2934 4900
327 339 818 420 Theologico-Politici
858 340 933 418 Cap.
954 340 991 403 X.
1197 352 1256 418 505

71 522 191 600 Hezrae)
228 519 425 597 Hierosoiime
460 517 682 592 dubitaverim,-
713 533 745 579 et
774 518 881 580 deinde
911 518 985 582 vers.
1020 531 1065 594 17.
1094 519 1257 596 Ianitores,

71 653 198 712 quorum
228 635 289 696 duo
320 632 408 694 etiam
438 632 468 692 in
498 630 622 692 Nehem.
651 648 716 707 cap.
741 645 786 692 11.
807 630 850 694 vs.
874 647 920 708 19.
941 645 1109 707 narrantur,
1135 630 1257 694 indicat.

70 749 163 831 Quod
184 745 328 821 ostendit,
347 745 404 805 hoa
424 742 516 803 libros
537 745 647 804 dudum
668 741 733 818 post
754 741 834 803 urhis
854 741 1110 803 reaedificationem
1130 741 1256 819 scriptos

70 855 166 918 fuisse.
206 855 353 917 Ceterum
373 855 410 916 dc
430 869 502 918 vero
524 855 683 915 eorundem
702 853 868 930 Scriptore,
888 855 984 931 deque
1004 870 1105 915 eorum
1124 854 1257 916 authori·

69 984 150 1045 tate,
171 967 319 1043 utilitate,
338 982 370 1028 et
391 966 522 1028 doctrina
529 1010 539 1043 ,
560 965 632 1026 nihil
653 963 723 1026 mihi
752 964 874 1028 constat.
904 965 969 1027 Imo
989 965 1141 1028 nonsatis
1161 966 1257 1029 mirari

69 1078 202 1158 possum,
223 1097 276 1141 cur
295 1078 371 1140 inter
391 1077 488 1140 sacros
509 1079 619 1154 recepti
640 1078 760 1139 fuerunt
780 1078 818 1138 ab
839 1076 893 1152 iis,
912 1076 964 1155 qui
974 1076 1078 1140 librum
1088 1077 1257 1156 sapientire,

68 1191 197 1266 Tohiae,
228 1207 259 1252 et
289 1191 436 1267 reliquos,
466 1188 517 1266 qui
538 1187 712 1269 Apocryphi
738 1188 892 1265 dicuntur,
912 1207 951 1249 ex
970 1207 1084 1250 canone
1103 1190 1257 1252 Sacrorum

69 1306 262 1367 deleverunt:
295 1303 442 1364 intentum
472 1315 569 1363 tamen
601 1319 661 1362 non
692 1301 733 1361 est
764 1319 865 1362 eorum
895 1301 1104 1363 authoritatem
1126 1304 1256 1382 elevare,

68 1415 138 1490 sed,
165 1413 404 1492 quondoquidem
432 1415 469 1475 ab
498 1413 634 1474 omnihus
663 1413 729 1474 sunt
751 1412 878 1490 recepti,
899 1431 952 1475 eos
972 1413 1060 1475 etiam
1081 1430 1115 1476 ut
1135 1432 1170 1476 ut
1190 1415 1257 1478 sunt

68 1527 216 1603 relinquo.

112 1636 214 1697 Psalmi
241 1637 356 1699 coileiii
377 1637 465 1698 etiam
485 1640 605 1699 fuerunt
626 1651 657 1699 et
677 1637 708 1699 in
730 1637 861 1716 quinque
882 1638 973 1701 libror
994 1638 1138 1716 dispertiti
1159 1641 1190 1702 in
1209 1643 1254 1704 sc·

68 1751 170 1810 cundo
191 1749 319 1826 tempio;
340 1767 405 1810 nam
425 1749 470 1810 Ps.
491 1749 539 1810 88.
561 1768 599 1810 ex
616 1749 748 1812 Philonia
768 1751 863 1831 Judaei
884 1749 1053 1812 testimonio
1073 1752 1255 1830 editurfuit,

69 1863 141 1922 dum
172 1863 239 1921 Rex
270 1860 444 1941 Jehojachin
472 1861 633 1923 Babiloniae
663 1861 693 1923 in
714 1881 828 1923 carcere
849 1865 989 1926 detentus
1009 1864 1104 1927 adhuc
1125 1881 1204 1942 erat,
1224 1883 1255 1928 et

69 1973 115 2034 Ps.
138 1973 186 2050 89.
206 1991 272 2034 cum
292 1973 369 2034 idem
390 1976 458 2036 Rex
478 1974 641 2035 libertatem
663 1977 789 2051 adeptus
809 1976 867 2052 est;
887 1995 943 2037 nec
962 1980 1051 2039 credo
1058 1980 1160 2055 ,quod
1170 1978 1254 2041 Philo

69 2085 130 2145 hoc
161 2104 288 2162 unquam
317 2085 449 2162 dixisset,
481 2085 531 2148 nisi
564 2089 612 2149 vel
638 2087 682 2148 sui
710 2087 852 2164 temporie
877 2105 997 2164 recepta
1016 2089 1120 2165 opinio
1142 2090 1256 2169 suisset,

70 2200 120 2261 vel
141 2200 177 2258 ab
199 2196 263 2259 aliis
283 2199 341 2260 fide
368 2199 464 2278 dignis
493 2200 656 2276 accepisset.
676 2200 836 2263 Proverbia
856 2201 1022 2264 Salomonis
1042 2206 1146 2265 eodem
1166 2204 1253 2265 etiam

70 2326 204 2386 ternpore
226 2311 347 2373 correcta
368 2310 450 2372 fuisse
471 2316 576 2389 cred0,
596 2315 645 2376 vel
665 2315 703 2374 ad
722 2312 872 2375 minimum
891 2329 1023 2391 tempore
1041 2315 1128 2396 Josiae
1146 2316 1256 2396 Regis,

69 2424 160 2500 idque
188 2423 255 2500 quia
276 2441 340 2499 cap.
361 2441 409 2503 24.
431 2423 473 2486 vs.
492 2425 546 2485 ult.
568 2423 692 2501 dicitur,
720 2427 791 2486 Haec
811 2430 898 2487 eriam
912 2428 987 2504 sont
1005 2428 1160 2489 Salomonis
1179 2431 1254 2490 Pro-

68 2536 174 2595 verbio
181 2579 191 2612 ,
223 2553 285 2614 quae
315 2537 525 2615 transtulerunt
554 2542 618 2597 viri
647 2540 761 2599 Hiskr'ae
790 2542 882 2615 Regis
912 2542 1003 2610 Judae.
1024 2543 1066 2603 At
1087 2542 1136 2603 hic
1155 2558 1253 2604 tacere

69 2666 187 2724 nequeo
216 2648 398 2710 Rabinorum
426 2649 592 2725 audaciam,
620 2650 671 2727 qui
691 2650 770 2712 hunc
795 2651 899 2713 librum
927 2672 992 2714 cunr
1018 2654 1188 2715 Ecclesiaste
1216 2674 1254 2717 ex

68 2778 182 2822 canone
203 2760 355 2822 Sacrorum
376 2761 511 2823 exclusos
532 2763 691 2839 volebant,
712 2779 744 2824 et
764 2782 830 2824 cum
850 2764 987 2843 reliquis,
1007 2765 1160 2844 quonjam
1181 2767 1253 2828 defi-

69 2877 222 2950 deramus,
248 2872 402 2936 custodire.
443 2874 535 2956 Quod
563 2874 697 2935 absolute
727 2873 875 2950 iecissent,
901 2874 953 2936 nih
982 2878 1114 2953 quaedam
1134 2877 1255 2952 reperis·

68 2987 132 3048 sent
162 2990 245 3063 ioca,
273 2986 325 3049 uhi
352 2988 400 3049 lex
428 2987 521 3049 Mosrs
542 2989 772 3049 commendatur.
812 2988 980 3049 Dolcndum
1001 2987 1084 3065 sane,
1105 2991 1188 3065 quod
1207 3008 1254 3051 res

69 3099 154 3160 sacrae
184 3115 215 3159 et
242 3098 361 3175 optimae
389 3101 427 3159 ab
455 3098 559 3160 horum
589 3098 731 3161 erectione
760 3100 962 3175 dependerint.
983 3099 1054 3176 ipsis
1074 3116 1170 3162 tamen
1190 3120 1253 3181 gro·

68 3212 168 3287 color,
198 3213 280 3287 quod
311 3210 367 3271 hos
396 3210 482 3271 etiam
514 3210 601 3272 nobis
632 3210 845 3273 communicare
876 3212 1052 3289 voluerunr;
1072 3231 1172 3274 verum
1193 3232 1254 3276 non

69 3324 183 3401 poisurn
205 3342 265 3386 non
286 3324 441 3400 dubitare,
463 3344 531 3386 num
553 3342 605 3385 eoo
626 3326 705 3386 bona
728 3343 794 3386 cum
815 3326 873 3386 fide
894 3324 1083 3402 tradiderint,
1104 3329 1186 3403 quod
1205 3327 1253 3387 hic

69 3440 106 3498 ad
126 3438 256 3499 severum
278 3454 398 3497 examen
421 3455 558 3499 revocare
580 3439 661 3498 nolo

109 3551 202 3629 Pergo
223 3549 313 3628 igitur
334 3551 370 3610 od
390 3549 481 3611 libros
502 3550 722 3626 Prophetarum.
751 3549 826 3611 Cum
854 3552 892 3611 ad
911 3549 967 3611 hos
988 3554 1127 3628 attendo,
1146 3552 1253 3629 video,

68 3660 259 3735 prophetias,
291 3678 356 3736 ‹puae
388 3660 418 3720 in
450 3660 487 3721 iia
518 3661 724 3738 continentur,
756 3680 793 3722 ex
814 3662 876 3723 aliis
896 3661 977 3724 libris
998 3664 1133 3725 collehas
1154 3662 1253 3738 fuitse3

68 3790 164 3847 neque
186 3770 216 3831 in
238 3769 316 3833 hisce
338 3775 442 3833 eodorn
465 3773 567 3834 ordine
588 3773 700 3850 semper
721 3773 860 3850 describi,
880 3793 940 3851 quo
961 3777 998 3835 ab
1016 3775 1084 3852 ipsis
1097 3775 1253 3851 Prophetis

69 3884 152 3943 diitae
184 3883 232 3943 ves
264 3882 377 3959 scriptae
409 3885 548 3960 fuerunt;
577 3904 673 3962 neque
706 3885 793 3946 etiam
825 3903 925 3947 omnes
953 3886 1114 3963 contineri,
1133 3887 1183 3949 sed
1203 3907 1252 3949 eas

69 4010 199 4069 tantum,
221 4012 294 4071 quas
322 3994 389 4055 hinc
411 3994 489 4056 illinc
519 3994 650 4057 invenire
671 4012 834 4073 potuerunt
845 4017 856 4087 ;¹
874 4014 962 4074 quare
984 3999 1014 4059 hi
1032 3998 1099 4060 libri
1118 4018 1179 4060 non
1200 4001 1252 4062 nist

68 4110 227 4187 fragmenta
255 4106 465 4183 Prophetarum
486 4107 563 4170 sunt.
583 4110 660 4170 Nam
681 4109 780 4172 Esaiae
801 4126 939 4190 regnante
960 4111 1057 4172 Huzia
1076 4111 1252 4189 prophetare

69 4217 196 4295 incepit,
228 4234 262 4279 ut
292 4218 456 4296 descriptor
487 4220 548 4297 ipse
580 4222 673 4299 primo
705 4222 791 4286 versu
820 4223 951 4285 testatur.
991 4225 1034 4285 At
1057 4242 1118 4313 nqn
1138 4239 1252 4288 tantum

69 4348 130 4397 turo
152 4332 294 4415 temporis
315 4333 523 4411 prophetavit,
545 4333 594 4397 sed
615 4334 732 4419 insuper
753 4355 855 4401 ornnes
874 4356 920 4402 rea
941 4339 978 4404 ab
998 4337 1057 4400 hoc
1067 4340 1149 4421 Rege
1160 4340 1253 4426 gestae
