2934 4900
315 321 815 406 Theologico·Politici
856 325 929 402 Cap.
950 323 1001 387 lX.
1192 341 1249 407 493

59 503 172 565 Genes.
193 523 257 580 cap.
280 505 327 581 36.
349 521 386 564 ex
408 502 450 566 vs.
472 519 519 580 ³¹·
540 501 566 578 *,
593 501 693 563 iisdem
715 499 804 562 etiam
824 499 922 562 verbis
942 498 973 560 in
992 497 1057 561 libr.
1083 516 1108 560 1.
1129 500 1251 576 Paralip.

62 634 132 690 cap.
157 631 182 674 1.
203 613 379 691 deducitur,
399 632 464 676 cum
485 629 581 676 tamen
602 612 690 690 hujus
709 611 776 673 libri
796 612 950 674 authorem
970 629 1022 688 ea,
1053 630 1119 688 quae
1138 625 1252 688 narrat,

65 747 108 790 ex
129 726 193 788 aliis
219 725 363 788 historicis
390 725 511 789 sumsrffe
532 727 661 803 constat,
682 743 742 787 non
761 742 833 788 vero
854 743 892 786 ex
912 723 959 784 his
978 725 1134 786 duodecim
1154 725 1252 802 libris,

66 859 147 918 quos
169 841 273 901 Hezrae
295 839 458 901 tribuimus.
479 840 576 924 Quare
596 857 657 901 non
678 837 800 900 dubium
821 834 878 914 est,
899 835 989 915 quin,
1009 835 1251 913 fiipsositabere-

59 971 130 1014 mus
158 951 330 1029 historicos,
360 970 406 1013 res
426 950 488 1028 ipsa
509 951 615 1013 direcie
636 943 801 1012 constaret:
823 950 872 1012 sed
892 950 961 1028 quia
981 949 1098 1027 iisdem,
1118 963 1153 1012 ut
1173 949 1252 1027 dixi,

62 1065 200 1127 destituti
228 1065 342 1141 somus,
370 1065 401 1126 id
421 1065 508 1126 nobis
535 1080 649 1126 tantum
676 1063 779 1140 restat,
799 1078 834 1124 ut
855 1062 931 1139 ipsas
951 1061 1084 1123 historiae
1106 1064 1253 1125 examine-

60 1195 148 1254 mus;
175 1194 280 1252 nempe
307 1191 404 1238 earum
433 1176 564 1238 ordinem
591 1191 622 1237 et
643 1175 876 1250 connexionem,
897 1173 1006 1239 variam
1027 1173 1253 1252 repetitionem,

62 1306 98 1351 et
125 1290 252 1367 denique
278 1289 308 1350 in
337 1307 477 1351 annorum
506 1287 728 1364 computatione
757 1286 997 1366 discrepantiam,
1019 1302 1053 1349 ut
1074 1289 1111 1348 de
1132 1287 1253 1364 reliquis

57 1401 195 1478 judicare
213 1401 357 1478 pofflmus.

107 1513 165 1574 Eas
191 1512 308 1590 itaque,
336 1514 384 1576 vel
411 1513 508 1575 saltem
536 1513 719 1590 praecipuas,
746 1514 978 1590 perpendamus;
1007 1527 1038 1575 et
1059 1513 1153 1589 primo
1173 1514 1251 1576 iliam

61 1627 151 1707 Judae
171 1641 201 1686 et
221 1626 342 1702 Tamus,
369 1643 455 1703 quam
477 1643 540 1702 cap.
562 1626 610 1703 38.
633 1624 739 1686 Genes.
760 1624 915 1686 historicus
937 1625 976 1686 {ic
996 1643 1110 1686 narrare
1130 1625 1251 1704 incipit,

65 1738 199 1813 Contigit
224 1750 319 1797 autem
338 1741 370 1796 in
389 1739 438 1798 illo
459 1749 597 1818 tempore,
617 1751 650 1798 ut
677 1739 771 1807 Iudas
790 1756 810 1798 a
823 1737 890 1814 suis
910 1737 1066 1815 fratribus
1085 1740 1252 1817 discederet.

63 1849 160 1930 Quod
187 1863 302 1925 tempus
329 1849 487 1911 neceiiario
516 1851 697 1911 referendum
719 1848 760 1909 est
781 1851 818 1910 ad
839 1848 919 1910 aliud
938 1849 980 1927 ·*,
1012 1851 1049 1910 de
1070 1867 1132 1927 quo
1152 1850 1251 1910 imme·

64 1961 148 2022 diate
178 1961 321 2037 loquutus
351 1958 408 2039 est;
440 1976 470 2022 at
501 1962 538 2023 ad
566 1961 613 2038 id,
645 1964 681 2024 de
711 1980 773 2039 quo
805 1961 835 2022 in
857 1962 933 2023 Gen.
955 1962 1120 2025 immediate
1142 1963 1252 2042 agitur,

66 2073 186 2134 minime
206 2074 304 2134 referri
325 2074 431 2151 potest.
452 2075 501 2135 Ab
521 2093 559 2136 eo
579 2073 672 2151 enim,
693 2091 797 2151 nempe
819 2093 917 2152 aquo
938 2074 1085 2158 Josephus
1094 2075 1125 2137 in
1136 2077 1251 2155 AEgyp-

67 2203 134 2248 tum
160 2189 264 2250 dudus
286 2185 361 2265 fuit,
381 2187 473 2265 usque
494 2204 554 2265 quo
574 2188 705 2269 Jacobus
726 2186 892 2248 Patriarcia
913 2206 979 2249 cum
1000 2203 1066 2250 tota
1086 2189 1194 2249 familia
1214 2206 1252 2250 eo

68 2300 157 2360 etiam
185 2299 335 2378 profectus
364 2299 422 2374 est,
449 2317 509 2360 non
538 2300 604 2375 plus
631 2316 717 2376 quam
746 2297 853 2379 viginti
881 2302 958 2361 duos
984 2317 1079 2362 annos
1106 2319 1252 2362 numerare

69 2409 235 2488 poiiumus;
266 2429 330 2473 nam
359 2410 523 2492 josephus,
555 2429 620 2472 cum
649 2411 823 2473 afratribus
843 2414 1036 2489 venderetur,
1056 2414 1253 2491 septendecim

70 2541 165 2585 annos
186 2539 273 2585 natus
294 2539 371 2600 erat,
401 2539 431 2585 et
452 2542 516 2585 cum
538 2542 554 2584 a
575 2522 724 2585 Pharaone
747 2542 764 2584 e
785 2524 948 2585 carceribus
968 2524 1068 2589 vocari
1085 2524 1254 2601 iuberetur,

70 2634 207 2713 triginta:
237 2633 345 2712 quibus
371 2634 392 2696 fi
421 2636 565 2697 addantur
593 2635 704 2711 septem
732 2635 801 2696 anni
831 2636 992 2698 fertilitatis
1020 2652 1052 2697 et
1071 2640 1132 2699 duo
1152 2638 1255 2714 famis,

70 2745 230 2808 conficient
255 2743 336 2809 fimul
365 2746 471 2825 viginti
492 2750 568 2810 duos
589 2766 691 2809 annos.
713 2746 824 2825 Atqui,
845 2746 903 2809 hoc
924 2747 1063 2826 temporis
1082 2748 1254 2827 intervallo,

71 2872 159 2917 nemo
186 2856 341 2934 concipere
369 2858 496 2935 poterit,
525 2874 574 2921 tot
601 2876 647 2921 res
675 2858 846 2938 contingere
870 2858 1006 2936 potuiiie.
1036 2862 1150 2937 Nempe
1171 2862 1254 2938 quod

70 2970 147 3051 Juda
168 2984 227 3030 tres
247 2970 355 3031 liberos
376 2988 414 3031 ex
433 2970 519 3033 unica
540 2988 650 3043 uxore,
672 2986 759 3048 quam
778 2987 842 3032 tum
861 2970 963 3047 duxit,
985 2986 1074 3032 unum
1091 2972 1156 3047 post
1166 2972 1254 3034 alium

71 3080 285 3159 procreaverir;
316 3100 441 3159 quorum
469 3083 560 3159 major
587 3098 676 3159 natu,
697 3082 748 3145 ubi
769 3100 821 3159 per
840 3096 956 3143 etatem
976 3081 1078 3160 licuit,
1097 3084 1205 3144 Tamar
1224 3080 1255 3145 in

69 3211 194 3256 uxorem
215 3194 317 3269 duxit,
336 3214 373 3256 eo
395 3213 467 3259 vero
489 3210 606 3256 mortuo
628 3195 773 3257 secundus
793 3212 856 3255 eam
866 3193 896 3255 in
908 3194 1124 3256 matrimonium
1134 3195 1256 3272 recepit,

71 3305 125 3382 qui
146 3306 231 3367 etiam
254 3304 345 3383 obiit;
366 3320 396 3367 et
417 3309 499 3383 quod
516 3308 626 3368 dudum
647 3305 800 3384 postquam
820 3306 883 3367 haec
903 3306 966 3367 acia
987 3305 1069 3383 sunt,
1090 3306 1151 3383 ipse
1160 3308 1254 3388 Judas

71 3435 139 3477 cum
167 3416 228 3494 ipsa
255 3436 330 3480 nuru
355 3419 463 3481 Tamat
489 3419 607 3499 ignarus
634 3437 692 3480 rem
721 3418 873 3496 habuerit,
900 3436 937 3479 ex
958 3437 1016 3496 qua
1037 3418 1142 3481 iterum
1163 3421 1238 3480 duos
1245 3465 1255 3497 ,

72 3546 134 3590 uno
163 3544 259 3591 tamen
287 3545 390 3607 partu,
417 3530 526 3591 liberos
553 3531 713 3609 acceperim
735 3550 860 3609 quorum
881 3532 968 3593 etiam
990 3550 1066 3593 unus
1086 3533 1161 3593 intra
1182 3550 1254 3609 prae·

72 3642 182 3704 didium
203 3657 319 3719 tempus
340 3644 433 3705 sacius
455 3642 496 3704 est
517 3662 631 3720 parens.
652 3644 727 3706 Cum
748 3644 839 3723 igitur
858 3644 920 3705 haec
942 3644 1039 3705 omnia
1060 3662 1120 3705 non
1138 3642 1257 3721 poiiunt

72 3754 172 3815 referri
193 3756 230 3815 ad
250 3754 322 3817 illud
343 3771 477 3832 tempus,
499 3758 535 3817 de
557 3774 618 3833 quo
640 3756 670 3817 in
691 3756 815 3834 Genefi,
835 3759 1017 3820 referendum
1038 3756 1195 3819 neceiiario
1216 3758 1257 3820 est

72 3870 110 3929 ad
141 3866 237 3943 aliud,
268 3868 304 3927 de
333 3884 394 3944 quo
425 3868 590 3930 immediate
622 3869 651 3930 in
684 3869 743 3931 alio
774 3870 850 3931 libro
882 3875 1036 3951 agebatur3
1070 3890 1104 3933 ac
1134 3872 1257 3949 proinde

73 3980 185 4041 Hezras
211 3978 287 4039 hanc
314 3978 401 4039 etiam
428 3978 573 4041 historiam
602 3978 768 4059 simpliciter
794 3982 958 4061 descripfir,
984 4002 1106 4061 eamque
1126 3986 1256 4046 nondum

74 4090 266 4152 examinatam
287 4088 406 4167 reliquis
434 4090 564 4154 inseruit.
604 4094 648 4154 At
670 4111 730 4156 non
752 4110 866 4157 tantum
886 4094 945 4157 hoc
965 4111 1072 4174 caput,
1093 4096 1143 4157 sed
1162 4110 1256 4159 totam
1354 4116 1357 4119 ’

109 4338 121 4363 ’
158 4336 206 4387 Ed.
222 4336 278 4386 ΡΜ
296 4350 336 4397 ‘30-
438 4338 466 4369 **
484 4334 526 4387 ef.
544 4336 639 4388 Autrot.
656 4340 727 4390 xm.
