2934 4900
188 331 251 392 606
665 326 906 395 Tractatus

188 503 321 580 trionem,
342 521 427 580 quam
448 520 570 580 propter
589 505 711 582 fastum,
733 509 815 583 quod
836 507 905 567 talia
918 504 1032 582 judicia
1051 505 1387 584 involvunt3videlicet

189 615 259 692 quia
285 635 323 677 co
350 615 432 692 ipso,
459 618 541 693 quod
567 617 625 676 tale
652 616 725 693 quid
752 618 857 694 sentit,
881 619 967 680 sidem
987 617 1103 680 summae
1123 618 1264 694 potestati
1286 616 1384 679 tacite

187 729 236 790 vel
256 727 385 804 expresse
405 729 503 790 datam
522 727 622 791 solvit.
650 729 696 790 Ac
717 730 841 805 proinde
863 748 976 792 caeterae
999 731 1171 808 opiniones,
1194 749 1261 808 quae
1283 733 1384 792 adum

187 857 248 901 non
276 840 453 917 involvunt,
480 859 584 916 nempe
611 841 780 918 ruptionem
803 842 1094 920 praenuntietur,
1115 843 1384 920 iram,etc.,sedi-

188 951 272 1014 tiosae
293 970 354 1014 non
375 953 443 1014 sunt
450 997 460 1028 ,
479 951 532 1012 nili
553 953 632 1014 forte
653 953 683 1014 in
706 953 873 1030 Republica
895 954 993 1032 aliqua
1013 955 1129 1016 ratione
1149 971 1307 1032 corrupta;
1329 955 1383 1016 ubi

189 1062 299 1125 scilicet
324 1063 530 1141 superstitiosi,
557 1081 588 1126 et
614 1065 777 1142 ambitiofi,
804 1067 855 1143 qui
883 1067 1028 1147 ingenuos
1056 1069 1129 1129 ferre
1150 1083 1322 1146 nequeunt,
1344 1070 1381 1128 ad

189 1190 300 1236 tantam
330 1176 457 1238 nominis
487 1178 590 1238 famam
621 1192 838 1256 pervenerunt,
865 1196 898 1242 ut
925 1183 1004 1257 apud
1035 1182 1149 1258 plebem
1180 1182 1248 1258 plus
1280 1182 1381 1244 valeat

189 1307 307 1366 eorum,
327 1309 414 1366 quam
434 1290 605 1353 summarum
625 1291 804 1368 potestatum
826 1293 1007 1372 authoritas;
1029 1313 1084 1355 nec
1105 1309 1202 1356 tamen
1220 1312 1379 1373 negamus,

190 1399 326 1478 quasdam
358 1418 497 1478 praeterea
527 1402 584 1465 esse
615 1403 794 1482 sententias,
825 1424 908 1483 quae,
940 1406 1075 1484 quamvis
1106 1405 1272 1482 simpliciter
1302 1407 1377 1466 circa

188 1532 290 1577 uerum
311 1529 342 1575 et
361 1514 463 1576 falsum
484 1515 589 1578 versari
610 1517 782 1591 videantur,
803 1517 907 1596 iniquo
928 1533 1027 1579 tamen
1049 1517 1146 1580 animo
1166 1535 1378 1594 proponuntur

190 1641 221 1687 et
241 1627 438 1706 divulgantur.
479 1629 589 1690 Verum
616 1629 668 1691 has
697 1629 786 1691 etiam
806 1630 879 1708 Cap.
904 1642 949 1706 15.
967 1631 1027 1707 J'am
1049 1629 1327 1704 determinavimus,
1347 1645 1376 1690 at

189 1737 247 1816 ita,
267 1754 302 1801 ut
322 1740 414 1801 Ratio
435 1739 625 1803 nihilominus
651 1741 742 1802 libera
770 1741 915 1804 manserit.
957 1741 1089 1825 Quodsi
1111 1741 1239 1819 denique
1260 1744 1300 1803 ad
1321 1741 1377 1801 hoc

189 1851 277 1915 etiam
297 1857 495 1931 attendamus,
515 1857 597 1931 quod
616 1855 689 1916 fides
709 1853 938 1932 uniuscujusque
959 1871 1025 1933 erga
1044 1853 1377 1931 Rempubsicam,ficuti

190 1983 258 2044 erga
283 1966 396 2042 Deum,
422 1983 460 2026 ex
488 1964 557 2027 solis
584 1965 724 2042 operibus
753 1966 892 2045 cognosci
913 1966 1028 2044 potest,
1049 1985 1152 2043 nempe
1173 1985 1210 2026 ex
1232 1966 1377 2027 charitate

191 2095 257 2157 erga
278 2077 460 2154 proximum,
481 2096 664 2156 nequaquam
685 2078 820 2140 dubitare
842 2077 1105 2156 poterimus,quin
1127 2079 1237 2155 optima
1259 2077 1377 2153 Respu-

190 2192 267 2252 blica
297 2190 457 2268 unicuique
489 2195 609 2253 eandem
639 2190 869 2268 philosophandi
900 2191 1065 2252 libertatem
1096 2195 1258 2269 concedat,
1290 2209 1378 2268 quam

190 2303 290 2366 Fidem
322 2303 483 2380 unicuique
513 2306 674 2365 concedere
705 2303 894 2365 ostendimus.
934 2303 1080 2381 Equidem
1111 2304 1223 2379 fateor,
1255 2323 1295 2364 ex
1325 2305 1377 2364 tali

188 2416 323 2480 libertate
353 2417 539 2479 incommoda
570 2419 701 2495 quaedam
733 2417 892 2495 aliquando
925 2416 1010 2493 oriri;
1031 2435 1133 2481 verum
1154 2417 1224 2495 quid
1246 2435 1376 2494 unquam

190 2546 249 2593 tam
269 2531 414 2608 sapienter
434 2530 598 2592 institutum
618 2531 691 2607 fuit,
711 2546 745 2592 ut
763 2530 835 2591 nibil
853 2529 920 2591 inde
941 2528 1119 2591 incommodi
1137 2528 1206 2590 orin'
1223 2530 1376 2606 potuerit?

190 2646 251 2729 Qui
271 2646 368 2708 omnia
387 2644 502 2725 legibus
523 2644 712 2706 determinare
733 2645 816 2719 vult,
837 2643 910 2705 vitia
931 2641 1057 2703 irritabit
1077 2641 1180 2718 potius
1201 2660 1289 2719 quam
1310 2660 1375 2703 cor-

188 2762 273 2842 riget.
313 2763 387 2845 Quae
409 2759 557 2837 prohiberi
579 2774 748 2837 nequeunt,
770 2756 926 2819 necessario
947 2758 1136 2819 concedenda
1157 2755 1241 2833 sunt,
1261 2756 1375 2818 tametsi

189 2872 257 2935 inde
287 2873 363 2951 saepe
394 2876 529 2935 damnum
560 2871 705 2948 sequatur.
746 2871 831 2953 Quot
863 2869 939 2931 enim
970 2870 1043 2929 mala
1071 2887 1108 2928 ex
1135 2869 1224 2945 luxu,
1245 2867 1376 2944 invidia,

189 2984 328 3061 avaritia,
349 2984 509 3060 ebrietate,
530 2998 561 3044 et
581 2981 645 3043 aliis
672 2980 812 3043 similibus
841 2980 1001 3043 oriuntur?
1022 2982 1156 3043 feruntur
1175 2997 1273 3042 tamen
1294 2981 1375 3057 haec,

190 3097 259 3174 quia
285 3096 408 3173 imperio
434 3097 530 3174 legum
559 3094 706 3171 prohiberi
735 3110 903 3171 nequeunt,
932 3095 1066 3171 quamvis
1086 3112 1185 3159 revera
1206 3094 1281 3157 vitia
1302 3092 1375 3168 fint;

190 3226 279 3285 quare
299 3208 393 3268 multo
413 3207 504 3286 magis
520 3205 626 3282 judicii
645 3206 764 3267 libertas
786 3207 909 3267 concedi
931 3207 1112 3282 debet,quae
1132 3204 1375 3282 profectovirtus

187 3320 244 3396 cst,
275 3338 329 3381 nec
360 3318 485 3397 opprimi
517 3318 623 3396 potest.
664 3319 768 3395 Adde,
800 3321 882 3395 quod
910 3319 988 3379 nulla
1008 3337 1045 3380 ex
1066 3321 1166 3380 eadem
1187 3319 1375 3379 incommoda

187 3431 334 3507 oriuntur,
356 3450 421 3509 quae
443 3449 504 3492 non
525 3431 631 3507 poffint
652 3429 817 3508 (utstatim
839 3430 1002 3511 ostendam)
1026 3430 1206 3493 authoritate
1227 3429 1374 3509 magistra·

186 3560 269 3606 tuum
291 3544 394 3620 vitari;
415 3558 450 3606 ut
467 3542 527 3620 jam
548 3558 678 3618 taceam,
698 3544 781 3620 quod
802 3542 865 3604 haec
886 3543 1005 3604 libertas
1027 3543 1157 3619 apprime
1169 3540 1320 3605 necessaria
1332 3542 1374 3603 est

188 3660 225 3718 ad
246 3656 381 3717 scientias
402 3669 432 3716 et
453 3672 529 3717 artes
550 3658 798 3732 promovendum
815 3674 880 3716 nam
900 3657 945 3717 hae
967 3658 1002 3717 ab
1024 3655 1059 3716 iis
1080 3670 1194 3716 tantum
1215 3654 1294 3715 felici
1307 3673 1372 3716 cum

188 3764 315 3831 successu
326 3769 540 3846 coluntur,qui
547 3768 690 3846 judicium
701 3768 824 3830 liberum
836 3785 865 3831 et
876 3769 992 3831 minime
1003 3784 1242 3847 praeoccupatum
1252 3767 1372 3830 habent.

227 3882 270 3941 At
290 3896 429 3956 ponatur,
448 3879 523 3941 hanc
543 3879 706 3942 libertatem
727 3880 871 3958 opprimi,
893 3895 923 3943 et
943 3880 1259 3943 hominesitaretineti
1276 3876 1372 3957 posse,

189 4008 222 4054 ut
243 3989 315 4054 nihil
335 3994 438 4055 mutire
461 3995 604 4071 audeant,
632 3994 683 4055 nist
711 4012 748 4054 ex
776 3994 945 4070 praescripto
977 3994 1147 4055 summarum
1176 3993 1372 4071 potestatum,

188 4102 246 4167 hoc
274 4108 408 4183 profesto
437 4126 585 4185 nunquam
613 4108 679 4183 fiet,
706 4122 741 4167 ut
768 4106 841 4167 nihil
869 4107 971 4185 etiarn,
999 4106 1051 4168 nist
1078 4107 1150 4184 quid
1171 4106 1239 4183 ipsae
1261 4106 1371 4182 velint,
1458 4136 1459 4151 ι

188 4217 337 4295 cogitent:
360 4233 449 4294 atque
471 4222 545 4280 adeo
568 4217 723 4278 necessario
745 4218 923 4297 sequeretur,
934 4235 969 4280 ut
979 4219 1113 4281 homines
1135 4217 1270 4296 quotidie
1292 4216 1371 4279 aliud

187 4327 344 4405 sentirent,
365 4329 443 4389 aliud
463 4330 672 4407 loquerentur,
699 4346 728 4391 et
757 4330 971 4409 consequenter
990 4348 1025 4393 ut
1046 4333 1134 4408 sides,
1156 4330 1185 4391 in
1205 4330 1370 4406 Republica
