2934 4900
370 338 426 401 De
466 336 695 401 Libertate
736 333 930 401 Humana.
1185 340 1245 415 269

458 531 851 577 DEMONSTRATIO.

98 646 256 728 Quatenus
276 644 364 705 Mens
384 644 554 720 praesentem
575 642 618 705 sui
639 642 781 719 Corporis
802 641 983 703 existentiam
1005 642 1137 718 concipit
1144 657 1245 716 ,eate-

62 774 115 817 nus
144 755 330 818 durationem
359 754 508 831 concipit,
536 774 601 833 quae
623 770 755 831 tempore
776 753 961 815 determinari
982 754 1094 831 potest,
1115 768 1145 815 et
1166 768 1245 815 eate-

63 885 115 927 nus
137 880 252 928 tantum
273 866 437 943 potentiam
458 866 546 929 habet
567 866 754 943 concipiendi
775 885 820 927 res
841 884 908 927 cum
929 866 1070 927 relatione
1082 867 1119 926 ad
1129 881 1245 942 tempus

63 978 132 1057 (per
155 980 244 1059 Prop.
265 996 314 1040 21.
335 978 422 1055 husos
441 994 469 1040 et
488 980 577 1059 Prop.
599 982 648 1041 26.
664 992 696 1059 p.
715 979 770 1058 m).
810 980 853 1039 At
874 978 1021 1040 eternitas
1041 997 1094 1055 pcr
1114 978 1246 1039 duratio·

62 1108 124 1150 nem
148 1091 286 1167 explicari
307 1091 410 1168 nequit
432 1092 504 1171 (per
522 1091 618 1171 Defin.
641 1092 668 1152 8.
686 1104 718 1171 p.
733 1108 759 1151 1.
780 1104 808 1150 et
827 1090 915 1171 ipfius
935 1090 1145 1169 explicatum).
1165 1090 1244 1169 Ergo

63 1204 151 1263 Mens
171 1219 292 1265 eatenus
313 1204 487 1282 potestatem
509 1204 679 1265 nonhabet
700 1202 887 1281 concipiendi
908 1222 953 1263 res
973 1202 1026 1264 sub
1047 1200 1143 1278 specie
1162 1218 1245 1263 aeter·

65 1315 181 1392 nitatis,
209 1316 258 1377 sed
285 1316 354 1393 quia
382 1320 418 1379 de
445 1334 548 1379 tratura
577 1315 715 1379 Rationis
737 1317 798 1392 est,
818 1333 863 1377 res
884 1315 936 1377 sub
958 1314 1053 1393 specie
1074 1314 1247 1376 aetemitatis

65 1430 219 1505 concipere
251 1429 322 1509 (per
342 1447 370 1490 2.
393 1430 497 1491 Coroll.
521 1432 611 1510 Prop.
632 1450 681 1511 44
697 1444 729 1509 p.
752 1430 813 1508 2.),
843 1444 873 1489 et
905 1429 941 1490 ad
973 1428 1085 1489 Mentis
1115 1443 1246 1489 naturam

64 1540 149 1599 etiam
170 1540 319 1616 pertinet,
340 1540 481 1618 Corporis
503 1540 650 1603 effentiam
678 1541 730 1602 sub
760 1540 855 1617 specie
886 1538 1058 1601 aternitatis
1090 1537 1246 1615 concipere

66 1651 234 1733 (perProp.
246 1652 420 1733 ephesus),
440 1670 472 1716 et
492 1670 597 1730 praeter
617 1654 679 1715 haec
701 1656 761 1716 duo
784 1653 855 1715 nihii
877 1652 956 1715 aliud
974 1654 1011 1713 ad
1028 1651 1140 1713 Mentis
1157 1648 1247 1711 effen·

65 1762 132 1823 tiaru
153 1766 283 1841 pertinet
305 1766 377 1845 (per
397 1768 485 1846 Prop.
510 1782 555 1843 13.
572 1779 604 1846 p.
626 1766 687 1845 2.);
719 1765 799 1845 Ergo
819 1764 882 1825 haec
903 1764 1037 1841 potentia
1059 1761 1247 1838 concipiendi

64 1895 106 1937 res
134 1876 187 1937 sub
216 1877 311 1953 specie
339 1879 512 1940 aeternitatis
540 1882 577 1940 ad
606 1880 739 1939 Mentem
768 1896 828 1939 noo
858 1876 1003 1953 pertinet,
1029 1874 1081 1935 nin
1102 1890 1248 1951 quatenus

66 1986 206 2063 Corporis
227 1987 373 2050 essentiam
395 1988 447 2051 iub
469 1988 564 2066 specie
587 1989 760 2051 aeternitatis
781 1987 922 2064 concipit.
965 1988 999 2063 Q.
1020 1988 1057 2048 E.
1077 1988 1118 2047 D.

533 2166 787 2210 senorium.
1080 2218 1084 2228 q

105 2262 166 2321 Res
187 2262 305 2323 duobus
325 2262 420 2323 modis
441 2281 456 2323 a
478 2262 564 2323 nobis
585 2277 618 2323 nt
640 2264 766 2323 astuales
787 2260 1010 2337 concipiuntur:
1032 2260 1080 2322 vel
1101 2274 1247 2336 quatenus

68 2371 176 2432 cosdem
199 2390 263 2433 cum
285 2373 427 2434 relatione
449 2376 484 2436 ad
507 2390 617 2435 certum
638 2389 756 2450 tempus
778 2388 808 2433 et
829 2374 927 2434 locum
948 2371 1085 2446 existere,
1108 2372 1153 2433 vei
1175 2388 1246 2446 qua·

69 2501 150 2544 tenus
178 2485 255 2561 ipsas
283 2486 312 2546 in
340 2487 406 2548 Deo
435 2487 597 2562 contineri,
619 2501 649 2548 et
671 2505 707 2546 ex
729 2501 839 2546 naturae
861 2484 969 2546 divinae
991 2484 1155 2543 necestitate
1175 2500 1247 2542 con·

68 2595 145 2672 scqui
165 2597 357 2674 concipimus.
377 2599 452 2681 Quae
473 2614 570 2661 autem
591 2600 649 2659 hoc
672 2597 801 2660 secundo
823 2600 913 2658 modo
935 2611 969 2657 ut
990 2613 1066 2657 verae
1087 2592 1137 2655 seu
1158 2595 1248 2654 reales

68 2709 288 2788 concipiuntur,
315 2731 363 2774 eas
392 2714 444 2774 sub
473 2712 645 2776 eternitatis
665 2710 763 2787 specie
785 2709 984 2785 concipimus,
1005 2724 1036 2768 et
1057 2725 1153 2767 earum
1175 2705 1248 2766 ideae

70 2837 200 2884 eternam
232 2839 262 2884 et
293 2825 434 2885 infinitam
465 2825 521 2886 Dei
553 2823 700 2884 effentiam
722 2823 900 2897 involvunt,
920 2836 953 2882 ut
974 2818 1178 2894 Propoiitione
1198 2829 1248 2896 45.

71 2933 159 2996 Partis
180 2953 208 2996 2.
231 2936 424 3014 ostendimus,
445 2936 530 3013 cujus
551 2935 639 2998 etiam
660 2935 811 2996 Scholium
833 2933 910 2997 vide.

390 3119 755 3181 ·PROPOSlTlO
795 3116 888 3176 XXX.

110 3245 194 3304 Mens
214 3245 326 3324 nostro,
348 3261 487 3324 quatenos
502 3249 538 3324 fl:
557 3261 585 3308 ct
607 3248 718 3326 Corpus
731 3246 792 3322 sub
809 3246 983 3306 aternitatis
994 3243 1091 3322 specie
1100 3240 1250 3316 cognoscit,

73 3367 182 3416 eotenus
200 3357 261 3418 Dei
278 3363 462 3434 cognitionem
482 3360 632 3440 necefforio
653 3357 757 3434 habet,
771 3359 887 3435 scitque
900 3357 936 3434 se
955 3360 987 3415 in
1006 3354 1067 3415 Deo
1088 3354 1138 3434 effe
1152 3366 1180 3414 et
1192 3364 1250 3432 pet

75 3465 159 3527 Deum
179 3473 294 3548 concipi.

468 3568 862 3638 nemonsrnnrro

109 3661 272 3721 AEternitas
292 3662 332 3723 cst
352 3661 412 3738 ipsa
433 3662 490 3723 Dei
511 3661 647 3740 cisentia,
668 3677 814 3740 quatenus
836 3662 899 3723 haec
920 3657 1099 3722 necessariam
1120 3655 1250 3719 involvit

77 3769 249 3834 existentiam
280 3772 351 3854 (per
380 3775 475 3854 Defin.
508 3776 535 3836 8.
563 3791 595 3856 p.
627 3776 677 3854 1.).
698 3777 760 3836 Res
780 3751 941 3854 igitur’sub
962 3771 1057 3848 specie
1077 3768 1250 3830 aeternitatis

77 3884 242 3961 concipere,
272 3886 313 3947 est
343 3905 389 3948 res
421 3888 594 3966 concipere,
625 3903 771 3964 quatenus
800 3905 851 3963 per
870 3885 928 3947 Dei
949 3882 1095 3945 eiientiam
1117 3897 1150 3943 ut
1170 3880 1249 3941 entia

77 3996 153 4057 realia
171 3997 397 4075 concipiuntur,
413 3998 473 4063 five
491 4015 636 4076 quatenus
655 4017 706 4076 per
721 3997 780 4060 Dei
798 3996 945 4060 eiientiam
955 3995 1114 4060 involvunt
1126 3990 1249 4053 existen-

78 4103 155 4184 tiam;
175 4110 309 4186 adeoque
330 4111 417 4172 Mens
438 4110 549 4188 nostra,
571 4126 717 4188 quatenus
739 4109 767 4171 se
788 4125 819 4171 et
839 4108 956 4184 Corpus
976 4105 1029 4169 sub
1049 4104 1147 4182 specie
1166 4117 1249 4165 aeter-

79 4217 171 4281 nitatis
189 4221 335 4300 concipit,
352 4240 474 4286 eatenus
491 4223 548 4286 Dei
567 4223 767 4303 cognitionem
786 4221 940 4284 necessario
950 4217 1181 4295 habet,scitque
1192 4233 1249 4276 etc.

81 4331 109 4408 Q.
129 4335 164 4394 E.
183 4337 224 4397 D.
