2934 4900
355 529 997 647 PRAEFATIO.

131 831 144 885 i
170 826 293 887 homines
319 846 366 888 res
390 846 481 889 ornnes
502 832 578 906 suas
602 844 678 890 certo
699 830 808 909 confilio
829 850 930 908 regere
945 834 1069 913 pollent,
1089 838 1139 894 uel
1151 835 1178 913 fi
1191 835 1259 912 sor·

77 846 202 995 Stura
228 934 296 1014 ipsts
319 937 464 1014 prospera
483 937 600 1015 semper
620 935 719 1013 foret,
750 939 830 997 nulla
853 940 1056 1019 superstitione
1086 957 1260 1004 tenerentur.

75 1048 135 1106 Sed
160 1051 292 1124 quoniam
321 1067 351 1107 eo
375 1048 454 1126 sape
484 1048 683 1126 angustiarum
715 1051 899 1127 rediguntur,
931 1066 964 1111 ut
990 1052 1129 1131 confilium
1153 1056 1260 1115 nullum

75 1158 197 1234 adferre
217 1173 338 1236 queant,
358 1174 387 1219 et
402 1160 570 1238 plerumque
589 1160 623 1219 ob
641 1164 754 1221 incerta
769 1160 900 1237 fortuna
919 1163 1008 1241 bona,
1034 1183 1095 1243 que
1107 1165 1168 1245 ſsne
1184 1169 1260 1227 modo

76 1276 210 1351 capiunt,
233 1277 312 1334 inter
330 1276 412 1352 spem
438 1287 594 1351 metamque
613 1276 717 1350 misere
732 1274 898 1350 dodanum
917 1279 978 1337 ideo
997 1282 1125 1339 animam
1143 1294 1177 1339 at
1192 1283 1259 1360 plu-

76 1387 181 1443 rimum
204 1386 247 1444 ad
269 1386 386 1461 quiduis
411 1386 578 1444 credendum
599 1386 792 1467 pronrffimum
817 1385 943 1460 liabent3
969 1392 1021 1465 qui
1039 1390 1105 1448 dum
1125 1394 1156 1449 in
1176 1391 1260 1450 dubio

74 1497 130 1573 est,
143 1494 235 1572 facili
253 1511 384 1557 momento
409 1495 465 1556 leuc
489 1510 576 1575 atque
595 1498 664 1557 illuc
679 1499 812 1577 pellitur,
833 1514 861 1559 et
880 1502 966 1559 multo
980 1500 1104 1577 facilius
1124 1505 1189 1563 dum
1203 1506 1260 1583 spe

74 1624 103 1669 et
132 1623 207 1669 meta
237 1614 367 1685 agitatus
397 1608 505 1685 haret,
530 1609 687 1688 prafidens
718 1613 808 1687 alias,
833 1611 1042 1688 satiabundus,
1069 1633 1104 1673 ao
1124 1617 1257 1675 tumidus.

74 1721 174 1799 Atque
202 1720 263 1782 dno
292 1725 427 1781 neminem
456 1726 594 1797 ignorare
624 1722 765 1801 existimo,
797 1727 929 1799 quamuis
955 1726 1107 1804 plerosque
1126 1728 1162 1804 se
1181 1727 1258 1806 ipsos

71 1838 213 1909 ignorare
231 1835 362 1893 credam:
381 1852 458 1893 nemo
479 1837 552 1893 enim
571 1838 650 1894 inter
670 1832 794 1894 homines
815 1838 860 1894 ita
880 1838 976 1912 uixit,
994 1841 1044 1914 qui
1063 1857 1117 1897 non
1137 1841 1258 1915 uiderit,

70 1946 221 2025 plerosque
240 1949 272 2005 in
293 1946 377 2005 rebus
393 1930 562 2025 prosperis,
582 1945 632 2023 etfi
651 1947 850 2028 inoperitrffmi
859 1945 934 2025 ſsnt,
948 1949 1255 2028 sapientiaitaabun-

73 2055 161 2134 aare,
188 2070 222 2117 ut
243 2057 302 2135 fibi
320 2058 461 2133 insuriam
477 2057 547 2136 fieri
565 2059 701 2134 credant,
718 2057 746 2136 β
766 2062 831 2137 quis
851 2062 890 2117 iis
910 2058 1051 2137 confilium
1071 2062 1143 2121 dare
1164 2064 1256 2135 uelit,-

72 2174 104 2229 in
125 2169 254 2247 aduersis
273 2183 385 2243 autem,
405 2188 458 2246 quo
473 2171 509 2246 se
529 2184 663 2245 uertant,
683 2171 810 2248 nescire,
830 2184 858 2230 et
878 2170 1017 2247 confilium
1037 2172 1076 2231 ab
1094 2191 1256 2251 unoquoque

64 2280 211 2359 supplices
227 2292 341 2358 petere,
362 2298 411 2338 neo
430 2280 519 2337 ullam
539 2292 599 2338 tam
618 2282 745 2357 ineptam
766 2292 879 2356 tamque
898 2279 1056 2356 absurdum
1076 2295 1128 2341 aut
1148 2301 1255 2342 uanum

69 2393 173 2452 audire
179 2436 189 2467 ,
220 2393 296 2470 quod
322 2411 376 2452 non
400 2394 574 2469 sequantur.
613 2391 724 2451 Deinde
755 2378 896 2472 leuiffimis
921 2395 1007 2452 etiam
1027 2392 1061 2453 de
1084 2392 1174 2473 oaafis
1188 2395 1254 2470 jam

68 2505 187 2564 meliora
200 2507 344 2584 sperare,
364 2505 469 2581 rursus
489 2506 635 2564 deteriora
656 2508 775 2576 timere;
790 2502 817 2582 fi
837 2506 910 2581 quid
926 2509 1016 2580 enim,
1037 2507 1104 2566 dunt
1127 2510 1160 2566 in
1180 2522 1255 2568 metu

67 2618 238 2694 versantur,
267 2622 429 2693 contingere
457 2619 574 2690 uident,
605 2618 682 2693 quod
709 2637 753 2676 eos
780 2621 930 2695 preteriti
960 2618 1083 2693 alicujus
1114 2618 1180 2678 boni
1205 2621 1256 2680 uel

65 2731 139 2789 maii
161 2748 293 2790 memores
318 2732 427 2805 reddit,
452 2731 487 2789 id
509 2732 617 2789 exitum
641 2742 694 2790 aut
711 2729 827 2806 felicem
847 2742 899 2788 aut
918 2727 1059 2804 infelicem
1082 2729 1253 2791 obnuntiare

61 2855 188 2920 putant,
209 2845 283 2920 quod
296 2855 469 2923 propterea,
491 2845 624 2919 quamuis
645 2845 748 2901 centies
760 2841 875 2918 sallat,
889 2840 1020 2921 faustum
1035 2843 1084 2902 uel
1095 2841 1251 2922 infaustum

65 2970 144 3011 omen
163 2966 276 3012 uocant.
306 2954 339 3012 Si
358 2955 432 3031 quid
444 2966 534 3032 porro
554 2955 700 3030 insolitum
718 2971 825 3030 magna
845 2973 905 3014 cum
926 2955 1116 3014 admiratione
1135 2957 1249 3031 uident,

62 3064 99 3122 id
111 3064 278 3141 prodigiam
307 3065 359 3143 effe
388 3068 524 3142 credunt,
555 3067 634 3143 quod
657 3067 782 3127 Deorum
809 3080 861 3126 aut
884 3067 993 3144 summi
1013 3068 1152 3127 Numinis
1171 3069 1250 3126 iram

62 3176 189 3250 indicat,
210 3177 336 3253 quodque
355 3177 423 3235 adeo
444 3175 542 3256 ltostiis
560 3191 588 3238 et
604 3181 680 3238 uotis
700 3197 755 3238 non
770 3183 872 3257 piare,
894 3177 977 3254 nefas
1000 3159 1107 3239 liabent
1126 3178 1250 3239 homines

55 3285 259 3364 superstitioni
282 3285 397 3346 obnoxii
422 3302 450 3349 et
478 3291 613 3364 religioni
637 3289 772 3368 adt·erfi‚·
795 3309 910 3368 eumque
935 3291 1107 3350 admodum
1133 3290 1250 3369 infinita

58 3395 189 3472 fingunt,
210 3412 239 3457 et
259 3397 338 3477 quast
359 3413 420 3460 tota
441 3401 565 3461 Natura
585 3419 645 3460 essm
664 3401 734 3481 ipfis
753 3403 912 3480 insaniret,
933 3405 1047 3463 eandem
1067 3405 1151 3462 miris
1160 3405 1249 3462 modis

59 3510 306 3587 interpretantur.
334 3511 403 3570 Cum
423 3515 520 3587 igitar
540 3511 600 3572 leae
620 3517 665 3573 ita
679 3511 745 3591 sese
766 3512 905 3590 habeant,
927 3527 986 3574 tum
1002 3517 1148 3593 praoipne
1167 3516 1247 3574 uide·

59 3636 137 3694 moes,
162 3638 206 3677 eos
230 3624 307 3680 omni
323 3622 540 3700 superstitionis
563 3628 665 3699 generi
689 3625 885 3706 addiiirffirnos
904 3625 971 3704 effe,
991 3629 1042 3702 qui
1061 3629 1174 3686 inserta
1188 3624 1248 3703 fine

59 3732 138 3789 modo
157 3735 290 3811 cupiunt,
310 3735 456 3812 omnesque
477 3749 536 3795 tum
556 3739 693 3813 maxime,
715 3755 776 3796 cum
790 3738 905 3815 scilicet
921 3740 953 3796 in
968 3738 1107 3816 periculis
1125 3738 1246 3813 uersan-

61 3855 122 3918 tur‚
142 3857 170 3902 et
185 3842 244 3921 fibi
261 3846 372 3905 auxilio
393 3846 445 3926 effe
464 3861 621 3924 nequeant,
641 3851 718 3907 uotis
728 3863 757 3908 et
766 3845 917 3908 lachrimis
937 3847 1123 3908 muliebribus
1143 3850 1246 3907 diuina

61 3955 176 4014 auxilia
202 3958 375 4035 implorare,
399 3973 426 4018 et
446 3961 600 4021 Rationem
621 3961 706 4039 (quia
726 3964 768 4022 ad
785 3980 881 4036 uana,
903 3978 965 4038 qua
986 3915 1118 4050 cuffiam,
1140 3975 1247 4021 certam

60 4068 141 4124 uiam
176 4067 315 4146 ostendere
352 4072 464 4150 nequit)
504 4089 605 4132 cacam
638 4074 803 4152 appellare,
839 4071 1046 4150 humanamque
1070 4072 1247 4152 sapientiam

60 4194 187 4249 uanam‚·
212 4193 239 4238 et
264 4194 365 4240 contra
390 4186 608 4258 imaginationis
633 4187 756 4262 deliria,
776 4187 906 4262 sonnio,
932 4199 959 4245 et
976 4187 1103 4264 pueriles
1122 4188 1248 4264 ineptias

59 4288 163 4348 diuina
182 4290 321 4369 responsa
343 4296 473 4370 credere,
493 4301 547 4355 imo
566 4300 659 4358 Deum
673 4300 822 4376 sapientes
843 4297 996 4374 aversari,
1014 4309 1041 4356 et
1052 4298 1112 4372 sua
1133 4299 1247 4356 decreta

1113 4404 1147 4454 24
