2934 4900
240 342 299 403 370
556 326 695 385 Tract.
737 324 1102 385 Theoi-Pontici

238 520 293 561 nan
313 505 414 575 menti,
427 502 486 578 sed
499 501 636 579 pecudum
653 500 740 578 fibris
759 499 948 579 inseripfiffe,
969 500 1018 558 uel
1037 501 1132 559 eadem
1146 499 1263 577 stultos,
1284 498 1425 574 vesanas,

238 629 266 675 et
289 633 359 674 aues
383 616 481 674 diuino
505 612 605 693 afflatu
630 628 657 673 et
680 612 813 691 insinliu
833 615 1000 692 predicere.
1048 614 1171 673 Tantum
1192 616 1278 672 timor
1298 609 1427 673 nomines

235 725 366 802 insanire
383 725 472 801 facit.
514 726 611 804 Causa
634 730 751 802 itaque,
777 744 797 784 a
823 744 881 801 qua
900 725 1069 804 superstitio
1094 728 1200 799 oritur,
1221 725 1427 799 conservatur,

235 852 263 899 et
275 837 408 913 fovetur,
427 850 516 897 metus
536 836 592 915 esi,·
612 836 693 911 eujus
712 840 758 895 rei
773 836 800 913 s
820 839 901 913 quis,
920 848 1032 915 prater
1047 836 1113 910 sant
1133 836 1225 909 sillia,
1251 833 1426 910 sngularia

235 952 362 1029 exempla
376 952 457 1025 scire
476 949 632 1026 desderat,
656 948 858 1007 Alexandrum
878 949 994 1020 vileat,
1017 950 1070 1024 qui
1090 961 1150 1007 tunt
1169 949 1276 1006 demum
1297 959 1385 1005 uates
1407 966 1429 1004 a

228 1063 431 1142 superstitione
450 1065 540 1122 animi
558 1060 697 1121 adleibere
717 1064 815 1139 cespis,
837 1078 898 1119 cum
913 1063 1040 1139 primum
1044 1058 1198 1135 fortunam
1209 1063 1307 1119 timere
1317 1060 1429 1117 didicis

232 1180 266 1235 in
292 1178 372 1251 Pylis
399 1176 505 1253 Suselis
525 1176 541 1209 *
569 1175 649 1253 (uide
679 1174 778 1232 Curtii
805 1173 855 1232 lib.
885 1184 913 1247 5.
942 1170 968 1253 §.
996 1172 1056 1251 4.);
1082 1173 1143 1250 past
1170 1173 1298 1232 Darium
1322 1184 1427 1229 autem

233 1288 339 1347 venun
365 1290 471 1348 ariolos
491 1302 519 1348 et
537 1301 620 1347 vates
647 1286 791 1363 consulere
810 1284 908 1362 desit,
929 1286 1012 1343 donee
1031 1286 1136 1343 iterum
1157 1286 1290 1362 temporis
1309 1284 1427 1358 iniqni-

233 1414 293 1460 tate
313 1404 436 1461 territus
441 1446 450 1476 ,
471 1404 540 1477 quia
560 1398 715 1459 Baiiriani
736 1394 915 1472 defecerant,
926 1409 953 1455 et
965 1397 1054 1470 Scyle
1074 1409 1216 1455 certamen
1236 1393 1426 1472 laeeffebant,

232 1514 297 1571 dum
322 1513 384 1592 ipse
406 1525 529 1591 propter
555 1512 659 1571 uulnus
680 1511 783 1587 segnis
804 1509 935 1584 jaceret,
956 1508 1051 1569 rursus
1074 1508 1121 1585 (ut
1142 1509 1204 1587 ipse
1226 1507 1348 1566 Curtius
1370 1508 1425 1565 lib.

232 1638 260 1699 7.
283 1622 309 1703 §.
331 1638 358 1699 7.
380 1624 439 1702 ait)
468 1624 505 1684 ad
532 1622 767 1700 superstitionem
795 1622 981 1683 humanarum
1010 1621 1149 1682 mentium
1176 1618 1301 1681 ludibria
1329 1636 1424 1681 revo-

231 1736 331 1811 lutus,
362 1702 581 1809 Aristandrum,
616 1734 664 1795 cui
702 1733 903 1795 credulitatem
940 1733 1018 1795 suam
1058 1732 1229 1809 addixerat,
1265 1733 1426 1808 explorare

231 1860 370 1908 eventum
391 1864 484 1907 retum
504 1844 657 1907 Sacrificiis
675 1844 771 1921 iubet.
814 1848 856 1907 Et
875 1848 918 1906 ad
935 1844 1011 1905 hunc
1037 1847 1144 1905 niodum
1161 1847 1346 1925 perplurima
1367 1848 1425 1904 arl-

224 1957 309 2034 ferri
323 1958 432 2037 poffent
451 1960 591 2037 exempla,
612 1975 674 2035 qun
694 1976 780 2035 quarn
800 1959 946 2038 clarissime
963 1959 1106 2038 idipsum
1123 1956 1425 2037 ostenduntshomines

225 2070 338 2145 scilieet
368 2069 475 2146 nonnis
504 2070 629 2129 eiurante
658 2082 733 2130 metu
757 2070 962 2148 superstitione
992 2070 1170 2145 consiiiari,·
1198 2088 1286 2147 eaque
1305 2074 1421 2145 amnia,

231 2198 293 2259 que
324 2199 449 2258 unquam
479 2200 559 2240 vana
590 2182 727 2256 religione
757 2183 918 2258 coluerunt,
949 2180 1028 2241 nihil
1049 2194 1162 2261 prater
1185 2180 1420 2261 phantasmata,

229 2296 373 2370 animique
392 2295 485 2371 tresiis
501 2306 529 2353 et
553 2294 649 2353 sintae·
661 2293 751 2372 fuiffe
772 2295 897 2366 deliria‚·
918 2308 945 2354 et
966 2296 1102 2371 denique,
1122 2308 1206 2353 uates
1225 2298 1258 2353 in
1277 2300 1419 2355 maximis

228 2409 346 2485 imperii
364 2406 504 2484 angustiis
525 2410 647 2466 maxime
666 2410 698 2465 in
714 2405 796 2487 plebe
817 2406 996 2485 regnauiffe,
1025 2410 1202 2484 maximeque
1214 2406 1420 2484 formidolosos

222 2520 290 2596 suis
310 2518 438 2595 Regibus
451 2519 557 2599 fuiffe‚·
570 2519 639 2596 sei,
661 2522 885 2598 quandoquidem
905 2519 966 2582 leae
985 2522 1067 2600 apud
1083 2539 1174 2580 omnes
1189 2521 1269 2598 satis
1290 2522 1418 2594 uulgata

229 2629 280 2707 ese
300 2630 441 2709 existima,
460 2631 561 2707 iisdem
576 2633 757 2711 supersedm.

269 2743 319 2801 Ex
348 2741 403 2802 leae
431 2746 531 2820 itaque
554 2743 770 2822 superstitionis
798 2747 887 2823 eausa
918 2747 996 2805 clare
1011 2749 1159 2824 sequitur,
1180 2765 1270 2806 omnes
1291 2746 1416 2806 hemines

228 2866 338 2914 natura
353 2854 555 2933 superstitioni
574 2856 625 2934 ese
644 2855 777 2916 obnoxios
795 2856 950 2934 (quiequid
963 2859 1061 2918 dicant
1078 2860 1146 2934 alii,
1165 2863 1215 2936 qui
1227 2871 1346 2938 putant,
1363 2858 1416 2918 lenc

228 2965 294 3024 inde
324 2968 417 3040 ariri,
448 2967 524 3042 quad
551 2985 641 3025 omnes
672 2970 806 3028 mortales
827 2967 974 3046 confusam
997 2972 1141 3047 quandam
1163 2971 1300 3030 Numinis
1319 2972 1414 3030 ideam

228 3075 358 3157 liabent).
399 3079 536 3155 Sequitur
563 3080 678 3154 deinde,
705 3081 821 3140 eandem
847 3084 967 3141 uariam
993 3083 1141 3142 admodum
1168 3096 1196 3143 et
1215 3083 1416 3162 inmnsantem

227 3189 326 3248 debere
352 3190 418 3268 effe,
445 3202 479 3249 ut
501 3193 595 3250 omnia
614 3196 716 3252 mentis
735 3191 864 3252 ludibria
885 3207 913 3253 et
929 3192 1048 3268 furoris
1068 3197 1205 3274 impetus,
1226 3207 1253 3253 et
1274 3195 1412 3272 denique,

225 3302 321 3379 ipsam
340 3301 468 3378 nonnis
480 3301 550 3382 spe,
571 3305 648 3379 orie,
668 3307 735 3378 ira,
757 3318 785 3365 et
804 3306 864 3364 dola
885 3303 1000 3382 defendi
1007 3329 1018 3377 ,·
1040 3308 1176 3365 nimirum
1204 3308 1273 3383 quia
1297 3323 1352 3364 nen
1378 3326 1416 3364 ex

227 3413 365 3486 Ratione,
382 3411 441 3488 seel
458 3433 495 3472 ess
507 3415 570 3492 salo
592 3413 719 3491 Affeliu‚
741 3435 823 3493 eoque
844 3415 1035 3498 effleaerffima,
1055 3421 1161 3478 oritur.
1204 3419 1294 3494 Quam
1313 3420 1418 3494 itaque

220 3523 313 3599 facile
331 3523 382 3603 fit,
402 3537 435 3584 ut
452 3523 576 3586 nomines
597 3531 697 3603 quovis
712 3529 931 3607 superstitionis
948 3547 1054 3604 genere
1074 3533 1239 3607 capiantur,
1260 3542 1320 3588 tam
1338 3531 1416 3605 diffl-

226 3637 279 3695 cile
303 3651 403 3696 eontra
428 3637 466 3714 est
491 3638 611 3713 effluere,
636 3650 670 3697 ut
689 3641 721 3697 in
742 3657 795 3698 uno
816 3642 962 3717 eademque
979 3640 1123 3719 persent,·
1143 3644 1198 3700 imo
1219 3643 1289 3717 quia
1309 3643 1418 3718 vulgus

219 3747 336 3826 semper
368 3764 444 3825 aque
475 3749 610 3826 miserum
641 3764 749 3826 manet,
780 3753 841 3810 ideo
872 3753 1013 3829 nusquam
1041 3754 1092 3812 eliu
1118 3753 1287 3829 acquiescit,
1307 3754 1419 3828 sediti

227 3874 338 3920 tantum
358 3861 445 3919 eidem
465 3865 589 3920 maxime
606 3864 715 3941 placet,
739 3866 814 3940 qnod
832 3883 934 3924 nostem
945 3865 998 3944 est,
1010 3865 1136 3941 quasique
1155 3866 1275 3924 nandum
1289 3862 1416 3940 fefellit·

227 3989 289 4047 qna
319 3974 429 4049 quidem
459 3973 648 4052 inconstantia
679 3976 832 4036 mssltarnm
863 3979 1032 4038 termulensem
1057 3991 1086 4036 et
1112 3977 1246 4037 bellarum
1272 3984 1415 4038 atrarinm

227 4085 316 4160 causa
339 4082 423 4159 snit‚·
453 4105 520 4145 nam
552 4087 598 4163 (nt
625 4107 662 4146 ex
688 4089 766 4147 modo
791 4089 875 4149 diliis
892 4103 992 4169 patet,
1014 4104 1042 4150 et
1064 4091 1185 4150 Curtius
1206 4093 1291 4150 etiam
1313 4093 1364 4152 lib.
1386 4113 1413 4171 4.

262 4324 275 4352 ⁸
310 4323 357 4372 Ed.
374 4325 431 4372 tn:
449 4325 556 4387 Sysirlie.
