2934 4900
408 346 546 429 Caput
577 346 614 414 V.
656 354 700 413 De
722 344 905 414 Monarchia.
1185 362 1243 432 303

70 528 177 590 Civitas
199 546 260 591 non
282 528 352 590 satis
374 528 539 591 concordiae
571 528 753 604 providerit,
775 547 829 589 nec
846 528 912 605 jura
926 529 1003 590 satis
1023 532 1182 605 prudenter
1202 530 1246 590 in-

69 636 201 714 diruerit,
231 653 262 698 et
290 638 504 715 consequenter
532 656 628 713 neque
648 639 703 717 Jus
725 637 867 700 Civitatis
888 639 1052 700 absolutum
1074 640 1247 701 obtinuerit.

68 750 159 811 Status
180 750 257 811 enirn
279 750 389 826 civilis,
410 750 461 826 qui
481 748 657 810 seditionum
676 750 776 810 causas
794 768 855 810 non
873 750 1004 828 abstulit,
1022 766 1052 812 et
1071 752 1121 813 ubi
1139 754 1245 813 bellum

68 862 203 923 continuo
225 864 404 938 timendum,
433 876 463 923 et
492 861 543 923 ubi
566 862 691 938 denique
713 864 792 941 leges
814 863 982 938 frequenter
1002 864 1165 938 violantur,
1186 883 1247 925 non

67 974 178 1034 multum
200 978 238 1035 ab
258 974 323 1051 ipso
345 974 468 1035 naturali
490 974 565 1035 statu
584 973 695 1049 differt,
715 974 767 1034 ubi
786 962 983 1052 unusquisque
1001 993 1039 1035 ex
1056 974 1110 1037 suo
1127 974 1247 1054 ingenio

67 1100 163 1161 magno
184 1084 257 1147 vitre
278 1086 411 1161 periculo
433 1085 521 1146 vivit.

102 1194 127 1275 S.
146 1198 197 1257 Ill.
239 1199 283 1259 At
303 1197 376 1258 ficut
397 1196 578 1259 subditorum
600 1196 691 1273 vitia,
709 1196 856 1274 nimiaque
873 1197 991 1258 licentia
1003 1212 1034 1257 et
1045 1198 1230 1259 contumacia
1237 1242 1247 1274 ,

68 1305 183 1369 Civitati
203 1308 376 1384 imputanda
397 1308 480 1384 sunt,
502 1308 542 1369 ita
564 1323 666 1370 contra
688 1326 789 1369 eorum
811 1308 923 1386 virtus,
946 1324 976 1369 et
996 1309 1130 1373 constans
1151 1312 1247 1389 legum

69 1417 260 1497 observantia,
280 1420 403 1483 maxime
432 1420 573 1484 Civitatis
595 1420 699 1483 virtuti
722 1437 752 1482 et
770 1420 830 1498 juri
852 1421 990 1484 absoluto
1012 1422 1166 1484 tribuenda
1187 1424 1248 1499 est,

68 1544 95 1588 ut
114 1548 193 1605 patet
214 1552 255 1595 ex
275 1535 340 1595 Art.
366 1544 410 1609 15.
432 1532 506 1609 Cap.
528 1550 556 1594 2.
586 1534 675 1595 Unde
698 1533 857 1593 Hannibali
878 1533 983 1593 merito
1006 1531 1120 1593 eximiae
1142 1533 1248 1597 virtuti

68 1642 189 1723 ducitur,
211 1648 295 1723 quod
315 1646 345 1707 in
366 1644 455 1722 ipsius
476 1644 610 1705 exercitu
631 1647 710 1709 nulla
733 1664 863 1721 unquam
885 1644 994 1707 seditio
1015 1661 1081 1706 orta
1102 1644 1200 1706 suerit.

101 1755 126 1835 S.
145 1759 198 1820 lV.
241 1758 375 1835 Civitas,
402 1758 487 1835 cujus
516 1758 641 1833 subditi,
670 1772 751 1819 metu
778 1757 890 1835 territi,
919 1776 994 1818 arma
1022 1775 1082 1818 non
1110 1757 1247 1835 capiunt,

68 1868 158 1940 potius
187 1871 314 1933 dicenda
342 1871 399 1944 est,
428 1872 510 1947 quod
538 1869 596 1930 stne
625 1872 703 1931 bello
727 1868 777 1944 fit,
799 1887 885 1946 quarn
908 1872 990 1946 quod
1011 1888 1112 1946 pacem
1132 1871 1248 1931 habear.

69 1976 119 2039 Pax
145 1982 222 2043 enim
251 2001 312 2045 non
340 1983 409 2043 belli
434 1982 580 2059 privatin,
601 1982 649 2043 sed
671 1981 767 2043 virtus
791 1982 851 2059 est,
871 2000 937 2058 quae
959 2001 996 2043 ex
1018 1982 1105 2043 animi
1128 1982 1248 2044 sortitu-

68 2091 126 2151 dine
148 2095 260 2157 oritur:
282 2095 324 2155 est
345 2113 469 2171 namque
491 2093 664 2171 obsequium
694 2094 768 2173 (per
787 2094 858 2155 Art.
883 2110 929 2171 19.
952 2095 1024 2173 Cap.
1045 2096 1088 2173 2.)
1114 2094 1249 2155 constans

70 2207 197 2271 voluntas
232 2209 262 2271 id
294 2206 475 2285 exequendi,
507 2209 588 2284 quod
620 2226 657 2267 err
689 2205 836 2269 communi
869 2206 1009 2268 Civitatis
1040 2210 1156 2268 decreta
1187 2206 1248 2267 fieri

69 2316 156 2379 debet.
177 2322 230 2381 llla
251 2337 390 2397 praeterea
413 2320 547 2395 Civitas,
569 2318 654 2395 cujus
675 2338 733 2395 pax
756 2338 772 2379 a
793 2318 975 2380 subditorum
997 2318 1102 2380 inertia
1124 2322 1249 2395 pendet,

72 2428 115 2502 qni
135 2431 245 2495 scilicet
267 2432 360 2496 veluti
381 2451 487 2510 pecora
510 2434 672 2508 ducuntur,
691 2445 725 2492 ut
743 2446 858 2493 tantum
877 2430 982 2496 servire
999 2430 1126 2508 discant,
1143 2430 1249 2493 reslius

71 2539 190 2606 solitudo
213 2565 300 2622 quarn
321 2545 437 2609 Civitas
459 2542 517 2606 dici
541 2543 648 2620 potest.

105 2653 129 2732 §.
149 2659 187 2720 V.
236 2657 310 2719 Cum
341 2675 410 2736 ergo
442 2656 585 2732 dicimus,
624 2655 696 2717 illud
727 2656 883 2732 Imperium
915 2657 1059 2732 optimum
1090 2655 1165 2731 esse,
1196 2655 1247 2717 ubi

70 2759 193 2831 homines
209 2769 397 2832 concorditer
417 2769 508 2831 vitam
530 2767 707 2846 transigunt,
729 2767 821 2832 vitam
841 2769 994 2830 humanam
1015 2769 1163 2847 intelligo,
1181 2787 1247 2845 quae

71 2893 122 2938 non
143 2881 203 2945 sold
224 2881 372 2962 sanguinis
393 2880 585 2942 circulatione
604 2895 634 2940 et
653 2879 735 2954 aliis,
752 2898 818 2955 quae
838 2880 973 2941 omnibus
992 2879 1164 2941 animalibus
1183 2879 1249 2942 sunt

71 2994 243 3069 communia,
270 2995 320 3056 sed
347 3011 413 3070 quae
442 2991 565 3053 maxime
596 2991 743 3067 Ratione,
773 3010 841 3055 vera
866 2990 980 3052 Mentis
1002 2991 1112 3054 virtute
1134 3007 1164 3052 et
1187 2989 1249 3053 vita

70 3098 208 3168 delinitur.

105 3213 129 3292 S.
149 3219 203 3280 Vl.
244 3219 301 3280 Sed
333 3218 512 3292 notandum,
543 3215 716 3292 Imperium,
749 3218 832 3290 quod
864 3215 893 3275 in
925 3215 1002 3276 hunc
1031 3217 1116 3276 finem
1138 3213 1248 3275 institui

72 3321 141 3402 diri,
161 3349 176 3390 a
199 3347 244 3390 me
272 3328 395 3406 intelligi
425 3327 473 3404 id,
502 3332 583 3404 quod
612 3328 773 3390 multitudo
798 3329 887 3390 libera
909 3329 1050 3405 instituit,
1070 3348 1131 3390 non
1152 3343 1249 3389 autem

72 3430 111 3508 id,
131 3442 212 3515 quod
233 3439 263 3500 in
284 3439 501 3501 multitudinem
519 3439 583 3516 jnre
605 3439 675 3499 belli
697 3439 865 3517 acquiritur.
886 3439 1079 3500 Liberaenim
1090 3439 1249 3500 multitudo

73 3546 163 3622 majori
184 3551 236 3626 spe
257 3569 343 3628 quam
365 3567 459 3627 metu,
480 3551 596 3613 subacta
615 3565 713 3613 sautem
732 3550 833 3627 majori
853 3567 934 3612 metu
951 3570 1037 3627 quam
1056 3550 1104 3626 spe
1123 3550 1249 3612 ducitur:

72 3657 172 3736 ‘suippe
204 3663 251 3722 illa
284 3662 374 3724 vitam
406 3665 519 3738 colere,
549 3664 612 3724 lraec
645 3679 743 3724 autem
776 3677 897 3723 mortem
931 3664 1135 3723 tantummodo
1156 3660 1249 3724 vitare

73 3765 173 3851 studet;
205 3775 269 3850 illa,
300 3773 435 3851 inquam,
466 3774 518 3835 libi
551 3774 651 3838 vivere
681 3776 796 3849 studet,
815 3774 878 3834 lraec
900 3772 1020 3836 vieloris
1041 3771 1098 3833 esse
1118 3773 1251 3852 cogitur;

72 3885 140 3944 narde
159 3887 234 3948 hanc
255 3886 379 3962 servire,
401 3887 477 3948 illam
499 3886 617 3948 liberam
640 3885 693 3948 ess'c
711 3885 858 3947 'dicimus
898 3884 977 3945 Finis
999 3885 1100 3960 itaque
1122 3882 1251 3958 imperii,

73 3997 145 4062 ‘llud
170 3997 277 4075 aliquis
304 3998 373 4077 Jnre
402 3997 468 4058 belli
498 3997 684 4074 adipiscitur,
713 3997 754 4057 est
775 3995 934 4070 dominari,
956 4012 987 4057 et
1019 3995 1119 4057 servos
1148 3993 1251 4072 potius

73 4119 149 4174 luam
176 4109 310 4172 subditos
338 4110 454 4170 habere.
496 4107 535 4169 Et
565 4107 698 4185 quamvis
725 4107 803 4168 inter
831 4106 998 4186 imperium,
1020 4109 1102 4183 quod
1125 4105 1251 4166 alibero

76 4217 249 4284 multitudine
271 4237 400 4296 creatur,
422 4235 452 4281 et
475 4219 560 4296 illud,
583 4223 663 4296 quod
682 4218 748 4296 jure
769 4217 837 4278 belli
859 4217 1071 4294 acquiritur,sr
1091 4221 1127 4279 ad
1145 4218 1250 4280 utrius·

77 4341 125 4398 lue
149 4333 197 4408 jus
229 4333 258 4393 in
290 4351 394 4410 genere
426 4335 627 4409 attendamus,
659 4333 737 4393 nulla
769 4328 925 4392 essentialis
953 4333 1039 4392 detur
1066 4331 1251 4408 differentia,
