2934 4900
214 297 273 382 546
689 285 930 358 Tractatrls

214 481 305 544 Ratio
326 477 513 557 Religionem
533 473 586 535 fibi
608 472 736 535 ancillari
757 473 848 550 velit,
876 487 908 534 et
928 474 1011 550 quod
1031 487 1156 550 utraque
1176 472 1260 534 suum
1282 489 1410 552 regnum

213 593 320 654 summa
340 608 406 652 curn
427 584 586 648 concordia
614 583 749 645 obtinere
777 599 923 660 nequem
944 602 1002 660 qua
1023 587 1060 646 de
1080 603 1111 644 re
1132 584 1245 660 slatim,
1266 603 1341 645 nam
1362 584 1410 646 hic

213 719 281 764 ante
302 700 399 763 omnia
419 698 500 760 istius
520 695 629 758 Rabini
650 697 794 775 Regulam
814 695 978 757 examinare
998 695 1080 756 libet.
1122 696 1169 772 ls,
1190 695 1236 758 uti
1258 696 1410 770 diximus,

214 817 296 890 vult,
323 831 378 874 nos
404 812 436 873 id
465 827 568 885 omne,
599 811 681 886 quod
711 808 861 885 Scriptura
891 807 1014 870 affirmat
1044 824 1097 869 aut
1126 823 1231 886 negat,
1263 823 1410 886 tanquam

213 945 313 992 verum
335 923 483 1000 amplecti,
498 923 547 986 vel
567 937 705 998 tanquam
726 920 829 982 falsum
848 919 978 997 rejicere,
993 921 1105 982 teneri:
1125 921 1251 998 deinde,
1270 921 1411 997 Scriptu-

212 1057 271 1100 ram
299 1053 446 1114 nunquam
473 1032 585 1111 aliquid
613 1033 750 1111 exprellis
777 1032 876 1096 verbis
905 1033 1043 1094 affirmare
1063 1034 1113 1095 vel
1139 1051 1265 1112 negare,
1285 1050 1409 1094 contra·

212 1153 286 1214 rium
313 1150 357 1225 ei,
385 1150 467 1226 quod
489 1146 519 1208 in
541 1145 599 1206 alio
620 1147 689 1208 loco
718 1145 872 1208 affirmavit
893 1146 942 1208 vel
962 1145 1092 1225 negavit.
1133 1146 1208 1228 Quae
1229 1149 1295 1208 duo
1319 1165 1408 1224 quarn

213 1281 321 1326 temere
353 1263 427 1324 crida
458 1258 534 1334 lint,
564 1275 650 1319 nemo
681 1257 813 1337 ignorare
844 1258 951 1334 potest.
991 1260 1068 1319 Nam
1100 1259 1149 1338 (ut
1175 1259 1235 1336 jam
1268 1261 1409 1321 omittam

214 1379 296 1454 quod
316 1393 377 1436 non
398 1370 650 1447 animadverterit,
671 1369 848 1446 Scripturam
870 1369 990 1432 diversis
1009 1370 1090 1432 libris
1110 1372 1243 1433 constare
1250 1417 1261 1448 ,
1282 1372 1408 1436 diuerfis

213 1485 413 1564 temporibus,
443 1479 563 1544 diversis
592 1479 780 1558 hominibus,
811 1497 842 1542 et
872 1482 1000 1560 denique
1031 1503 1047 1544 a
1076 1483 1195 1547 diverfis
1225 1485 1407 1547 authoribus

214 1599 348 1674 scriptam
379 1595 452 1672 esse;
483 1609 546 1656 tum
576 1593 634 1656 hoc
665 1596 807 1672 alterum,
840 1597 923 1672 quod
953 1595 1016 1657 haec
1048 1615 1086 1657 err
1118 1597 1239 1673 propria
1270 1599 1406 1659 authori-

213 1727 295 1788 tate,
335 1723 366 1770 et
406 1706 538 1770 Ratione
579 1722 610 1767 et
651 1706 801 1783 Scriptura
842 1707 915 1768 nihil
955 1709 1013 1769 tale
1052 1707 1240 1785 dicentibus,
1279 1710 1405 1786 statuat)

213 1819 354 1884 debuisset
375 1820 451 1880 eninr
472 1818 640 1894 ostendere,
669 1818 767 1880 omnia
793 1820 879 1895 loca,
901 1837 968 1896 quae
989 1838 1050 1881 non
1072 1819 1124 1880 nih
1146 1839 1197 1896 per
1218 1820 1406 1898 consequen·

212 1935 282 1995 tiam
313 1933 377 1993 aliis
408 1944 585 2010 repugnant,
618 1929 699 2005 porre
730 1948 769 1990 ex
799 1945 904 1991 natura
925 1929 1032 2009 linguae
1054 1945 1085 1990 et
1105 1931 1220 1992 ratione
1239 1931 1303 1992 loci
1324 1951 1404 1992 com·

213 2048 298 2107 mode
329 2043 527 2120 metaphorice
560 2042 715 2118 explicari;
747 2041 871 2120 deinde,
902 2043 1081 2120 Scripturam
1109 2044 1147 2104 ad
1166 2043 1279 2104 nostras
1299 2063 1404 2105 manus
1460 2078 1461 2083 κ

212 2159 410 2232 incorruptam
438 2152 558 2218 venille.
588 2154 645 2216 Sed
677 2171 736 2214 rem
769 2154 871 2215 ordine
899 2154 1113 2233 examinemus3
1134 2171 1166 2215 ct
1185 2155 1307 2231 quidem
1326 2155 1405 2216 circa
1460 2204 1462 2234 ἶ

213 2269 334 2345 primum
354 2285 446 2346 rogo,
467 2265 556 2344 quid,
577 2264 599 2325 sr
620 2265 712 2327 Ratio
741 2266 902 2327 reclamet?
930 2286 966 2328 an
989 2267 1179 2330 nihilominus
1200 2283 1336 2330 tenemur
1356 2269 1403 2344 id,
1458 2286 1462 2375 Ι

211 2381 294 2458 quod
325 2376 472 2455 Scriptura
503 2376 625 2438 affimat
657 2378 705 2440 vel
735 2394 840 2458 negat,
869 2393 1009 2457 tanquam
1039 2397 1140 2442 verum
1171 2380 1324 2457 ampleeii,
1355 2383 1404 2444 vel

212 2508 352 2569 tunquam
372 2489 473 2551 salsum
496 2490 640 2567 rejicere?
662 2492 705 2551 At
726 2492 803 2552 forte
825 2493 931 2569 addet,
952 2492 1025 2553 nihil
1046 2492 1076 2552 in
1097 2494 1245 2569 Scriptura
1265 2495 1404 2570 reperiri,
1458 2463 1460 2488 *

211 2605 292 2680 quod
322 2601 447 2663 Rationi
477 2616 632 2680 repugnet.
662 2603 774 2663 Verum
806 2620 862 2682 ego
883 2601 977 2679 insto,
997 2603 1088 2679 ipsam
1109 2604 1238 2680 expresSe
1260 2604 1402 2665 affirmare
1459 2643 1460 2658 η

211 2730 241 2775 et
261 2716 386 2789 docere,
405 2714 502 2773 Deum
522 2709 577 2772 esse
599 2712 772 2789 zelotypum
794 2712 913 2792 (nempe
935 2711 966 2773 irr
988 2711 1052 2788 ipso
1073 2713 1226 2792 Decalogo
1247 2729 1280 2774 et
1301 2714 1402 2775 Exod.

211 2846 260 2908 34
288 2826 330 2890 vs.
363 2843 408 2907 14.
436 2842 467 2886 et
493 2826 584 2887 Deut.
614 2844 642 2904 4.
671 2824 713 2887 vs.
741 2843 790 2905 24
813 2841 844 2887 ct
871 2825 1004 2901 pluribus
1025 2826 1090 2887 aliis
1110 2826 1216 2905 locis);
1236 2828 1322 2905 atqui
1343 2829 1401 2889 boc

210 2941 334 3003 Rationl
363 2954 515 3019 repugnat.
555 2937 635 3017 Ergo
673 2937 862 2999 nibilominus
899 2953 1039 3016 tanquam
1072 2958 1174 3002 verum
1212 2944 1401 3016 ponendum
1446 2961 1460 3006 r

208 3053 280 3129 imo,
300 3051 320 3112 sr
343 3053 476 3127 quaedam
497 3050 527 3110 in
549 3049 697 3125 Scriptura
719 3050 915 3126 reperiantur,
937 3070 1003 3129 quae
1023 3050 1207 3130 supponant,
1227 3053 1399 3113 Deumnon
1458 3055 1461 3084 ’

209 3163 263 3225 esse
285 3165 473 3240 zelotypum,
494 3180 528 3222 ea
549 3160 705 3222 necessario
727 3162 925 3237 metaphorice
946 3161 1037 3224 essent
1058 3162 1248 3240 explicanda,
1270 3180 1305 3226 ut
1329 3166 1400 3225 nibil

209 3276 267 3337 tale
295 3274 459 3351 supponere
488 3272 653 3336 videantur.
695 3274 743 3334 Sic
765 3274 852 3335 ctiam
873 3274 1022 3351 Scriptura
1043 3276 1171 3352 expresse
1191 3276 1282 3353 dicit,
1301 3280 1399 3341 Deum

208 3387 238 3447 in
271 3401 399 3448 montem
429 3384 509 3446 Sinai
540 3386 714 3447 descendille
748 3387 831 3465 (vide
862 3388 961 3450 Exod.
989 3408 1054 3467 cap.
1079 3408 1125 3469 19.
1153 3392 1200 3457 us
1217 3410 1285 3468 20„
1307 3397 1399 3473 etc),

208 3497 319 3575 ipsrque
340 3498 416 3558 alios
435 3512 534 3559 motus
558 3499 667 3559 locales
693 3498 815 3577 tribuit,
836 3519 890 3561 nec
911 3501 993 3562 ullibi
1022 3506 1112 3563 docet
1133 3502 1279 3580 expresse,
1300 3506 1397 3567 Deum
1452 3537 1460 3640 ¹

208 3628 269 3671 non
291 3608 418 3684 moveri;
446 3612 581 3687 adeoque
609 3610 666 3672 hoc
687 3612 776 3672 etiam
797 3613 935 3675 omnibus
955 3628 1093 3691 tanquam
1115 3634 1216 3680 verum
1236 3617 1397 3680 admitten-

208 3724 293 3800 dum;
323 3738 353 3783 ct
385 3723 466 3799 quod
494 3723 631 3783 Salomon
660 3724 749 3799 dicit,
770 3725 866 3785 Deum
887 3726 970 3785 nullo
990 3726 1059 3787 loco
1080 3727 1290 3803 comprehendi
1311 3730 1396 3807 (vide

210 3836 323 3913 rReg.
351 3853 415 3910 cap.
448 3834 475 3895 8.
507 3834 549 3898 vs.
581 3837 662 3915 ap),
693 3836 933 3913 quandoquidem
965 3856 1026 3899 non
1056 3840 1186 3916 exprcsSe
1206 3840 1326 3918 statuit,
1347 3844 1396 3904 sed

208 3962 320 4007 tantum
342 3946 409 4007 inde
431 3945 578 4023 sequitur,
599 3948 693 4009 Deum
715 3966 775 4009 non
797 3948 928 4025 moveri,
953 3950 984 4012 id
1004 3951 1161 4014 necessario
1181 3953 1223 4013 ita
1244 3954 1394 4031 explican-

207 4060 293 4133 dum,
323 4077 360 4119 ne
393 4058 528 4122 videatur
557 4060 625 4120 Deo
657 4075 769 4121 motum
797 4062 919 4122 localem
948 4064 1108 4125 detrahere.
1148 4065 1197 4126 Sic
1217 4066 1307 4127 etiam
1327 4068 1393 4127 coeli

207 4188 261 4245 pro
282 4170 339 4230 Dei
359 4170 527 4231 habitaculo
550 4186 580 4231 et
601 4170 675 4233 solio
698 4172 829 4235 sumendi
851 4172 940 4235 essent
946 4220 956 4251 ,
974 4175 1043 4252 quia
1061 4175 1208 4251 Scriptura
1220 4175 1250 4236 id
1261 4178 1390 4253 expresse
1452 4211 1460 4229 ι

206 4280 336 4341 affirmat.
377 4282 417 4341 Et
448 4285 485 4344 ad
515 4285 593 4345 hunc
615 4288 732 4347 modum
754 4286 877 4362 plurima
898 4286 1057 4349 secundum
1078 4287 1235 4363 opiniones
1255 4286 1387 4366 Prophe·
