2934 4900
207 320 265 392 376
458 316 599 374 Tract.
629 312 883 372 Theol.-Pol.
915 308 1134 369 Praefatio,

206 503 323 564 quaque
343 486 411 545 adeo
430 484 498 563 ipss
518 484 568 543 uel
585 488 672 544 tacite
693 484 894 557 conceduntur,
915 483 965 542 uel
981 482 1035 561 ips
1055 480 1179 560 expreffe
1201 497 1261 540 cum
1278 484 1336 554 iis,
1349 484 1406 555 qui

208 601 359 677 imperium
386 609 497 674 tenent,
515 598 706 677 stipulantur.
749 597 806 657 His
826 595 1023 673 consderatis,
1043 595 1086 654 ad
1101 592 1316 672 Rempublicam
1341 594 1405 652 He·
1456 610 1457 669 ι

210 709 352 768 breorum
370 710 499 785 transeo,
510 728 613 785 quam,
629 721 663 767 ut
678 708 818 786 ostendam
827 751 836 782 ,
853 725 911 784 qua
929 709 1041 766 ratione
1051 719 1079 765 et
1090 722 1208 783 quorum
1218 706 1330 764 decreto
1343 705 1406 763 Re-

208 820 278 894 ligio
305 823 364 877 uim
377 819 460 894 juris
488 817 594 879 leabere
613 823 736 898 incepit,
756 831 784 878 et
804 818 896 878 obiter
918 820 1004 878 etiam
1024 820 1104 894 alia,
1126 834 1188 894 qua
1202 818 1283 894 scitu
1304 818 1405 891 digna

206 930 391 1007 uidebantur,
405 933 486 1009 satis
502 932 618 1011 prolixe
639 929 775 1006 describo.
796 930 861 1009 Post
882 928 942 990 hac
962 930 1084 1009 ostendo,
1106 948 1167 1005 eos,
1187 932 1238 1006 qui
1251 926 1404 1004 summum

205 1047 357 1123 imperium
376 1056 486 1120 tenent,
504 1062 559 1103 non
580 1056 692 1103 tantum
706 1044 790 1118 juris
810 1043 924 1118 ciuilis,
938 1044 1100 1120 sedetiam
1115 1040 1202 1117 sacri
1221 1042 1353 1101 uindices
1374 1054 1406 1101 et

206 1160 379 1235 interpretes
399 1154 466 1232 effe,
486 1151 585 1231 eosque
599 1155 676 1231 solos
690 1153 743 1229 jur
763 1152 870 1213 habere
889 1154 1084 1231 discernendi,
1105 1154 1178 1229 quid
1188 1152 1311 1231 jasium,
1327 1154 1409 1229 quid

206 1271 355 1349 injustum,
377 1271 560 1349 quidpiam,
580 1282 609 1329 et
628 1271 702 1347 quid
718 1273 836 1348 impium
852 1270 911 1347 st,·
932 1282 959 1329 et
980 1270 1094 1329 tandem
1124 1268 1267 1343 concludo,
1289 1268 1404 1344 eosdem

208 1382 260 1443 ltoc
281 1384 334 1458 jus
364 1386 466 1461 optime
495 1384 636 1457 retinere,
667 1393 695 1441 et
724 1384 875 1461 imperium
896 1393 957 1440 tuto
978 1382 1150 1458 conseruare
1166 1378 1300 1459 poffe,s
1320 1380 1403 1439 modo

208 1498 359 1571 unicuique
380 1507 408 1553 et
420 1495 534 1572 sentire
554 1509 616 1570 qua
636 1493 708 1552 uelit
713 1537 723 1567 ,
745 1505 773 1552 et
793 1509 856 1569 qua
869 1494 986 1570 sentiat
1005 1492 1099 1551 dicere
1118 1492 1295 1551 concedatur.

248 1608 318 1668 Hac
331 1608 422 1683 sunt,
441 1604 613 1685 Pltilosoplte
633 1605 746 1681 Leiior,
768 1623 829 1682 qua
851 1604 908 1665 tibi
928 1604 975 1666 loir
996 1602 1187 1664 eniaminanda
1209 1604 1258 1680 do,
1280 1621 1402 1682 quaque

208 1737 263 1779 non
282 1723 406 1794 ingrata
419 1718 489 1795 fore
509 1716 612 1795 confido
631 1716 666 1776 ob
688 1716 891 1796 praestantiam
911 1730 939 1776 et
958 1718 1114 1776 utilitatem
1133 1719 1315 1793 argumenti,
1336 1728 1401 1775 tom

208 1833 296 1890 totius
312 1833 406 1908 operis
424 1847 510 1906 quam
528 1829 750 1905 uniuscujusque
769 1831 887 1906 capitis,
904 1828 938 1887 de
959 1827 1062 1905 quibus
1078 1828 1170 1906 plura
1189 1827 1337 1902 adderem,
1341 1829 1404 1905 sed

208 1943 268 2001 nolo
297 1955 331 2002 ut
359 1940 420 2001 lenc
444 1938 585 2020 prosatio
614 1944 646 1999 in
675 1940 803 1999 uolunun
824 1940 951 2017 crescat,
969 1942 1137 2019 prasertim
1158 1942 1228 2016 quia
1244 1942 1400 2018 precipua

205 2028 387 2131 philosophis
401 2054 483 2130 satis
497 2053 644 2131 superque
664 2066 731 2111 nota
752 2052 802 2131 effe
823 2053 921 2124 credo,·
942 2053 1062 2129 reliquis
1078 2049 1258 2111 autemltunc
1273 2052 1397 2113 Trada-

210 2178 269 2223 tum
299 2165 492 2223 commendare
521 2182 576 2223 non
598 2164 712 2242 studeo,
743 2182 810 2223 nam
831 2161 910 2223 niltil
926 2163 964 2242 esi
986 2166 1061 2241 quod
1071 2164 1201 2244 sperem,
1223 2166 1338 2224 eundem
1359 2170 1397 2224 iis

206 2275 321 2353 placere
348 2276 451 2352 aliqua
478 2278 590 2334 ratione
605 2274 700 2353 paffe,·
720 2278 789 2334 noui
809 2278 898 2351 enim,
920 2292 1005 2352 quam
1021 2278 1216 2353 pertinaciter
1235 2294 1269 2334 ea
1284 2277 1396 2354 prcju·

209 2386 287 2446 dicia
317 2388 349 2444 in
379 2399 468 2445 mente
497 2383 657 2463 inicarent,
691 2405 753 2464 qua
779 2390 903 2467 pietatis
924 2389 1020 2468 specie
1039 2387 1186 2467 amplexus
1207 2387 1245 2466 est
1265 2391 1397 2462 animus,-

209 2500 278 2555 noui
306 2497 421 2572 deinde,
452 2515 528 2575 aque
558 2497 718 2580 impossibiie
748 2500 799 2578 effe
829 2501 916 2574 uulgo
940 2500 1170 2579 superstitionem
1199 2499 1342 2575 adimere,
1362 2520 1396 2559 ae

209 2621 327 2679 metum,·
343 2611 412 2667 noui
427 2611 545 2686 denique
549 2655 559 2685 ‚
576 2609 761 2687 constantiam
781 2613 866 2686 uulgi
887 2613 1089 2670 contumaciam
1110 2610 1161 2688 effe
1170 2657 1180 2686 ,
1201 2630 1251 2670 nec
1271 2611 1394 2672 Ratione

210 2724 290 2794 regi,
305 2721 364 2795 sed
380 2724 486 2799 impetu
507 2725 577 2800 rapi
595 2723 639 2782 ad
655 2723 830 2783 laudandum
851 2725 899 2782 uel
916 2724 1149 2801 vituperandum.
1195 2723 1307 2798 Vulgus
1327 2742 1393 2800 ergo

209 2845 238 2890 et
256 2848 364 2906 omnes,
385 2837 436 2908 qui
455 2851 516 2893 curu
535 2833 621 2909 uulgo
642 2835 743 2910 iisdem
764 2832 913 2910 affeiiibus
934 2833 1142 2909 consiliantur,
1159 2833 1268 2894 adhuc
1277 2835 1394 2910 legenda

208 2962 263 3002 non
292 2946 404 3015 inuito‚·
436 2947 506 3022 quin
531 2948 629 3024 potius
659 2946 774 3020 uellem,
805 2958 838 3004 ut
864 2943 939 3004 lrunc
958 2945 1065 3004 librum
1081 2947 1206 3024 prorsus
1226 2946 1393 3020 negligant,

209 3072 294 3131 quam
321 3058 436 3116 eundm
458 3059 616 3135 peruerse,
643 3071 677 3116 ιιι
703 3060 797 3117 omnia
812 3058 924 3133 solent,
947 3058 1183 3136 interpretando,
1202 3057 1307 3136 molesti
1319 3057 1393 3135 snt,

209 3180 238 3226 et
258 3168 324 3227 dum
345 3167 403 3245 fibi
428 3166 507 3229 nileil
519 3171 660 3248 prosunt,
680 3170 750 3228 aliis
771 3169 875 3246 obstat,
896 3174 947 3247 qui
966 3169 1087 3230 liberius
1102 3166 1392 3248 philosopharentur,

209 3277 263 3354 nes
281 3276 333 3337 leoc
358 3296 444 3336 unum
463 3278 603 3357 obstaret,
631 3282 708 3357 quod
721 3291 847 3358 putant,
867 3280 1020 3339 Rationem
1040 3279 1138 3339 debere
1165 3278 1321 3356 Theologiae
1340 3300 1389 3340 an-

209 3387 328 3460 cillari,-
347 3405 415 3446 nam
434 3385 481 3448 leis
501 3387 553 3448 ltoc
571 3401 640 3468 opns
656 3402 799 3467 perquam
818 3391 889 3449 utile
901 3389 971 3466 sore
991 3389 1103 3468 confido.

252 3497 409 3574 Ceterum,
430 3503 562 3574 quoniam
581 3501 678 3560 multis
707 3521 757 3560 nec
776 3505 863 3561 otium
882 3521 930 3562 nec
951 3505 1062 3561 animus
1076 3500 1187 3579 forsan
1208 3507 1282 3579 erit,
1302 3508 1389 3563 uncia

206 3609 372 3687 perlegere,
389 3628 472 3684 cogor
488 3609 536 3672 liic
552 3615 654 3687 etiam,
672 3625 706 3672 ut
722 3616 754 3671 in
765 3612 824 3691 fine
841 3611 927 3688 liujus
944 3613 1116 3690 Tradatus,
1134 3613 1392 3690 monere,menil1il

204 3719 354 3797 scribere,
376 3723 452 3797 quod
467 3741 522 3781 non
540 3722 713 3804 libentissme
733 3727 861 3784 examini
877 3737 904 3784 et
917 3725 1028 3800 judicio
1032 3728 1213 3804 summarum
1223 3726 1388 3804 Potestatum

212 3832 327 3892 Patria
347 3849 413 3892 meu
427 3832 602 3909 subjiciam:
620 3833 727 3911 namfi
748 3837 821 3912 quid
838 3833 952 3912 leorum,
975 3855 1037 3914 qua
1057 3839 1133 3912 dico,
1150 3837 1323 3912 judicabunt
1337 3851 1386 3916 pa·

211 3947 281 4002 triis
311 3942 420 4019 legibus
451 3957 629 4024 repugnare,
659 3948 708 4006 uel
738 3952 873 4008 communi
896 3951 994 4026 saluti
1017 3930 1122 4026 obesse,
1141 3950 1176 4008 id
1192 3967 1241 4024 ego
1260 3950 1387 4009 inditium

210 4054 281 4114 uolo.
322 4055 400 4131 Scio,
430 4074 472 4114 me
502 4054 638 4116 hominem
668 4059 736 4137 effe,
769 4073 797 4118 et
817 4079 921 4120 errare
936 4059 1076 4139 potuisse,·
1097 4079 1131 4119 ne
1150 4073 1245 4119 autem
1264 4079 1387 4119 errorem

204 4164 305 4241 sedulo
335 4169 456 4242 curaui,
484 4181 512 4227 et
541 4173 687 4249 apprime,
717 4184 751 4229 ut
782 4172 920 4247 quicquid
940 4170 1117 4248 scriberem,
1142 4171 1252 4246 legibus
1267 4177 1385 4251 patrie,

207 4278 331 4355 pietati,
352 4277 486 4355 bonisque
505 4280 630 4340 moribus
651 4284 758 4340 omnino
779 4282 969 4361 responderet.
