2934 4900
557 364 612 424 De
643 364 740 425 Deo.
1224 376 1263 441 53

65 540 151 616 quod
180 538 300 600 materia
328 538 439 616 ubique
461 543 560 602 eadem
581 538 639 613 cst,
663 558 717 600 nec
739 554 839 616 parter
860 539 890 601 in
911 543 1012 602 eadem
1033 538 1267 620 distinguuntur,

64 651 118 713 nisi
149 667 309 728 quatenus'
326 650 475 713 materiam
501 651 692 715 diversimode
714 652 853 715 'affectam
882 650 937 711 esse
964 649 1166 729 concipimus,
1188 654 1266 713 unde

65 762 132 839 ejus
149 780 249 839 partes
265 763 421 873 modpliter
435 778 549 826 rantum
565 764 800 843 distinguuntur,
821 783 883 825 non
899 778 996 825 autem
1011 763 1134 825 realiter.
1150 752 1206 825 Εἰ.
1223 782 1265 844 gr.

65 894 193 951 aquam,
223 890 371 952 quatenus
402 892 478 954 aqua
511 876 568 953 est,
598 874 692 939 dividi
722 874 924 955 concipimus,
953 874 1074 953 eiusque
1101 891 1200 952 partes
1227 878 1264 937 ab

66 986 199 1049 invicem
228 988 368 1065 separari;
395 1006 426 1050 at
454 1008 514 1051 non
544 1004 691 1067 quatenus
721 988 881 1051 substantia
902 988 943 1049 ess
964 1006 1122 1065 corporea;
1142 1004 1264 1051 eatenus

67 1098 147 1165 enim
176 1118 273 1177 neque
300 1100 450 1177 separatur
476 1120 572 1178 neque
602 1100 754 1163 dividitur.
779 1101 872 1162 Porro
893 1120 986 1178 aqua,
1007 1116 1153 1176 quatenus
1174 1118 1266 1176 aqua,

66 1224 227 1287 generatur
244 1224 276 1270 et
296 1209 505 1286 corrumpitur;
526 1224 574 1285 ar,
600 1224 748 1287 quatenus
767 1208 941 1286 substantia,
962 1228 1016 1271 nec
1036 1224 1190 1289 generatur
1210 1228 1266 1271 nec

65 1320 279 1398 corrumpitur.
296 1323 397 1399 Atque
415 1322 462 1383 his
479 1340 523 1383 me
542 1324 579 1383 ad
597 1321 758 1384 secundum
773 1336 974 1401 argumentum
992 1320 1080 1382 etiam
1091 1318 1264 1398 respondisse

65 1448 163 1507 puto:
182 1433 422 1511 quandoquidem
441 1434 471 1495 id
483 1432 512 1495 in
525 1450 562 1495 eo
580 1432 667 1496 etiam
688 1435 847 1510 fundatur,
864 1437 947 1512 quod
964 1432 1099 1509 materia,
1119 1447 1265 1510 quatenus

65 1540 244 1618 substantia,
262 1540 416 1605 divisibilis
433 1542 467 1603 stt
486 1559 516 1603 et
538 1562 575 1605 ex
597 1542 728 1619 partibus
751 1544 906 1605 confletur.
926 1544 967 1605 Et
980 1542 1116 1621 quamvis
1130 1544 1188 1605 hoc
1203 1561 1263 1604 non

65 1652 157 1729 esset,
189 1652 305 1730 nescio,
335 1672 388 1716 cur
418 1654 520 1719 divini
548 1658 651 1717 naturi
678 1655 798 1735 indigna
827 1655 911 1716 esset:
933 1653 1172 1733 quandoquidem
1193 1654 1265 1735 (per

65 1767 158 1845 Prop.
177 1766 239 1845 ¹4·)
255 1782 338 1827 euna
352 1768 450 1827 Deum
466 1768 544 1829 nulla
562 1764 720 1830 substantia
736 1766 797 1830 dari
808 1767 922 1843 potest,
936 1782 1022 1843 aqua
1033 1765 1093 1843 ipsa
1104 1781 1264 1843 pateretur.

66 1876 192 1954 Omnia,
213 1876 350 1955 inquam,
368 1878 399 1939 in
420 1880 486 1941 Deo
508 1879 592 1955 sunt,
618 1896 649 1941 et
676 1879 791 1956 omnia,
819 1898 885 1957 que
905 1879 997 1955 fiunt,
1017 1896 1070 1954 per
1089 1877 1164 1939 solas
1184 1879 1264 1957 seges

66 1990 191 2053 infinitae
217 1990 275 2053 Dei
304 2006 415 2053 naturae
442 1991 534 2068 siunt,
561 2008 591 2053 et
619 2012 656 2053 err
683 1994 850 2054 necessitate
877 1991 942 2069 eiua
968 1990 1095 2052 essentiae
1123 1990 1172 2069 (ut
1192 2008 1263 2052 mox

67 2104 236 2183 ostendam)
257 2104 436 2181 s'equuntur3
464 2124 552 2183 quare
574 2106 652 2167 ntrlla
673 2104 789 2167 ratione
810 2104 868 2167 dici
889 2105 986 2182 potest
992 2149 1003 2181 ,
1028 2105 1124 2165 Deum
1145 2104 1181 2164 ab
1203 2102 1262 2163 alio

67 2216 149 2293 pati,
176 2234 231 2277 aut
259 2216 444 2279 substantiam
473 2216 621 2279 extensam
642 2216 744 2281 divina
765 2233 869 2280 natura
888 2216 1035 2296 indignam
1056 2214 1129 2291 esse3
1149 2214 1261 2277 tametsi

66 2329 224 2391 divifibilis
242 2330 441 2407 supponatur,
462 2332 622 2393 dummodo
641 2346 749 2393 aeterna
767 2345 798 2392 et
815 2330 928 2393 infinita
946 2332 1135 2393 concedatur.
1155 2330 1213 2391 Sed
1224 2332 1261 2391 de

66 2441 112 2504 his
133 2440 392 2521 impraesentiarum
412 2442 490 2506 satis.

447 2603 777 2666 PROPOSITIO
808 2604 890 2665 XVI.

106 2717 160 2777 Ex
181 2716 335 2796 neccfflsasc
361 2717 469 2776 divinae
489 2730 605 2776 natura
624 2717 743 2797 infinita
760 2717 885 2796 infinitis
902 2719 990 2778 modis
1008 2715 1072 2794 (hoc
1092 2717 1130 2796 est
1149 2721 1260 2792 omnia,

66 2849 128 2907 qua
143 2829 206 2907 sub
226 2830 396 2890 intersertum
415 2830 561 2910 infinitum
581 2833 682 2890 cadere
698 2831 826 2910 poffunt)
840 2831 928 2908 sequi
947 2829 1055 2890 debent.

468 2997 862 3068 uumouarnnrro

106 3093 184 3152 Haec
211 3091 378 3169 Propositio
407 3091 568 3170 unicuique
596 3091 746 3156 manifesta
772 3091 829 3152 esse
856 3092 962 3167 debet,
989 3090 1009 3151 st
1033 3093 1123 3153 modo
1144 3093 1181 3152 ad
1200 3091 1260 3152 hoc

65 3206 223 3279 attendat,
243 3205 326 3280 quod
346 3223 384 3264 ex
400 3206 468 3268 data
486 3204 686 3283 cujuscunque
704 3204 745 3268 rei
763 3205 935 3268 definitione
949 3206 1048 3281 plures
1063 3203 1260 3282 proprietates

66 3314 237 3384 intellectus
257 3315 426 3390 concludit,
446 3335 512 3392 quae
533 3334 635 3378 revera
656 3335 693 3378 ex
711 3319 812 3380 eadem
829 3317 900 3398 (hoc
917 3317 975 3391 est,
992 3315 1054 3392 ipsa
1067 3316 1110 3378 rei
1126 3316 1259 3396 essentia)

66 3425 227 3488 necessario
252 3426 431 3506 sequuntur,
457 3444 489 3490 ct
515 3447 553 3490 eo
579 3431 694 3505 plures,
720 3449 783 3507 quo
810 3431 879 3506 plur
903 3428 1043 3491 realitatis
1062 3427 1104 3490 rei
1124 3427 1259 3490 definitio

67 3538 223 3616 exprimit,
250 3540 308 3601 hoc
338 3539 395 3617 est,
422 3559 484 3618 quo
513 3542 579 3618 plus
604 3541 745 3604 realitatia
771 3541 813 3603 rei
833 3539 961 3604 definitae
981 3539 1100 3604 essentia
1119 3541 1259 3605 involvit.

68 3654 146 3716 Cum
157 3669 255 3714 autem
267 3669 369 3716 natura
379 3653 480 3716 divina
492 3653 605 3716 infinita
616 3654 751 3716 absolute
760 3654 900 3718 attributa
911 3654 1259 3735 habeat(perDefin.6.),

67 3783 195 3842 quorun
214 3763 301 3828 eriam
319 3769 553 3846 unumquodque
571 3767 712 3830 infinitam
724 3766 872 3830 essentiam
883 3767 913 3830 in
924 3767 978 3830 suo
988 3786 1094 3848 genere
1104 3768 1259 3846 exprimit,

68 3897 104 3938 ex
117 3877 248 3955 eiusdem
259 3897 329 3958 ergo
340 3881 504 3941 necesitate
515 3879 629 3942 infinita
639 3879 762 3943 infinitis
772 3880 869 3942 modia
879 3881 952 3959 (hoc
962 3880 1118 3958 estomnia,
1127 3900 1193 3959 quae
1205 3881 1258 3943 sub

69 3989 250 4054 intelletium
265 3990 412 4054 infinitum
432 3995 534 4054 cadere
552 3992 686 4074 possunt)
708 3992 866 4055 necessario
880 3992 962 4070 sequi
979 3994 1098 4054 debent.
1123 3995 1157 4070 Q.
1168 3994 1207 4054 Ε.
1216 3995 1257 4056 D.

460 4151 812 4200 conouuanrunr
844 4139 868 4200 s.

109 4249 189 4311 ilinc
211 4248 358 4326 sequimur,
379 4249 475 4311 Deum
497 4249 626 4312 omniurn
647 4251 898 4329 rerum,quaesub
916 4250 1092 4314 intelsesium
1110 4249 1255 4314 infinitum

67 4365 173 4424 cadere
193 4359 329 4438 possunt,
349 4360 406 4422 esse
426 4360 539 4423 causam
560 4362 746 4425 efficientem.

677 4493 682 4535 a
