2934 4900
552 344 608 405 De
640 343 801 417 Mente.
1227 355 1267 422 95

81 521 167 601 Prop.
192 536 240 599 13.
262 519 374 599 bajus).
402 519 544 582 Praeterea
565 519 616 599 (ex
637 519 740 582 Coreli.
754 522 878 600 praeca.
895 533 923 580 et
941 520 1045 580 Coroll.
1065 537 1094 581 a.
1111 521 1199 600 prop.
1221 522 1266 581 16.

81 633 182 714 tujm)
210 635 289 696 clare
317 632 523 714 intelligimus,
548 651 680 710 qaenam
702 632 739 695 stt
757 633 924 696 differentia
944 634 1023 696 inter
1041 635 1136 696 ideam
1156 651 1204 694 ex.
1224 651 1266 712 gr.

81 745 177 822 Petri,
206 763 274 822 quae
302 745 448 807 ellantiam
476 746 588 808 Mentis
616 746 704 822 ipsius
732 745 810 806 Petri
836 745 1005 822 constituit,
1026 760 1058 806 et
1077 746 1154 808 inter
1173 745 1267 806 ideam

81 856 173 934 ipliua
202 857 282 919 Petri
289 901 299 933 ,
329 875 395 934 quae
425 857 456 919 in
487 857 545 918 alio
575 857 710 934 homine,
740 872 814 934 puta
843 857 873 918 in
900 857 993 919 Paulo
1018 856 1069 918 eli
1109 857 1161 916 Illa
1188 855 1264 917 enim

80 969 233 1032 ellentiam
268 969 412 1046 Corporis
441 969 529 1046 ipfius
559 969 640 1032 Petri
672 969 781 1032 direete
815 969 962 1047 explicat,
994 987 1049 1030 nec
1084 968 1266 1030 existentiam

80 1079 232 1156 involuit,
251 1079 304 1142 nili
324 1081 464 1159 quamdiu
483 1083 586 1144 Petrus
604 1081 718 1159 existit;
736 1082 799 1143 haec
816 1098 913 1145 autem
924 1082 1015 1162 magia
1025 1082 1265 1144 constitutionem

81 1192 229 1268 Corporis
258 1191 340 1254 Pauli
371 1209 458 1270 quant
488 1193 566 1254 Petri
597 1209 728 1255 naturam
760 1193 887 1270 indicat,
915 1209 947 1256 et
966 1194 1052 1270 ideo,
1074 1196 1198 1257 durante
1218 1194 1267 1255 illa

80 1304 228 1382 Corporis
248 1305 329 1367 Pauli
347 1305 574 1384 constitutione,
592 1307 679 1368 Mens
697 1305 790 1382 Pauli,
807 1306 942 1385 quamvis
959 1307 1063 1367 Petrus
1078 1305 1265 1382 nonexistat,

80 1418 177 1493 ipsum
208 1434 306 1480 tamen
336 1433 371 1479 ut
401 1417 453 1480 labi
484 1417 653 1495 presentem
681 1417 939 1494 contemplabitur.
979 1418 1088 1494 Porro,
1115 1431 1149 1479 ut
1177 1420 1268 1480 verba

81 1529 190 1591 ulitata
211 1529 404 1607 retineamus,
424 1530 566 1608 Corporis
583 1528 702 1592 humani
719 1529 901 1605 affetiiones,
920 1547 1041 1606 quarum
1059 1528 1132 1591 ideae
1143 1546 1267 1604 corpora

81 1657 206 1702 externa
223 1642 306 1704 velut
323 1641 410 1704 nobis
427 1643 579 1718 praesentia
596 1642 815 1720 repraesentant,
829 1659 923 1705 rerum
934 1641 1074 1720 imagines
1084 1641 1266 1718 vocabimus,

81 1753 197 1814 tametli
224 1771 318 1815 rerum
338 1755 444 1833 figuras
463 1771 525 1816 non
546 1756 685 1816 referunt.
724 1754 765 1815 Et
786 1772 852 1815 cum
873 1756 962 1815 Mens
981 1753 1037 1815 hac
1057 1753 1173 1815 ratique
1193 1771 1265 1815 con·

81 1867 243 1942 templatur
269 1881 411 1942 corpora,
438 1867 558 1928 eandem
585 1865 734 1946 imaginari
755 1865 894 1930 dicemus.
933 1868 1035 1944 Atque
1054 1867 1119 1944 hic,
1138 1883 1175 1929 ut
1194 1868 1267 1944 quid

81 1977 117 2036 stt
131 1972 222 2038 'error
239 1976 369 2039 indicare
389 1977 543 2056 incipiam,
564 1978 676 2040 notetis
696 1978 801 2054 velim,
818 1978 933 2041 Mentis
950 1978 1173 2056 imaginationes
1189 1979 1219 2040 ita
1237 1981 1267 2041 se

72 2089 229 2165 speiiatas
253 2089 326 2151 nihil
348 2089 453 2152 erroris
474 2090 641 2168 continere3
662 2090 721 2154 stve
742 2093 874 2153 Mentem
895 2110 933 2152 ex
953 2109 1007 2167 eo,
1027 2094 1110 2168 quod
1130 2091 1266 2170 imagina-

80 2219 149 2276 tur,
177 2219 240 2262 non
262 2219 372 2278 errare;
393 2202 442 2264 sed
463 2217 577 2264 tantum
599 2218 746 2280 quatenus
766 2203 964 2267 conlideratur
982 2221 1079 2265 carere
1098 2204 1179 2281 idea,
1200 2223 1266 2281 quae

80 2313 268 2376 existentiam
296 2313 407 2376 illarum
434 2331 544 2390 renam,
572 2334 645 2393 quas
667 2315 718 2376 sabi
740 2315 897 2392 praesentes
917 2315 1107 2395 imaginatur,
1126 2315 1266 2378 secludat.

78 2429 158 2489 Nam
188 2425 334 2501 fiMens,
360 2429 428 2491 dum
448 2445 494 2491 res
514 2445 575 2491 non
596 2428 754 2492 existentes
775 2442 808 2491 ut
827 2429 880 2491 fibi
900 2429 1056 2507 praesentes
1076 2429 1266 2509 imaginatur,

79 2539 164 2601 limul
185 2538 288 2615 sciret,
308 2557 354 2599 res
371 2540 434 2604 illas
451 2557 551 2604 revera
569 2558 631 2602 non
649 2540 787 2617 existere,
803 2542 878 2603 hane
893 2542 960 2603 sane
970 2542 1147 2623 imaginandi
1158 2557 1265 2619 poten·

78 2652 150 2713 tiam
174 2650 281 2715 virtuti
303 2651 360 2714 suae
382 2669 509 2730 naturae,
527 2672 587 2715 non
605 2654 683 2716 vitio
700 2654 859 2732 tribueret;
876 2654 1032 2731 prasertim
1048 2653 1069 2713 fi
1087 2654 1149 2715 lraec
1166 2654 1265 2734 Imagi-

79 2763 172 2825 nandi
191 2764 317 2825 facultas
335 2782 350 2823 a
369 2764 428 2825 sola
445 2764 495 2827 lua
512 2780 615 2827 natura
633 2768 792 2844 penderet,
807 2765 867 2827 hoc
884 2766 925 2827 eli
942 2766 1014 2845 (per
1022 2764 1118 2845 D‘fi'l·
1129 2782 1157 2842 7.
1163 2778 1196 2845 p.
1210 2767 1266 2846 1.)‚

77 2875 98 2935 st
121 2878 188 2937 haec
209 2875 323 2936 Mentis
342 2874 518 2955 imaginandi
539 2878 662 2939 facultas
682 2878 773 2939 libera
793 2876 872 2938 edet.

443 3053 770 3115 PROPOSITIO
799 3054 909 3115 XVIII.

120 3184 156 3243 Si
180 3181 291 3262 Corpus
310 3178 464 3241 humanam
483 3200 503 3241 a
522 3182 629 3243 duabus
648 3183 698 3242 ael
707 3182 844 3262 pluribus
860 3180 1026 3260 corporibus
1037 3179 1124 3258 firnal
1135 3177 1267 3257 affedam

72 3294 176 3371 suerit
198 3294 303 3372 semel,
329 3293 381 3354 ubi
406 3296 494 3355 Mens
510 3294 606 3373 postea
625 3313 720 3354 eoram
739 3295 859 3372 aliquod
878 3292 1104 3369 imaginabitur,
1117 3292 1218 3371 statim
1238 3305 1267 3351 et

78 3410 207 3471 aliorum
228 3406 437 3471 recordabitur.

479 3567 871 3614 DEMONSTRA'I'IO.

122 3678 214 3737 Mens
235 3676 306 3757 (per
327 3676 429 3738 Caroli.
445 3678 584 3758 praeca.)
606 3696 714 3755 corpus
736 3678 856 3754 aliquod
876 3695 910 3737 ea
927 3679 964 3737 de
982 3675 1067 3738 causa
1083 3674 1267 3755 imaginatur,

82 3790 154 3866 quia
173 3788 283 3850 scilicet
301 3789 457 3851 humanum
475 3789 592 3867 Corpus
612 3810 627 3851 a
646 3790 779 3867 corporis
796 3788 911 3851 externi
922 3789 1051 3869 vestigiis
1063 3792 1165 3851 eodem
1177 3792 1267 3849 modo

82 3901 211 3963 afficitur
238 3901 477 3979 disponiturque,
498 3921 531 3963 ac
553 3902 686 3964 offellum
708 3902 765 3978 est,
786 3920 851 3963 cum
872 3904 1005 3979 quaedam
1025 3900 1088 3979 ejus
1108 3915 1208 3979 partes
1229 3902 1265 3961 ab

84 4014 149 4089 ipso
177 4030 301 4091 corpore
329 4030 453 4075 externo
482 4015 599 4078 luerunt
625 4012 771 4090 impulsae:
792 4012 843 4075 sed
864 4012 935 4093 (per
953 4002 1128 4092 hyporiefin)
1150 4012 1267 4099 Corpus

84 4140 147 4183 turn
174 4122 217 4183 ita
245 4121 305 4183 fuit
331 4120 520 4199 dispolitum‚
546 4137 579 4183 ut
607 4123 694 4183 Mena
721 4124 782 4183 duo
802 4120 884 4182 srmul
903 4138 1028 4198 corpora
1048 4121 1268 4200 imagInaretur;

83 4252 154 4311 ergo
178 4232 239 4310 jam
268 4232 357 4294 etiam
379 4236 439 4295 duo
460 4233 541 4296 stmul
561 4232 785 4313 imaginabitur,
805 4249 895 4311 atque
916 4234 1004 4294 Mens
1024 4234 1075 4295 ubi
1096 4233 1265 4294 alterutrum

84 4344 308 4425 imaginabitur,
329 4344 423 4406 statim
444 4361 475 4408 et
494 4346 612 4407 alterius
633 4346 842 4408 recordabitur.
865 4348 899 4425 Q.
920 4348 957 4407 Ε.
976 4347 1017 4408 D.
