2934 4900
238 334 296 411 346
595 334 833 393 Tractatus
874 333 1060 394 Politici

234 506 308 583 joris
336 507 474 567 momenti
503 506 610 568 essent:
640 522 673 568 ut
697 508 757 583 jam
786 521 913 584 taccam,
942 511 1023 585 quod
1051 509 1070 567 st
1099 508 1182 569 nimis
1208 510 1299 583 pauci
1325 510 1437 579 essem,

238 620 298 679 sola
329 620 417 680 unius
447 635 497 681 aut
528 620 647 681 alterius
687 619 818 681 absentia
856 639 963 682 mamm
996 620 1121 697 publicis
1151 622 1280 700 negotiis
1317 624 1438 683 adferre

237 732 342 807 posset.
370 732 444 805 Sed,
466 732 605 807 quoniam
627 746 730 793 contra
750 731 782 792 hi
805 731 949 793 Consules
970 733 1038 793 ideo
1059 748 1207 808 creantur,
1228 732 1299 809 quia
1326 752 1438 810 magna

237 842 371 904 Concilia
390 843 516 919 publicis
536 844 664 921 negotiis
683 843 819 921 quotidie
838 863 941 906 vacare
951 861 1117 921 nequeunt,
1127 844 1253 906 medium
1264 845 1438 905 necessario

236 956 283 1015 laic
302 958 488 1032 quarendum
506 956 562 1031 est,
582 972 611 1016 et
631 958 764 1017 defessus
782 957 893 1018 numeri
910 956 1050 1032 temporis
1067 956 1213 1019 brevitate
1230 955 1437 1032 supplendus.

236 1070 337 1144 Atque
359 1071 449 1143 adeo,
471 1066 490 1127 st
513 1071 601 1129 modo
626 1069 764 1147 triginta,
784 1084 835 1129 aut
857 1068 987 1144 circiter,
1008 1068 1038 1128 in
1060 1071 1135 1129 duos
1156 1083 1207 1129 aut
1227 1083 1288 1129 tres
1308 1071 1436 1129 menses

236 1182 393 1261 eligantur,
415 1183 512 1258 plures
534 1197 633 1257 erunt,
652 1202 738 1258 qnam
758 1197 792 1243 ut
811 1183 869 1242 boc
886 1181 968 1244 brevi
986 1197 1117 1256 tempore
1135 1179 1281 1255 corrumpi
1299 1181 1435 1255 poffint;

235 1308 265 1353 et
287 1294 340 1353 hac
361 1296 397 1353 de
419 1294 503 1354 causa
524 1290 611 1353 etiam
632 1292 753 1365 monui,
776 1308 808 1353 ut
829 1293 867 1368 ii,
888 1292 940 1368 qui
958 1292 1105 1353 incorum
1125 1294 1222 1354 locum
1243 1292 1436 1363 succedunt,

235 1406 316 1466 nullo
345 1408 434 1467 modo
462 1404 587 1483 eligendi
615 1403 686 1479 srnt,
715 1403 766 1465 nist
795 1423 833 1465 eo
862 1420 1011 1480 tempore,
1033 1423 1096 1480 quo
1118 1402 1170 1479 ipsr
1191 1403 1378 1477 succedunt,
1402 1420 1435 1461 et

237 1518 284 1578 alii
307 1518 469 1579 discedunt.

275 1630 302 1711 §.
323 1630 459 1691 XXXVI.
500 1630 612 1691 Horum
648 1644 788 1705 praeterea
823 1628 951 1690 officium
989 1626 1043 1688 esse
1080 1628 1227 1703 diximus,
1262 1628 1435 1697 Senatum,

235 1745 353 1819 quando
383 1760 482 1803 eorum
511 1741 617 1817 aliqui,
644 1741 713 1801 licet
741 1740 827 1817 pauci
848 1740 920 1815 sint,
942 1759 1018 1816 opus
1039 1738 1094 1800 esse
1111 1739 1328 1815 judicaverint,
1348 1758 1433 1799 con-

234 1872 359 1929 vocare,
380 1854 481 1930 resque
502 1854 530 1915 in
553 1856 657 1915 eodem
678 1856 875 1916 decernendas
896 1872 1079 1931 proponere,
1101 1855 1240 1915 Senatum
1259 1852 1429 1925 dimittere,

236 1966 356 2044 ejusque
387 1970 423 2027 de
455 1964 583 2045 negotiis
614 1966 740 2042 publicis
771 1968 889 2027 decreta
920 1966 1037 2042 exequi.
1078 1967 1149 2047 Quo
1180 1980 1278 2026 autem
1304 1965 1336 2025 id
1360 1964 1427 2025 steri

235 2077 337 2137 ordine
358 2078 479 2152 debeat,
497 2094 534 2137 ne
552 2094 597 2137 res
619 2076 772 2138 inutilibus
794 2077 1004 2153 questionibus
1021 2077 1072 2139 diu
1090 2078 1306 2153 protrahantur,
1317 2076 1427 2153 paucis

231 2189 290 2265 jam
312 2189 415 2249 dicam.
456 2191 570 2263 Nempe
594 2187 738 2249 Consules
758 2190 795 2248 de
815 2206 845 2248 re
866 2189 896 2248 in
917 2190 1026 2249 Senatu
1047 2190 1255 2264 proponenda,
1277 2202 1327 2263 et,
1348 2186 1424 2263 quid

234 2302 313 2361 s'adiu
343 2318 419 2375 opus
450 2300 501 2374 stt,
532 2300 701 2374 consulant,
730 2317 777 2374 et,
806 2300 826 2361 st
855 2304 892 2362 de
916 2319 953 2361 eo
975 2300 1110 2361 omnibus
1131 2319 1189 2361 una
1210 2299 1299 2362 fuerit
1319 2318 1425 2371 mens,

234 2427 295 2473 tunt
317 2427 485 2474 convocato
507 2413 675 2488 Senata,et
688 2411 849 2488 quaestione
871 2410 972 2474 ordine
993 2410 1142 2487 exposita,
1162 2428 1295 2487 quaenam
1316 2428 1421 2471 eorum

233 2524 268 2585 stt
300 2523 462 2600 sententia,
501 2527 647 2599 doceant,
678 2543 732 2585 nec
764 2525 882 2586 alterius
913 2524 1057 2586 sententis
1087 2523 1253 2599 exspeciata
1284 2522 1420 2600 suffragia

234 2634 334 2696 ordine
366 2635 513 2713 colligant.
562 2637 619 2697 Sed
651 2636 671 2696 fi
704 2636 848 2698 Consules
880 2639 980 2713 plures
1011 2656 1097 2713 quarn
1128 2655 1214 2698 unam
1244 2636 1420 2697 sententiam

233 2746 381 2821 foverint,
408 2764 469 2807 tunt
498 2747 528 2806 in
555 2749 666 2809 Senatu
695 2747 744 2808 illa
765 2751 801 2808 de
823 2748 984 2824 questione
1005 2747 1154 2824 proposrtd
1173 2748 1319 2809 sententia
1338 2748 1420 2823 prior

233 2857 355 2919 dicenda
387 2857 462 2932 erit,
493 2876 558 2934 quae
581 2877 595 2919 a
618 2858 719 2934 majori
752 2858 913 2920 Consulum
944 2877 1065 2920 numero
1095 2860 1325 2934 defendebatur;
1346 2857 1417 2918 etsi

233 2973 332 3032 eadem
354 2991 369 3030 a
390 2971 491 3047 majori
518 2973 643 3032 Senatds
663 2986 693 3032 et
715 2969 876 3032 Consulum
902 2987 984 3047 parte
1013 2990 1074 3032 non
1095 2970 1184 3033 suerit
1205 2974 1345 3046 probata,
1366 2970 1417 3030 sed

234 3083 314 3159 quod
342 3100 478 3143 numerus
506 3081 703 3144 dubitantium
732 3102 763 3143 et
791 3084 960 3162 negantium
987 3082 1068 3144 srmul
1093 3082 1185 3158 major
1209 3082 1314 3156 fuerit,
1335 3085 1416 3158 quod

234 3212 270 3254 ex
292 3195 426 3268 calculis,
454 3210 487 3254 ut
513 3195 571 3269 jam
594 3195 778 3269 monuimus,
806 3195 935 3255 constare
957 3197 1062 3270 debet,
1082 3209 1144 3255 tum
1165 3195 1282 3255 alteram
1303 3194 1417 3254 senten-

234 3305 319 3380 tiam,
349 3324 413 3382 quae
442 3305 580 3381 pauciora
610 3325 695 3382 quam
728 3306 808 3382 prior
834 3307 968 3367 habuerit
996 3306 1072 3367 inter
1099 3305 1241 3366 Consules
1268 3304 1419 3383 suffragia,

234 3419 375 3490 doceant,
398 3432 428 3477 et
449 3415 487 3475 stc
508 3435 596 3492 porro
624 3415 759 3493 reliquas.
780 3419 872 3499 Quod
892 3417 911 3477 st
930 3418 1008 3478 nulla
1025 3437 1041 3477 a
1057 3417 1160 3493 majori
1179 3416 1273 3478 totius
1294 3417 1419 3478 Senatus

233 3543 315 3604 parte
337 3531 460 3604 probata
482 3529 586 3603 fuerit,
608 3529 732 3590 Senatus
751 3529 780 3590 in
799 3529 967 3606 sequentem
986 3529 1062 3590 diem
1081 3546 1132 3590 aut
1150 3530 1179 3590 in
1197 3546 1313 3606 tempus
1330 3533 1417 3592 breve

234 3637 441 3713 dimittendus,
473 3655 507 3701 ut
538 3640 680 3702 Consules
712 3641 828 3702 interim
860 3640 997 3715 videant,
1028 3660 1097 3703 num
1128 3643 1183 3703 alia
1213 3643 1325 3717 media,
1353 3662 1415 3721 qua

234 3749 324 3828 magis
345 3752 450 3826 poffint
471 3753 601 3826 placere,
623 3770 731 3830 queant
753 3752 895 3814 invenire.
916 3754 1007 3835 Quod
1027 3753 1047 3813 st
1070 3756 1147 3815 nulla
1167 3755 1222 3814 alia
1242 3753 1415 3827 invenerint,

233 3863 280 3924 vel
311 3861 348 3935 st,
380 3880 444 3938 quae
477 3863 659 3939 invenerint,
690 3867 815 3926 Senatus
848 3865 939 3942 major
970 3885 1035 3941 pars
1066 3885 1127 3928 non
1148 3867 1335 3943 probaverit,
1355 3883 1413 3928 tum

233 3971 381 4034 Senatoris
410 3971 550 4050 cujusque
579 3975 721 4036 sententia
753 3976 896 4038 audienda
925 3978 983 4053 est;
1012 3978 1041 4038 in
1071 3997 1157 4054 quam
1179 3979 1199 4038 st
1219 3980 1306 4040 etiam
1327 3981 1415 4057 major

234 4087 359 4146 Senatus
380 4105 445 4161 pars
466 4105 525 4148 non
548 4088 649 4162 iverit,
669 4104 730 4150 tum
746 4092 783 4150 de
797 4107 975 4166 unaquaque
996 4089 1138 4152 sententia
1159 4091 1264 4152 iterum
1285 4090 1413 4171 suffragia

234 4199 369 4273 serenda,
390 4214 420 4258 et
442 4217 500 4260 non
523 4215 637 4261 tantum
659 4200 877 4276 affirmantium,
904 4217 938 4262 ut
958 4204 1015 4262 lruc
1036 4203 1128 4280 usque
1149 4204 1272 4280 fadum,
1293 4205 1342 4265 sed
1362 4209 1411 4266 du·

233 4307 389 4369 bitantium
419 4309 504 4369 etiam
532 4325 562 4372 et
591 4310 759 4388 negantium
788 4312 891 4373 calculi
913 4314 1082 4376 numerandi
1110 4314 1194 4392 sunt,
1221 4330 1251 4375 et
1279 4313 1411 4390 saplures
