2934 4900
227 354 267 419 34
645 337 701 397 De
733 338 1004 398 Intellectus

227 513 283 571 dus
315 511 351 570 ab
382 526 482 571 eorum
513 506 654 569 existendi
686 506 774 584 serie,
806 525 903 584 neque
934 508 1021 569 etiam
1047 510 1171 569 arebus
1201 506 1328 569 aetemis.
1369 506 1416 566 lbi

228 622 304 683 enim
336 620 433 683 omnia
464 620 526 680 haec
558 619 624 681 sunt
654 619 736 681 srmrtl
766 623 879 681 natura
921 622 1011 682 Unde
1039 620 1094 681 alia
1121 620 1229 682 auxilia
1257 618 1415 681 necessario

228 732 296 795 sunt
326 733 481 809 quaerenda
502 748 607 808 prater
628 730 693 806 illa,
721 730 830 807 quibus
851 732 960 793 utimur
980 734 1018 793 ad
1039 750 1085 792 rea
1106 747 1229 793 aetemas
1256 748 1416 807 earumque

228 846 307 923 leges
334 844 569 922 intelligendum
598 857 725 905 attamen
754 862 815 904 non
844 844 885 904 est
911 843 999 920 nujus
1026 843 1085 905 loci
1110 862 1145 904 ea
1166 845 1298 919 tradere,
1315 860 1416 918 neque

228 956 315 1017 etiarn
337 975 415 1032 opus
443 956 500 1031 est,
527 954 579 1015 nist
599 955 752 1032 postquam
773 973 866 1016 rerum
888 970 1076 1030 aeternarum,
1097 972 1254 1029 earumque
1273 952 1416 1013 infallibi-

227 1070 297 1132 lium
324 1072 440 1148 legum,
467 1066 657 1129 sufficientem
694 1066 932 1143 acquisiverimus
970 1066 1191 1144 cognitionem,
1221 1064 1417 1140 sensuumque

228 1181 390 1244 nostrorum
411 1195 512 1241 natura
534 1178 621 1240 nobis
642 1177 814 1239 innotuerit.

268 1296 435 1369 Antequam
463 1293 499 1353 ad
527 1309 619 1353 rerum
648 1290 832 1368 srngularium
853 1289 1054 1369 cognitionem
1075 1289 1274 1368 accingamur,
1295 1302 1416 1363 tempus

227 1406 298 1481 erit,
320 1422 353 1466 ut
375 1423 408 1465 ea
430 1403 536 1465 auxilia
558 1404 721 1477 tradamus,
742 1420 808 1479 quae
830 1402 927 1462 omnia
948 1420 985 1463 eo
1008 1404 1148 1475 tendent,
1168 1418 1201 1463 ut
1223 1400 1327 1462 nostris
1349 1400 1415 1459 sen-

226 1520 304 1580 sibus
331 1518 454 1579 sciamus
481 1516 542 1592 uti,
570 1530 600 1575 et
628 1514 827 1591 experimenta
854 1514 941 1577 certis
970 1514 1085 1592 legibus
1112 1530 1143 1575 et
1175 1513 1278 1575 ordine
1299 1514 1415 1586 facere,

228 1650 293 1707 quae
321 1628 465 1691 sufficient
493 1630 529 1689 ad
557 1646 633 1702 rem,
660 1646 725 1703 quae
754 1626 926 1702 inquiritur,
955 1626 1219 1702 determinandam,
1239 1640 1273 1687 ut
1294 1628 1415 1686 undem

228 1761 265 1803 ex
287 1742 322 1801 iis
343 1741 567 1814 concludamus,
589 1738 748 1800 secundum
770 1736 906 1815 quasnam
928 1757 1021 1801 rerum
1044 1754 1214 1800 aeternarum
1235 1739 1315 1815 leges
1336 1738 1415 1799 fasta

228 1854 278 1929 srt,
307 1870 337 1914 et
365 1853 465 1913 intima
494 1850 557 1928 ejus
586 1867 686 1912 natura
715 1849 804 1911 nobis
829 1850 1010 1927 innotescat,
1032 1866 1065 1910 ut
1087 1849 1140 1913 suo
1163 1851 1232 1910 loco
1253 1849 1415 1911 ostendam.

229 1964 303 2040 Hic,
324 1980 357 2024 ut
378 1966 414 2024 ad
435 1962 617 2039 propositum
639 1978 782 2037 revertar,
800 1977 913 2023 tantum
933 1962 1026 2022 enitar
1043 1964 1173 2036 tradere,
1190 1979 1256 2037 quae
1274 1960 1417 2022 videntur

228 2075 399 2150 necessaria,
426 2090 460 2137 ut
487 2077 525 2136 ad
552 2074 752 2153 cognitionem
780 2094 873 2137 rerum
895 2091 1064 2136 aeternarum
1085 2074 1238 2150 pervenire
1259 2074 1415 2149 pofflmus,

228 2207 383 2265 earumque
404 2187 590 2249 definitiones
611 2188 768 2249 formemus
788 2187 1013 2249 conditionibus
1036 2187 1120 2263 supra
1141 2184 1264 2248 traditis.

268 2303 359 2384 Quod
378 2316 412 2361 nt
433 2300 501 2374 fiat,
527 2300 724 2361 revocandum
746 2298 776 2359 in
797 2298 962 2361 memoriam
983 2299 1031 2373 id,
1056 2301 1138 2375 quod
1159 2299 1243 2375 liapra
1264 2298 1411 2373 diximus;

228 2432 331 2491 nempe
360 2415 458 2490 quod,
486 2412 537 2474 ubi
563 2430 644 2474 mens
665 2414 701 2474 ad
722 2411 847 2489 aliquam
865 2412 1076 2492 cogitationem
1096 2411 1241 2488 attendit,
1261 2427 1295 2472 ut
1317 2411 1410 2488 ipsam

227 2529 405 2605 perpendat,
425 2527 567 2602 bonoque
589 2525 691 2586 ordine
713 2544 751 2586 ex
771 2544 806 2586 ea
827 2528 971 2600 deducat,
991 2544 1058 2602 qua
1078 2524 1206 2604 legitime
1228 2525 1295 2585 sunt
1315 2527 1412 2587 dedu·

228 2639 339 2712 tenda,
366 2638 386 2697 sa
413 2655 446 2697 ea
474 2636 543 2696 falsa
572 2635 677 2711 fuerit,
706 2636 857 2696 falsitatem
886 2638 1022 2715 deteget,
1050 2635 1091 2696 sm
1119 2653 1215 2697 autem
1242 2654 1326 2711 vera,
1349 2651 1413 2697 tum

228 2750 489 2826 faciliter*perget
508 2747 567 2808 stne
588 2749 654 2809 ulla·
666 2747 882 2824 interruptione
902 2767 948 2809 res
968 2767 1053 2811 veras
1074 2747 1142 2810 inde
1163 2749 1324 2823 deducere;
1339 2748 1417 2822 hoc,

229 2863 363 2938 inquam,
385 2861 421 2921 ad
443 2859 565 2921 nostram
585 2877 644 2920 rent
665 2859 830 2936 requiritur.
870 2861 947 2920 Nam
964 2879 1001 2920 ex
1019 2861 1100 2921 nullo
1118 2861 1310 2921 fundamento
1329 2860 1415 2938 cogi-

230 2973 358 3059 tationes
389 2970 492 3032 nostrae
523 2969 669 3030 temrinari
699 2987 823 3048 queunt.
864 2971 894 3032 Si
925 2971 1014 3052 igitur
1043 2991 1101 3032 rem
1133 2971 1262 3032 omnium
1293 2971 1415 3048 primam

230 3082 402 3161 investigare
433 3080 574 3157 velimus,
605 3080 715 3142 necesse
748 3081 789 3142 est
820 3081 880 3143 dari
911 3082 1032 3158 aliquod
1062 3083 1299 3158 fundamentum,
1330 3087 1416 3159 quod

233 3194 343 3256 nostras
374 3191 571 3271 cogitationes
603 3209 639 3253 eo
672 3191 786 3270 dirigat.
828 3193 960 3268 Deinde,
990 3193 1058 3270 quia
1089 3194 1246 3255 methodus
1276 3193 1318 3254 est
1353 3194 1417 3270 ipsa

231 3301 363 3380 cognitio
401 3299 540 3362 reflexiva
552 3345 562 3375 ,
598 3300 656 3360 hoc
688 3301 929 3378 fundamentum,
959 3306 1041 3379 quod
1072 3303 1183 3364 nostras
1213 3303 1417 3382 cogitationes

229 3415 350 3493 dirigere
378 3415 483 3487 debet,
511 3412 620 3472 nullum
647 3412 727 3474 aliud
747 3414 845 3488 potest
866 3413 941 3488 elle,
962 3434 1048 3491 quarn
1069 3416 1202 3496 cognitio
1224 3417 1308 3494 ejus,
1329 3422 1415 3494 quod

229 3528 361 3586 sormam·
377 3521 510 3588 veritatis
537 3522 705 3599 constituit,
728 3540 759 3585 et
779 3526 913 3604 cognitio
938 3526 1118 3605 inmundus,
1139 3528 1260 3606 ejusque
1281 3530 1418 3605 proprie-

230 3653 322 3698 tatum
354 3651 385 3697 et
411 3633 535 3697 virium:
567 3636 621 3696 hac
653 3635 729 3696 enim
762 3637 900 3714 acquisita
932 3641 1152 3701 fundamentum
1183 3641 1417 3717 habebimus,a

229 3768 290 3826 quo
312 3747 423 3810 nostras
443 3745 640 3824 cogitationes
660 3749 856 3825 deducemus,
878 3765 908 3810 et
930 3751 1027 3826 viam,
1048 3771 1106 3828 qua
1124 3751 1306 3827 intellectus,
1322 3769 1417 3828 prout

229 3861 293 3940 ejus
320 3863 376 3922 sert
403 3857 566 3934 capacitas,
591 3858 743 3934 pervenire
766 3861 878 3936 poterit
899 3864 1050 3924 adrerum
1072 3880 1242 3925 aeternarum
1264 3865 1417 3942 cognitio-

228 3995 311 4051 nem,
330 3972 431 4034 habita
450 3969 582 4032 nimirum
602 3971 715 4032 ratione
737 3972 841 4035 virium
863 3972 1037 4036 intellestus.

269 4088 359 4171 Quod
389 4084 410 4145 sn
442 4101 514 4146 vero
546 4086 583 4146 ad
615 4100 744 4146 araturam
777 4085 968 4164 cogitationis
999 4088 1143 4163 pertineat
1174 4107 1258 4150 veras
1290 4090 1417 4150 formare

240 4247 515 4262 -μ-ι-ι-

263 4335 275 4364 e
310 4335 376 4383 Aut:
388 4329 520 4394 feliciter.
536 4357 568 4368 -
586 4329 634 4380 Ed.
650 4331 705 4381 Pa:
719 4329 847 4396 feciliter.
