2934 4900
218 329 278 396 502
695 315 933 376 Tractatur

219 495 290 574 quin
311 495 340 556 in
360 494 459 574 lingua
479 495 618 572 llebraea,
638 491 722 555 sicuti
740 491 770 554 in
792 490 929 569 reliquis,
947 489 1041 552 muna
1061 485 1403 564 obsolettetantiqum

219 608 362 687 posterior
381 607 449 670 usus
470 607 590 685 fecerit,
612 623 642 669 et
663 621 778 684 reperta
797 603 909 667 fuerint
928 605 965 665 ab
986 602 1097 665 ultimis
1115 600 1225 663 scribis
1238 602 1270 662 in
1288 602 1404 676 Bibliis,

220 719 351 799 quae,uti
372 719 516 798 diximus,
538 719 634 781 omnia
655 727 1005 793 notaverunt,utcoram
1025 716 1141 792 populo
1159 713 1327 775 secundum
1343 731 1402 775 tun

218 846 368 908 receptum
395 831 477 894 usum
504 833 678 912 legerentur.
719 831 783 892 llac
804 829 894 909 igitur
913 830 951 890 de
970 826 1056 889 cruit
1075 843 1182 888 nomen
1201 843 1262 905 'm
1283 825 1404 903 rodger
1436 826 1437 829 ’

219 949 329 1027 ubique
350 963 484 1011 notatum
506 948 657 1026 reperitur,
679 947 749 1025 quia
770 946 936 1024 antiquitus
955 943 1118 1006 communis
1137 959 1200 1005 erat
1219 943 1358 1024 generis,
1377 963 1404 1005 er

218 1061 295 1124 idem
316 1061 510 1143 significabat,
534 1064 616 1140 quod
637 1063 715 1139 apud
736 1060 861 1122 Latinos
881 1059 1011 1128 Iuvenis.
1034 1055 1084 1118 sic
1103 1057 1190 1118 etiam
1209 1058 1405 1120 Hebraeorum
1437 1042 1438 1045 Ἴ

218 1174 391 1252 metropolis
421 1174 522 1238 vocari
554 1175 633 1252 apud
664 1173 804 1250 antiquos
834 1171 949 1266 solebat
979 1171 1105 1244 mvi-p
1135 1171 1316 1246 Jerusalem,
1344 1189 1403 1230 non
1438 1130 1439 1207 l

217 1302 316 1351 autem
344 1277 482 1364 nrbmrm
510 1289 696 1366 Jerusalairn.
737 1287 784 1347 De
811 1285 984 1361 pronomine
1013 1297 1079 1360 mn
1104 1287 1166 1364 ipse
1185 1285 1309 1362 etipsa
1328 1285 1402 1345 idem

217 1405 329 1481 sentio,
359 1407 442 1482 quod
472 1405 581 1466 scilicet
611 1403 790 1466 recentiores
818 1403 921 1476 nVau
941 1402 971 1463 in
997 1403 1089 1483 *Jod
1109 1415 1301 1462 mutavemnt
1323 1401 1403 1479 (que
1439 1392 1440 1399 '

218 1521 343 1583 mutatio
364 1521 394 1582 in
415 1522 538 1582 Hebraea
559 1521 657 1600 lingua
678 1521 816 1597 frequens
844 1517 916 1600 est),
944 1537 1009 1580 cum
1037 1535 1129 1598 genus
1157 1517 1343 1580 foemininum
1370 1520 1404 1578 sr-

219 1635 354 1714 gnificare
384 1635 542 1710 volebant3
564 1648 595 1693 at
615 1635 697 1710 quod
718 1631 833 1710 antiqui
854 1651 915 1693 non
936 1631 988 1692 nist
1008 1631 1162 1695 vocalibus
1181 1630 1270 1708 hujus
1291 1649 1406 1709 prono-

218 1747 304 1808 minis
334 1746 514 1808 foemininum
546 1765 563 1805 a
593 1743 752 1806 masculino
783 1744 918 1805 solebant
949 1741 1134 1822 distinguere.
1182 1743 1232 1805 Sic
1260 1759 1407 1820 praetetea

218 1862 400 1938 quorundam
426 1861 582 1922 verborum
609 1855 753 1920 anomalia
780 1856 836 1918 alia
858 1859 937 1934 apud
957 1856 1071 1932 priores
1091 1856 1147 1917 alia
1167 1859 1247 1933 apud
1267 1857 1406 1933 posteros

218 1971 290 2050 fuit;
305 1988 336 2034 et
347 1971 474 2050 denique
495 1969 609 2048 antiqui
629 1969 720 2033 literis
742 1970 926 2051 paragogicis
949 1985 1089 2044 mmm
1109 1967 1242 2049 singulari
1263 1969 1309 2030 sui
1330 1985 1406 2030 tem·

217 2085 299 2164 poris
321 2085 464 2165 elegantia
487 2087 655 2147 utebantur.
695 2087 770 2168 Quae
793 2085 891 2146 omnia
912 2084 959 2146 hic
981 2085 1080 2147 multis
1101 2084 1242 2162 exemplis
1261 2084 1406 2146 illustrare

217 2197 340 2276 pollen,
362 2198 410 2260 sed
432 2199 503 2259 nolo
525 2198 646 2260 tediosa
664 2198 790 2260 ledione
808 2201 946 2262 rectorem
964 2199 1104 2261 detinere.
1124 2201 1166 2260 At
1183 2199 1204 2259 st
1222 2199 1290 2276 quis
1308 2217 1408 2280 roget,

217 2312 295 2371 unde
323 2311 385 2372 haec
413 2309 570 2372 noverim?
598 2311 780 2389 respondeo,
802 2310 870 2388 quia
890 2310 953 2388 ipsa
974 2315 1053 2388 apud
1074 2312 1283 2390 antiquillimos
1303 2313 1406 2389 Scrip-

217 2436 313 2498 tores,
342 2440 444 2499 nempe
472 2421 502 2484 in
529 2421 631 2485 Bibliis
659 2423 734 2500 saepe
762 2422 873 2501 reperi,
900 2442 955 2487 nec
977 2439 1075 2488 tumen
1096 2445 1148 2489 eos
1168 2425 1275 2504 posteri
1295 2425 1408 2489 imitati

216 2537 392 2613 voluerunt3
419 2555 485 2613 quae
513 2537 599 2599 unica
627 2538 667 2598 cst
695 2536 798 2615 causa,
826 2542 905 2601 unde
927 2540 958 2601 in
980 2540 1100 2618 reliquis
1125 2540 1248 2621 linguis,
1268 2544 1408 2619 quumvis

213 2646 273 2725 jam
294 2648 381 2711 etiam
402 2648 543 2726 mortuis,
564 2664 661 2711 tamen
683 2652 774 2714 verba
795 2651 930 2713 obsoleta
951 2653 1122 2713 noscuntur.

256 2762 314 2821 Sed
335 2761 412 2822 forte
435 2760 529 2822 adhuc
547 2761 651 2840 aliquis
669 2762 804 2840 instabit,
820 2782 886 2825 curu
905 2782 961 2843 ego
978 2762 1130 2825 maximam
1146 2764 1247 2825 hatum
1265 2780 1407 2825 notarum

216 2889 327 2949 partem
348 2872 453 2934 dubias
474 2872 530 2935 elie
550 2874 691 2937 leitiones
712 2874 879 2953 statuerim,
898 2894 951 2938 cur
971 2896 1119 2955 nunquam
1137 2876 1293 2938 uniusloci
1304 2880 1406 2953 plures

217 3004 303 3063 quam
324 2988 389 3047 duae
410 2984 550 3049 lediones
572 3002 694 3064 repertae
715 2986 793 3049 sint?
814 3007 867 3050 cur
886 2990 1043 3067 aliquando
1065 3010 1126 3053 non
1142 3008 1203 3052 tres
1219 2994 1268 3053 vel
1286 2994 1407 3068 plures?

215 3096 331 3158 Deinde
360 3099 441 3173 quod
471 3098 603 3174 quaedam
624 3096 654 3158 in
676 3096 801 3175 Scriptis
824 3102 900 3162 adeo
920 3101 1070 3163 manifeste
1091 3103 1292 3164 Grammaticae
1315 3122 1405 3181 repu-

216 3224 323 3287 gnant,
354 3226 419 3285 quae
450 3208 481 3269 in
511 3209 637 3288 margine
668 3212 745 3272 recle
777 3226 933 3289 notantur,
954 3230 989 3275 ut
1008 3214 1125 3276 minime
1152 3219 1330 3278 credendum
1353 3218 1405 3293 sit,

215 3318 321 3381 scribas
349 3322 455 3381 herere
483 3319 609 3398 potuilie
640 3336 687 3399 et,
715 3337 780 3385 utra
808 3324 879 3385 elset
903 3344 989 3403 vera,
1011 3326 1152 3388 dubitare.
1193 3329 1251 3390 Sed
1278 3332 1318 3391 ad
1339 3332 1404 3391 haec

216 3433 303 3493 etiam
331 3432 415 3494 facile
442 3433 652 3511 respondetur;
680 3450 710 3495 et
739 3435 856 3513 quidem
884 3441 921 3499 ad
943 3443 1073 3519 primum
1092 3439 1177 3517 dico,
1197 3440 1296 3517 plures
1318 3442 1403 3503 mine

216 3542 392 3621 electiones,
420 3562 506 3622 quam
535 3562 607 3623 quas
635 3544 665 3607 in
695 3548 800 3610 nostris
828 3550 983 3612 codicibus
1008 3564 1128 3611 notatas
1156 3550 1327 3628 reperimus.
1369 3554 1401 3613 In

215 3658 358 3720 Talmude
387 3658 463 3719 enim
490 3659 587 3734 plures
616 3675 776 3736 notantur,
804 3679 869 3738 quae
890 3681 906 3721 a
927 3661 1084 3723 Maioretis
1105 3664 1242 3742 negleiiae
1263 3662 1350 3741 sunt3
1372 3682 1401 3725 et

215 3784 274 3830 tam
295 3785 394 3845 aperte
421 3769 521 3830 multis
542 3768 572 3831 in
593 3770 668 3831 locis
689 3774 725 3833 ab
749 3770 849 3833 iisdem
881 3775 1039 3848 recedunt,
1061 3789 1095 3835 ut
1115 3774 1331 3852 superstitiosus
1353 3778 1400 3837 ille

215 3882 361 3941 correitor
379 3880 539 3943 Bibliorum
560 3883 835 3963 Bombergianorum
856 3888 973 3946 tandem
995 3888 1115 3948 cordus
1136 3886 1224 3948 fuerit
1245 3888 1349 3964 lateri,
1369 3890 1398 3949 in

215 3994 265 4055 sua
285 3992 469 4071 praefationi,
490 3994 519 4055 se
541 4011 593 4056 eos
614 3994 801 4056 reconciliare
823 3996 951 4059 nescire:
973 3987 1042 4074 &Sp
1062 3989 1180 4075 ipsun&
1210 4016 1307 4079 pm
1339 3992 1397 4075 ὡκ,

214 4108 352 4167 nnrunn
373 4083 414 4175 bu
435 4083 543 4169 unm
564 4111 672 4171 nuni-r
695 4112 828 4173 numm
850 4086 926 4178 iul
946 4116 1113 4176 nummu
1143 4117 1191 4180 et,
1212 4101 1309 4179 insuit
1330 4104 1398 4181 hic,

214 4196 352 4271 nescimus
379 4196 565 4274 respondere,
591 4196 646 4275 nist
672 4200 749 4275 quod
760 4200 858 4279 supra
879 4202 1089 4281 respondimus,
1111 4219 1214 4278 nempe
1236 4204 1313 4280 quod
1329 4204 1398 4282 usur

222 4304 368 4371 Talmudr's
385 4306 423 4384 est
441 4306 602 4383 Masoretis
623 4312 827 4373 contradicere.
847 4311 946 4395 Quare
964 4332 1024 4375 non
1041 4312 1110 4375 satis
1121 4333 1187 4377 curu
1204 4315 1396 4378 fundamento
