2934 4900
449 317 504 382 De
545 315 816 382 Affectibua.
1168 329 1226 398 159

409 494 732 558 PROPOSITIO
763 494 858 555 xiv.

65 607 106 668 St'
130 609 202 684 qais
221 607 346 684 aliquem
360 607 419 685 ,tat
437 606 555 685 fimiiem
583 609 653 668 Odia
673 612 705 667 in
725 625 786 668 rem
802 606 860 685 fibi
872 606 1004 684 ssmiiem,
1026 625 1112 684 quam
1131 620 1226 684 amat,

22 715 169 794 affeflum
189 719 242 798 effe
260 724 457 797 imaginatur,
477 739 539 782 eum
560 723 621 780 odia
641 719 769 782 habebit.

442 883 837 927 ormonsnaarro

66 979 151 1038 Nam
176 997 222 1038 res
243 994 336 1040 amata
358 997 423 1041 eum
431 1024 440 1055 ,
461 979 512 1056 qui
534 978 623 1054 ipsam
645 978 727 1053 odit,
748 978 819 1040 odio
838 995 939 1039 eontra
956 979 1045 1040 habet
1057 979 1129 1058 (per
1138 980 1227 1060 Prop.

26 1109 76 1168 40.
100 1090 226 1168 hujus):
248 1094 381 1170 adeoque
402 1111 513 1167 amans,
536 1091 587 1168 qui
609 1092 733 1168 aliquem
755 1091 928 1170 imaginatur
947 1110 1005 1152 rem
1021 1090 1226 1169 amatamodio

26 1203 161 1278 habere,
182 1223 220 1264 eo
239 1203 301 1280 ipso
320 1223 379 1265 rem
397 1221 519 1266 amatam
536 1205 634 1278 Odi0,
648 1205 706 1264 hoc
722 1203 763 1264 est
779 1203 850 1283 (per
861 1203 1054 1284 SchoiProp.
1069 1221 1114 1280 13.
1125 1203 1227 1282 hujus)

27 1316 187 1392 Tristitia,
218 1317 349 1379 affectam
379 1317 432 1378 eiie
461 1317 649 1396 imaginatur,
678 1334 708 1377 et
737 1317 950 1393 consequenter
977 1315 1048 1396 (per
1068 1317 1157 1395 Prop.
1180 1332 1228 1375 21.

29 1427 137 1508 nujus)
170 1427 373 1506 contristatur,
400 1431 490 1507 idque
517 1429 738 1490 concomitante
764 1430 829 1490 idea
851 1429 935 1505 ejus,
956 1427 1006 1505 qui
1027 1447 1086 1488 rem
1107 1444 1229 1490 amatam

30 1539 117 1614 odit,
152 1557 293 1618 tanquam
324 1541 426 1617 causa;
453 1542 511 1603 hoc
540 1542 581 1602 est
609 1541 680 1621 (per
702 1539 796 1602 Seirai.
817 1542 905 1620 Prap.
931 1559 976 1618 13.
997 1539 1116 1619 liujus),
1136 1538 1229 1616 ipsum

30 1653 105 1714 odio
128 1653 265 1715 habebit.
308 1655 342 1731 Q.
363 1655 400 1715 E.
421 1655 461 1716 D.

401 1815 729 1878 PROPOSITIO
763 1816 871 1878 XLVI.

70 1927 112 1988 St'
139 1931 208 2004 quis
231 1927 270 1987 ab
293 1929 389 2004 aliqua
413 1929 561 2006 cujusdam
588 1930 604 1962 *
631 1929 718 2008 claffis
740 1929 803 2005 stae
826 1931 953 1988 nationis
978 1928 1072 2004 asua
1091 1928 1229 2002 diuersa,

34 2040 164 2100 Laetitia
201 2041 249 2099 uel
288 2039 423 2118 Tristitia
457 2037 575 2118 affedus
604 2039 711 2117 fuerit,
743 2045 941 2101 concomitante
970 2043 1032 2117 ejus
1061 2041 1146 2113 idea,
1170 2039 1230 2116 sub

31 2157 147 2212 nomine
174 2153 339 2229 uniuersali
363 2153 452 2233 ciaffis
479 2154 528 2212 uel
544 2157 686 2228 nationis,
713 2168 852 2231 tanquam
872 2155 976 2229 causa:
996 2157 1024 2211 t's
1043 2171 1097 2212 nan
1117 2165 1230 2212 tantam

31 2267 130 2338 tilam,
155 2265 216 2340 sed
238 2282 331 2323 amnes
357 2267 481 2342 ejusdem
505 2266 594 2346 claffls
613 2267 663 2326 vel
679 2270 806 2326 natt'am'r
825 2266 936 2326 amabit
955 2267 1005 2324 uel
1021 2266 1083 2325 adia
1103 2262 1230 2323 habebit.

438 2427 832 2474 annonaraarro

72 2522 179 2599 Hujus
200 2521 242 2582 rei
263 2522 470 2585 demonstratio
492 2538 574 2599 patet
596 2541 633 2583 ex
654 2522 859 2599 Propofitione
883 2528 929 2585 16.
950 2522 1039 2600 hujus
1059 2522 1162 2584 Partis.

393 2684 722 2747 PROPOSITIO
753 2684 877 2746 XLVII.

74 2798 220 2871 Laen'tt'a,
239 2814 302 2874 quae
322 2817 358 2857 en
379 2818 407 2856 eo
428 2802 542 2873 oritur,
563 2800 640 2875 quad
652 2798 765 2875 scilicet
784 2816 844 2857 rem
851 2843 861 2873 ,
877 2816 962 2875 quam
977 2799 1099 2871 adimus,
1109 2796 1231 2875 destrui,

38 2922 86 2966 aut
103 2908 167 2967 alt'o
184 2908 258 2967 mata
274 2906 355 2985 affici
371 2910 585 2982 imaginamur,
603 2926 658 2966 non
674 2910 772 2967 oritur
787 2905 895 2984 absque
909 2908 970 2967 ulla
980 2910 1072 2967 animi
1087 2906 1231 2984 Tristitia.

444 3068 828 3112 ormonsanaaro

76 3181 164 3241 patet
186 3184 223 3224 ex
244 3164 331 3239 Prop.
353 3180 400 3239 27.
422 3162 520 3240 huJus.
542 3164 616 3224 Nam
636 3178 782 3239 quatenus
802 3180 860 3221 rem
877 3159 964 3222 nobis
976 3160 1090 3220 similem
1101 3160 1232 3221 Tristitia

41 3277 113 3337 affici
137 3274 341 3353 imaginamur,
364 3291 486 3335 eatenus
507 3274 717 3335 contristamur.
801 3286 815 3301 ‘

511 3436 716 3479 scnoutu
729 3435 767 3479 m.

77 3531 183 3593 Poteii
203 3530 265 3593 hec
286 3529 452 3607 Proposttio
475 3530 562 3591 etiam
583 3530 769 3591 demonstrari
788 3548 826 3591 ex
843 3528 1233 3606 CorollarioPropofitionia

46 3662 86 3721 17·
110 3643 208 3705 Partis
227 3661 256 3703 2.
285 3642 414 3724 Quoties
442 3641 518 3702 enim
547 3641 587 3702 rei
617 3644 819 3715 recordamur,
846 3641 980 3719 quamvis
1004 3640 1064 3717 ipsa
1085 3643 1152 3703 aeto
1172 3658 1233 3701 non

44 3758 167 3831 existat,
199 3758 319 3817 eandem
352 3771 464 3817 tantum
499 3771 531 3817 ut
564 3754 735 3831 piaesentem
771 3755 1021 3831 contemplamur,
1057 3754 1233 3831 Cornuaque

45 3874 147 3933 eodem
180 3870 270 3929 modo
302 3866 446 3942 afficitur3
474 3884 562 3943 quare
592 3882 738 3943 quatenus
767 3866 808 3928 tei
834 3867 970 3927 memoria
992 3867 1093 3946 viget,
1113 3883 1235 3929 eatenus

46 3986 133 4045 homo
164 3980 375 4043 determinatur
402 3982 439 4041 ad
467 3983 586 4042 eandem
615 3998 682 4041 cum
709 3979 840 4041 Tristitia
868 3980 1146 4055 contemplandum,
1167 3996 1233 4055 quae

45 4090 269 4169 determinatio,
290 4107 425 4153 manente
447 4093 541 4153 adhuc
562 4091 603 4152 rei
625 4091 766 4170 imagine,
787 4095 939 4153 coercetur
959 4090 1077 4169 quidem
1098 4090 1235 4151 memoria

78 4342 90 4371 ⁸
126 4340 175 4393 Bd·
191 4341 249 4391 arn
268 4336 405 4403 cujusdem·
423 4336 597 4405 Corrigenda:
617 4334 735 4402 ejusdam.
