2934 4900
392 329 447 389 De
488 326 718 387 Libertate
759 324 953 386 Humana.
1203 338 1258 401 251

79 500 184 575 efficere
210 500 324 561 undem
347 503 459 579 potuit,
482 514 517 559 ut
536 500 696 580 domesticus
715 505 839 577 venari,
859 506 1007 561 venaticus
1027 516 1128 563 contra
1147 522 1167 563 a
1187 506 1260 583 lepo-

80 614 160 673 ribus
180 614 329 690 sedandis
354 613 495 692 obstinere
522 612 698 692 affuesceret.
739 614 817 674 lluic
835 618 962 693 opinioni
980 634 1034 675 non
1050 628 1158 695 parurn
1171 615 1262 691 fauet

81 725 233 802 Cortefiur.
273 726 354 786 Nom
374 726 498 803 statuit,
524 722 660 785 Animam
678 723 734 801 feu
762 726 890 787 Mentem
917 730 1029 787 unitam
1045 732 1191 807 precipue
1210 729 1261 807 effe

79 840 188 897 atridam
204 841 292 916 parti
310 837 438 912 cerebri,
455 838 604 912 glandula
617 838 732 915 scilicet
747 840 860 917 pineall
878 839 977 913 dide,
1004 838 1084 915 cujus
1103 850 1153 917 ope
1172 840 1261 899 Mens

80 964 166 1009 nutus
196 968 304 1024 omnes,
335 954 387 1027 qui
415 953 447 1007 t'n
478 950 605 1027 Corpore
622 953 799 1024 excitantur,
830 963 859 1010 et
887 948 994 1025 objecio
1013 964 1135 1009 externa
1150 950 1260 1027 sentit,

79 1082 216 1140 quomque
242 1064 330 1123 Mens
356 1082 386 1121 eo
406 1064 485 1139 folo,
506 1065 583 1140 quod
599 1064 681 1137 uult,
699 1066 788 1123 uarie
805 1080 918 1123 mouere
934 1062 1032 1141 potest.
1072 1064 1158 1124 Hanc
1173 1064 1260 1139 glan·

78 1176 172 1233 lulum
200 1178 234 1233 in
263 1174 352 1234 medio
381 1174 495 1235 cerebri
520 1178 566 1234 ita
580 1176 753 1254 suspensam
774 1175 825 1254 effe
839 1176 963 1254 statuit,
982 1188 1016 1235 ut
1034 1178 1149 1234 minimo
1163 1176 1260 1254 spiri-

78 1300 153 1345 tuum
173 1287 341 1346 animalium
360 1299 436 1346 motu
451 1287 532 1368 pofflt
562 1290 679 1347 moueri.
719 1288 831 1348 Deinde
845 1287 969 1365 statuit,
990 1287 1065 1364 qnod
1089 1284 1149 1348 hec
1172 1288 1260 1363 glans

78 1411 117 1456 tot
135 1400 236 1458 uariis
254 1400 343 1458 modis
361 1402 394 1456 in
414 1398 502 1459 medio
523 1399 637 1459 cerebro
650 1401 865 1477 suspendatur,
887 1412 954 1475 quot
973 1400 1071 1458 variis
1090 1400 1178 1458 modis
1192 1402 1258 1478 spi-

79 1515 152 1569 ritur
179 1512 320 1570 animales
349 1514 381 1569 in
411 1513 526 1571 eundern
556 1515 738 1589 impingunt,
771 1524 799 1571 et
829 1512 906 1588 quod
927 1502 1074 1590 preterea
1100 1524 1142 1571 tot
1167 1515 1260 1571 uaria

77 1623 197 1699 vestigio
223 1626 255 1681 in
280 1624 375 1682 endem
394 1627 613 1702 imprimantur,
634 1636 703 1700 quot
722 1626 813 1683 uario
833 1622 940 1699 objelia
959 1636 1081 1682 externa
1100 1624 1177 1701 ipsos
1191 1625 1258 1702 spi·

78 1738 151 1795 ritus
170 1736 309 1795 animales
335 1738 440 1813 mersus
468 1737 582 1795 eandem
599 1738 786 1816 propellunt,·
806 1738 879 1796 unde
897 1736 950 1815 Jit,
970 1734 1044 1813 utst
1061 1737 1148 1811 glans
1164 1736 1259 1815 posteo

77 1849 112 1906 ab
138 1850 252 1909 Anime
281 1849 445 1927 uoluntate,
475 1849 557 1908 illam
587 1847 771 1926 diuerfimode
794 1860 935 1921 nnnente,
956 1844 1007 1906 ltoc
1033 1860 1085 1907 aut
1108 1847 1157 1906 illo
1182 1848 1259 1906 modo

73 1962 278 2039 suspendatur,
306 1980 360 2037 quo
381 1962 473 2038 semel
490 1958 558 2036 fuit
572 1961 719 2039 suspensa
739 1958 952 2038 aspiritibur,
973 1958 1023 2019 ltoc
1041 1973 1094 2019 aut
1113 1960 1162 2019 illo
1182 1960 1259 2019 modo

78 2078 216 2147 agitatis,
238 2087 298 2132 tum
316 2070 385 2151 ipsa
401 2074 489 2149 glans
511 2073 735 2151 ipsor.spiritur
761 2073 899 2132 animales
918 2073 1008 2131 eodem
1028 2073 1104 2131 ntodo
1120 2072 1260 2151 propellet

77 2200 102 2243 et
120 2187 339 2259 determinabit,
356 2204 391 2245 nc
410 2199 529 2246 antean
539 2185 628 2262 simili
644 2186 791 2259 glandula
805 2183 986 2263 suspendore
1005 2185 1109 2263 repulss
1121 2184 1257 2261 fuerant.

77 2294 224 2356 Pretereo
238 2296 359 2373 statuit,
379 2314 606 2373 unamquamque
625 2298 739 2355 Mentis
748 2296 923 2357 uoluntatem
939 2298 1063 2356 Natura
1078 2298 1131 2376 effe
1146 2302 1258 2357 unitam

76 2422 148 2468 certo
167 2409 281 2469 occidam
297 2410 416 2485 glandis
437 2412 532 2469 motui.
554 2408 612 2468 Bm.
626 2426 677 2484 gr.
692 2406 720 2486 fi
740 2411 805 2484 quis
824 2408 999 2468 uoluntatem
1019 2404 1106 2468 ltabet
1124 2406 1258 2483 objelium

76 2535 209 2581 remotum
227 2525 373 2596 intuendi,
394 2521 455 2582 nec
473 2522 609 2581 voluntas
629 2521 745 2596 efficiet,
765 2534 800 2581 ut
815 2521 931 2600 pupilla
947 2521 1104 2592 dilatetur,·
1115 2522 1173 2598 fed
1182 2521 1209 2598 fi
1225 2523 1259 2580 de

71 2635 134 2707 solo
152 2636 307 2695 dilatanda
321 2635 438 2714 pupilla
458 2639 580 2710 cogitet,
607 2632 686 2694 neoti
700 2635 835 2713 proderit
855 2633 915 2708 ejus
936 2637 981 2692 rei
999 2632 1107 2694 ltabere
1125 2635 1257 2693 volunta·

76 2760 144 2821 tem,
164 2751 236 2824 quia
256 2747 380 2807 Natura
399 2765 455 2806 non
468 2747 574 2822 junxit
594 2759 699 2806 motum
715 2748 849 2822 glandis,
870 2750 921 2823 qui
939 2748 1066 2823 inseruit
1085 2747 1259 2825 impellendis

72 2857 229 2935 spiritibus
258 2860 364 2935 uersus
393 2877 513 2918 neruum
546 2861 679 2937 Opticum
709 2859 786 2918 modo
817 2861 995 2917 conveniente
1024 2857 1183 2916 dilatando
1213 2859 1262 2916 uel

78 2965 275 3027 contrahenda
290 2968 426 3046 pupille,
446 2986 508 3026 curn
526 2968 676 3026 uoluntate
696 2969 812 3026 eandem
831 2967 977 3027 dilatandi
996 2969 1045 3026 uel
1062 2965 1259 3042 contrahendi,

73 3077 127 3152 sed
141 3081 250 3139 monem
269 3097 331 3138 cenn
348 3081 497 3139 uoluntate
516 3080 649 3138 intuendi
669 3079 777 3154 objeda
798 3093 905 3139 remota
924 3081 974 3138 uel
987 3083 1135 3158 proxima.
1166 3081 1256 3140 Deni-

78 3209 128 3265 que
150 3189 276 3269 statuit,
306 3193 394 3267 quod,
425 3191 475 3268 etst
502 3193 698 3268 unnsqutsque
727 3203 818 3250 motus
845 3189 932 3266 hujus
956 3191 1102 3265 glandule
1121 3193 1259 3250 uideatur

79 3321 213 3362 connexus
239 3302 291 3379 effe
313 3315 371 3380 per
391 3305 542 3364 Naturam
556 3304 680 3381 fingulir
699 3322 736 3362 ex
756 3304 859 3381 nostris
877 3304 1097 3379 cogitationibus
1116 3305 1155 3364 ab
1175 3309 1258 3364 initio

80 3414 173 3489 nostre
205 3417 292 3488 uite,
323 3415 392 3472 aliis
423 3428 517 3474 tomen
544 3427 600 3493 per
630 3414 762 3475 lechitum
788 3416 901 3494 poffltnt
914 3415 1023 3490 jungi,·
1043 3417 1119 3492 quod
1132 3415 1259 3494 probare

80 3541 195 3585 conatur
222 3538 284 3586 art.
306 3536 355 3599 50.
378 3539 411 3604 p.
436 3543 461 3586 1.
489 3529 524 3586 de
544 3528 622 3606 Poff.
645 3527 767 3588 Anime.
809 3529 859 3588 En
889 3527 936 3587 lois
966 3529 1121 3602 concludit,
1150 3529 1257 3588 nullam

80 3639 126 3714 effe
145 3653 207 3698 tom
226 3637 389 3698 imbecillem
418 3639 570 3715 Animam,
599 3659 663 3718 qun
681 3661 737 3700 non
752 3643 847 3722 pofflt,
869 3659 930 3701 oum
950 3641 1018 3701 bene
1035 3642 1190 3716 dirigitur,
1209 3661 1257 3701 ac-

81 3754 191 3824 quirere
214 3750 380 3827 potestatem
408 3751 569 3827 absolutam
595 3756 627 3811 in
648 3753 723 3828 fuas
750 3753 897 3832 Pofflones.
939 3755 1019 3812 Nam
1039 3751 1100 3827 lte,
1120 3766 1154 3813 ut
1172 3752 1211 3813 ab
1230 3771 1259 3812 eo

80 3863 261 3940 definiuntur,
274 3860 349 3937 sunt
369 3863 593 3940 perceptiones,
621 3879 673 3925 out
694 3863 811 3940 sensus,
831 3881 883 3926 aut
904 3865 1119 3926 commotiones
1139 3864 1259 3940 onimae,

80 3993 139 4049 quae
160 3975 198 4035 ad
219 3949 282 4034 eom
304 3973 453 4050 speciatim
474 3977 657 4052 referuntur,
678 3995 803 4053 quaeque
824 3979 887 4038 NB.
909 3979 924 4012 *
944 3979 1166 4054 producuntur,
1186 3995 1259 4038 con·

111 4170 123 4196 ’
156 4164 229 4216 Veri.
254 4166 337 4234 Belga
365 4183 394 4216 en
421 4169 463 4218 dic
490 4169 590 4233 (merle)
615 4171 676 4219 door
700 4161 788 4236 remige
811 4169 944 4236 beweging
961 4169 1006 4218 der
1021 4169 1117 4234 geeslen
1143 4177 1259 4234 νοστίμ-

83 4247 167 4298 iraelrt
178 4282 256 4299 .....
274 4251 386 4300 worden.
400 4275 435 4287 —
453 4251 500 4300 Ed.
517 4253 575 4301 ΡΜ
593 4266 692 4318 queque
706 4251 890 4318 producuntur.
916 4249 1089 4318 Corrigenda:
1107 4249 1146 4300 lta
1165 4249 1260 4300 Auctor

80 4329 235 4398 scripserat,
252 4331 311 4384 NB.
324 4332 427 4399 produ.
