2934 4900
374 358 687 419 Emendatione
719 358 964 418 Tractatus.
1221 374 1257 419 21

68 534 145 609 ciet;
167 550 197 595 et
219 534 239 595 fi
260 552 306 595 res
328 536 395 597 fieta
423 534 475 595 sud
502 536 603 595 naturai
625 532 659 593 srt
681 552 764 608 vera,
787 552 852 594 cum
873 552 954 594 mens
975 536 1012 595 ad
1033 553 1094 594 eam
1116 533 1260 608 attendit,

69 664 103 707 ut
132 666 195 707 eam
224 645 386 725 intelligat,
407 662 437 707 et
459 664 497 706 ex
517 665 550 706 ca
571 648 653 708 bono
675 645 777 708 ordine
798 645 907 722 incipit
928 648 1086 720 deducere,
1107 665 1173 722 quae
1194 646 1261 707 inde

68 757 249 834 sequuntur,
281 757 405 820 feliciter
436 774 537 836 perget
568 756 625 817 snre
657 758 714 819 ulla
746 757 980 833 interruptione,
1011 755 1083 819 licut
1114 756 1260 832 vidimus,

69 870 156 944 quod
176 886 215 928 en
234 868 304 929 falsa
328 867 466 941 fictione,
488 868 577 927 modo
597 867 702 941 allata,
730 865 824 927 statim
845 869 882 927 ad
903 866 1107 928 ostendendam
1126 865 1191 943 ejus
1211 868 1262 927 ab·

72 978 265 1054 surditatem,
286 997 316 1040 et
336 979 407 1039 alias
428 978 496 1039 inde
519 980 675 1053 deduelaa,
696 977 823 1053 praebuit
842 978 870 1038 se
890 977 1070 1039 melledun-

115 1095 208 1153 Nullo
229 1110 299 1171 ergo
320 1094 410 1152 modo
432 1089 591 1151 timendam
614 1089 684 1164 erit,
705 1108 761 1151 nos
779 1089 889 1167 aliquid
907 1090 1028 1169 fingere,
1045 1089 1065 1149 sr
1082 1092 1171 1151 modo
1188 1091 1261 1150 clare

71 1224 103 1265 er
126 1204 260 1267 distincte
286 1222 344 1264 rem
374 1202 584 1279 percipiamus:
614 1220 678 1262 nam
699 1201 719 1261 sr
742 1202 819 1262 forte
846 1201 976 1263 dicamus
995 1202 1128 1263 homines
1148 1201 1179 1263 in
1199 1221 1262 1263 mo·

71 1335 177 1379 mento
198 1316 303 1377 mutari
324 1314 353 1377 in
374 1314 495 1389 bestias,
516 1313 546 1374 id
568 1314 652 1375 valde
674 1312 845 1393 generaliter
867 1313 990 1388 dicitor;
1018 1317 1092 1376 adeo
1111 1332 1146 1377 ut
1167 1316 1263 1376 nullus

71 1434 161 1491 detur
188 1444 369 1504 conceptus,
401 1426 431 1487 id
452 1424 492 1487 est
513 1424 596 1499 idea,
619 1422 677 1487 seve
699 1423 875 1487 cohaerentia
907 1424 1028 1502 subjecti
1055 1442 1087 1487 et
1114 1426 1263 1502 praedicati

70 1542 102 1602 in
125 1558 239 1603 mente:
260 1540 281 1601 st
301 1538 377 1600 enim
399 1540 525 1612 daretur,
546 1536 626 1599 limati
647 1536 760 1599 videret
783 1536 908 1598 medium
937 1554 967 1599 et
998 1538 1113 1614 causas,
1144 1557 1205 1614 quo
1232 1554 1263 1598 et

69 1674 124 1716 cur
145 1654 203 1715 tale
225 1652 297 1730 quid
318 1653 425 1713 sallum
446 1649 490 1711 srt.
531 1650 646 1711 Deinde
668 1668 721 1710 nec
743 1652 780 1711 ad
802 1666 932 1711 naturam
955 1650 1076 1726 subjeeti
1099 1667 1129 1712 et
1159 1651 1263 1726 praedi·

70 1765 130 1827 cati
162 1764 335 1825 attenditur.
376 1763 488 1836 Porro,
515 1764 604 1823 modo
635 1761 723 1837 prima
753 1761 818 1825 idea
845 1780 905 1822 non
933 1762 968 1822 sit
995 1763 1081 1838 sicta,
1108 1777 1138 1822 et
1166 1781 1203 1822 ex
1230 1782 1263 1822 ea

71 1892 187 1937 caeterae
209 1893 313 1937 omnes
332 1874 406 1935 ideae
427 1876 626 1947 deducantur,
656 1873 794 1949 paulatim
816 1872 1027 1949 precipitantia
1048 1873 1175 1952 fingendi
1194 1894 1263 1934 eva·

72 1989 190 2064 nescet;
219 1988 341 2062 deinde,
370 2004 434 2047 curn
460 1984 534 2047 idea·
552 1986 616 2047 noa
636 2003 695 2045 non
718 1986 803 2060 possit
825 1984 879 2045 elle
900 1986 973 2046 clara
994 2002 1024 2045 er
1045 1984 1193 2060 distinda,
1215 1984 1264 2046 sed

74 2102 261 2161 solummodo
293 2097 433 2171 confusa,
464 2113 494 2157 et
526 2095 621 2157 omnis
649 2096 783 2157 consusro
813 2096 880 2157 inde
900 2100 1060 2172 procedat,
1081 2100 1163 2173 quod
1184 2116 1264 2157 mens

75 2234 134 2275 rem
165 2213 327 2290 integram,
355 2224 407 2271 aut
434 2228 471 2269 ex
499 2209 597 2271 multis
619 2208 808 2285 compositam
819 2253 829 2284 ,
850 2224 963 2270 tantum
984 2224 1123 2285 exparte
1144 2208 1265 2285 noscat,

76 2341 106 2385 et
135 2340 241 2385 notum
267 2325 303 2383 ab
330 2320 434 2400 ignoto
461 2340 521 2381 non
550 2320 723 2399 distinguat:
753 2336 890 2396 praeterea
911 2323 993 2397 quod
1014 2323 1050 2381 acl
1071 2322 1177 2397 multa,
1198 2340 1263 2397 quae

76 2436 270 2498 continentur
289 2434 319 2496 in
341 2453 516 2511 unaquaque
536 2453 580 2508 re,
602 2434 681 2495 stmul
702 2435 837 2496 attendat
856 2432 915 2494 srne
936 2435 992 2494 ulla
1014 2432 1213 2509 distindione3
1226 2469 1262 2478 -

75 2550 145 2610 inde
177 2547 307 2624 sequitur
337 2547 447 2622 primo,
479 2549 560 2622 quod
581 2545 600 2605 sr
622 2545 686 2607 idea
713 2547 749 2606 srt
775 2544 897 2622 alicujus
919 2546 960 2606 rei
979 2544 1199 2620 simplicisstmae‚
1230 2565 1264 2606 ea

75 2680 138 2722 non
161 2659 212 2720 nisr
240 2659 313 2719 clara
342 2677 371 2719 et
399 2657 529 2720 distinela
558 2657 667 2734 poterit
689 2657 763 2718 esse:
793 2660 869 2718 Nam
889 2675 934 2717 res
954 2657 1001 2717 illa
1023 2676 1082 2718 non
1104 2677 1141 2718 ex
1163 2673 1264 2732 parte,

76 2773 126 2834 sed
156 2785 221 2832 tota
249 2787 300 2831 aut
328 2769 400 2830 nihil
421 2769 484 2846 ejus
505 2767 685 2830 innotescere
706 2768 835 2830 debebit.
860 2768 998 2845 Sequitur
1018 2768 1161 2843 secundo,
1183 2772 1264 2846 quod

76 2885 183 2958 sires,
214 2902 279 2959 quae
311 2881 500 2958 componitur
529 2901 566 2942 ex
598 2881 713 2955 multis,
745 2880 774 2942 in
803 2897 899 2956 partes
927 2900 1028 2942 omnes
1055 2881 1264 2957 simplicislimas

74 2994 262 3074 cogitatione
281 2994 446 3067 dividatur,
468 3010 497 3055 et
518 2996 555 3054 ael
576 3011 809 3070 utramquamque
831 2991 945 3053 seorsim
966 2995 1146 3069 attendatur,
1169 2994 1264 3055 omnio

77 3127 141 3170 turn
167 3106 300 3168 consusro
326 3105 488 3168 evanescet.
528 3104 666 3182 Sequitur
693 3104 800 3179 tertio,
821 3107 903 3180 quod
923 3104 1002 3167 sidio
1024 3123 1084 3166 non
1105 3108 1190 3182 poffit
1210 3107 1264 3167 elle

78 3220 215 3296 simplex3
244 3218 292 3280 sed
320 3221 401 3295 quod
422 3218 473 3278 fiat
493 3235 530 3277 ex
551 3215 765 3292 compositione
787 3216 959 3278 diversarum
981 3216 1107 3277 idearum
1129 3217 1265 3278 confusa-

78 3347 158 3403 rum,
188 3347 254 3404 quae
275 3326 340 3389 sunt
362 3325 535 3388 diversarum
557 3345 648 3388 rerum
677 3343 766 3403 atque
786 3326 932 3389 aelionum
953 3327 983 3388 in
1003 3331 1115 3389 Natura
1141 3328 1263 3389 existen·

78 3440 171 3515 tium;
192 3441 241 3501 vel
261 3437 363 3500 melius
388 3457 425 3500 ex
453 3439 618 3500 attentione
645 3441 654 3477 ¹
680 3439 761 3499 simul
782 3438 839 3499 stne
867 3437 976 3500 assensu
1004 3442 1040 3500 ad
1068 3442 1140 3501 tales
1167 3440 1265 3502 diver·

79 3549 124 3610 sas
146 3549 246 3612 ideas:
267 3569 331 3610 nam
353 3550 373 3611 li
395 3549 462 3611 esset
483 3549 601 3627 simplex
612 3596 622 3625 ,
651 3548 718 3611 esset
750 3552 824 3612 clara
852 3567 883 3611 et
903 3551 1051 3627 distindla,
1071 3569 1101 3613 et
1121 3571 1172 3630 per
1192 3574 1264 3615 con·

79 3665 204 3740 sequens
232 3681 309 3726 vera.
350 3664 380 3724 Si
405 3683 443 3726 ex
471 3663 684 3741 compostione
712 3665 839 3727 idearum
861 3665 1069 3743 distinslarum,
1090 3667 1157 3729 esset
1177 3669 1264 3730 etiam

79 3795 177 3837 earum
209 3775 384 3852 compositio
412 3777 486 3839 clara
507 3793 537 3838 et
558 3777 707 3854 dillinda,
729 3797 762 3838 ac
784 3778 906 3855 proinde
928 3797 1005 3840 vera.
1046 3781 1102 3840 Ex.
1123 3799 1163 3859 gr.
1185 3783 1263 3858 post-

117 4048 125 4076 ⁸
165 4041 219 4091 NB.
252 4038 322 4102 quod
340 4035 411 4088 delio
429 4037 454 4088 in
473 4037 497 4088 sc
515 4035 624 4102 spestatt
648 4053 699 4089 non
724 4038 831 4089 multum
855 4037 954 4090 disserat
970 4054 984 4090 t
1002 4038 1117 4102 somnio,
1133 4039 1178 4091 nisi
1195 4043 1265 4105 quod

79 4125 104 4175 ln
124 4121 230 4174 somniis
253 4135 306 4172 non
333 4119 474 4170 offerantur
490 4119 585 4181 causae,
604 4136 661 4184 quae
679 4119 846 4187 vigilantibus
862 4136 912 4186 ope
929 4120 1041 4174 sensuum
1059 4122 1217 4184 osscruntur,
1233 4139 1266 4174 ex

77 4205 174 4270 quibus
187 4203 314 4270 colligunt
330 4202 372 4253 illa
388 4200 605 4266 repraesentamina
619 4203 665 4254 illo
683 4215 798 4266 tempore
815 4219 867 4254 non
885 4204 1056 4268 repraesentari
1073 4221 1087 4255 a
1103 4208 1179 4257 rebus
1195 4219 1266 4256 entra

77 4288 101 4339 se
119 4285 278 4338 constitutis.
310 4287 504 4348 litteratorem,
527 4299 554 4338 nt
572 4285 651 4336 situm
669 4286 817 4350 apparebit,
833 4286 869 4339 est
886 4287 1017 4356 vigilando
1035 4287 1172 4349 somniaree
1189 4303 1229 4351 et,
1248 4290 1264 4342 st

76 4373 106 4424 lit
124 4371 263 4422 admodum
280 4367 442 4432 manifestus,
458 4369 574 4421 delirium
593 4381 708 4420 vocatur.
1081 4389 1086 4396 ·
