2934 4900
458 374 514 436 De
555 371 825 434 Affectibua.
1181 368 1234 428 181

487 568 795 612 exnutcantm

86 661 221 722 Solemus
253 675 351 723 tamen
384 662 458 739 saepe
488 660 638 737 Superbiae
670 660 873 723 Humilitatem
906 678 1074 739 opponere,
1106 658 1236 721 sedtum

49 773 137 851 megia
154 776 193 834 td
211 772 364 850 uttiusque
383 773 504 836 effeetus
515 792 600 851 qnam
612 790 745 837 naturam
758 774 946 838 attendimus.
967 776 1101 836 Solemus
1112 790 1237 848 namque

50 884 126 943 ilium
158 883 316 961 superbum
348 903 472 961 vocate,
503 884 555 963 qui
587 884 672 947 nimis
700 885 843 966 gloriatur
870 885 946 964 (vid.
966 886 1057 947 Sciol.
1078 886 1167 964 Prop.
1189 901 1236 961 30.

51 995 164 1076 injus),
193 996 247 1073 qui
268 1015 329 1058 non
350 996 402 1057 nili
424 997 551 1060 virtutes
573 997 654 1075 suaa,
683 1014 713 1060 et
735 998 856 1061 aliorum
878 1018 939 1061 non
960 997 1012 1060 nist
1032 996 1105 1059 vitia
1126 1012 1237 1071 narrat,

50 1108 98 1183 qui
125 1108 266 1169 omnibus
294 1108 421 1186 praeferri
449 1109 530 1184 vult,
559 1124 589 1169 et
618 1109 669 1187 qui
697 1110 825 1189 denique
853 1130 886 1173 ea
915 1110 1058 1191 gravitate
1080 1124 1110 1170 et
1131 1122 1237 1170 omatu

51 1218 176 1294 incedit,
197 1238 260 1296 quo
282 1219 379 1281 solent
399 1218 465 1296 alii,
487 1219 538 1297 qui
559 1221 646 1299 longe
668 1220 753 1297 supra
774 1220 869 1297 ipsum
890 1220 957 1283 sunt
985 1199 1082 1297 po'sni.
1124 1216 1236 1279 Contra

51 1328 125 1389 illum
145 1328 285 1391 humilem
307 1349 464 1406 vocamus,
485 1330 537 1409 qui
559 1330 666 1407 saepius
685 1330 850 1407 erubescit,
872 1329 923 1409 qui
944 1331 993 1391 sua
1014 1329 1088 1392 vitia
1110 1330 1236 1404 fatetur,

52 1455 79 1499 et
98 1439 223 1503 aliomm
250 1442 379 1503 virtutes
406 1458 518 1519 narrat,
547 1443 598 1520 qui
620 1443 757 1505 omnibus
780 1444 875 1519 cedit,
896 1458 926 1504 et
948 1442 999 1521 qui
1020 1442 1148 1519 denique
1168 1442 1235 1502 sub-

52 1552 129 1613 miilo
149 1553 251 1631 capite
272 1556 420 1631 ambulet,
447 1570 478 1617 et
505 1554 534 1617 se
564 1573 666 1619 ornate
694 1555 825 1636 negligit.
867 1555 1012 1617 Ceterum
1040 1553 1070 1616 hi
1099 1554 1236 1629 alietius,

53 1684 152 1743 nempe
180 1666 342 1729 Humilitaa
369 1683 400 1730 et
428 1667 584 1744 Abietiio,
610 1668 735 1730 rarillimi
756 1668 833 1730 sunt.
873 1670 949 1729 Nam
971 1682 1073 1728 natura
1094 1665 1237 1740 humana,

52 1776 80 1837 in
109 1777 137 1839 se
169 1778 370 1855 confiderem,
399 1796 502 1842 contra
533 1780 666 1857 eosdem,
698 1796 842 1857 quantum
874 1780 987 1857 potest,
1018 1778 1123 1841 nititur
1155 1778 1236 1856 (vide

53 1890 138 1969 Prop.
161 1908 211 1969 13·
231 1906 259 1952 et
278 1904 327 1970 54
348 1892 364 1927 *
383 1891 501 1972 ausus);
521 1908 553 1954 et
573 1892 662 1969 ideo,
682 1893 734 1971 qui
757 1892 880 1956 maxime
902 1895 1060 1954 creduntur
1081 1890 1186 1968 abietii
1205 1905 1236 1951 et

52 2000 170 2063 humiles
191 2001 268 2078 elic,
288 2003 411 2065 maxime
433 2005 604 2082 plerumque
627 2004 771 2067 ambitiosa
792 2020 822 2067 et
844 2004 937 2067 invidi
960 2004 1035 2066 sunt.

596 2149 690 2211 XXX.

90 2258 194 2321 Gloria
215 2260 256 2321 est
275 2260 394 2321 Laetitia
414 2261 634 2323 concomitante
650 2261 716 2325 idea
735 2261 858 2340 alicujus
876 2261 979 2324 nostrae
998 2260 1233 2337 allionis,quam

55 2370 120 2433 aiios
140 2375 261 2437 laudare
281 2374 478 2454 imaginamur.

589 2487 695 2549 xxxl.

90 2596 188 2658 Pudor
209 2597 250 2658 est
270 2597 399 2660 Tristitia
420 2599 640 2661 concomitante
661 2599 726 2662 idea
749 2599 872 2677 alicujus
893 2599 1033 2675 allionis,
1054 2617 1139 2676 quam
1162 2597 1235 2658 alios

57 2705 215 2783 vituperare
235 2709 431 2788 imaginamur.

487 2838 794 2883 exanclato.

90 2929 132 2990 De
162 2931 212 2992 laia
242 2932 310 2995 vide
340 2931 489 2994 scholium
520 2931 736 3010 Propolttionis
768 2951 815 3010 30.
846 2933 934 3010 huius
966 2931 1070 2993 Partis.
1097 2932 1155 2994 Sed
1186 2930 1233 2992 hic

59 3045 179 3105 notanda
201 3043 242 3105 eii
262 3043 447 3119 differentia,
468 3063 533 3122 quae
555 3045 597 3106 est
617 3046 694 3107 inter
715 3047 857 3108 Pudotem
879 3061 910 3107 et
929 3045 1153 3108 Verecundiam.
1184 3045 1235 3108 Est

58 3149 123 3212 enim
144 3155 245 3216 Pudor
264 3153 412 3229 Ttistitia,
433 3174 499 3232 que
521 3156 652 3234 sequitur
672 3159 798 3231 tatium,
819 3156 904 3234 cujus
924 3159 1027 3233 pudet.
1048 3155 1234 3218 verecundia

59 3277 144 3326 tutem
173 3265 217 3328 est
242 3269 345 3329 Metuo
365 3268 415 3329 seu
436 3267 541 3329 Timor
563 3269 705 3345 Pudotis,
724 3287 786 3347 quo
806 3268 896 3330 homo
919 3268 1089 3330 continetur
1095 3311 1105 3344 ,
1125 3285 1162 3329 ne
1183 3265 1235 3328 ali·
1328 3253 1332 3266 ’

60 3375 121 3447 quid
145 3394 234 3454 turpe
261 3379 434 3441 committat.
478 3379 672 3441 Verecundiae
701 3379 815 3457 opponi
846 3380 918 3440 solet
946 3377 1148 3455 impudentia,
1169 3396 1234 3455 quae

59 3499 147 3550 revera
167 3489 290 3552 affeclut
309 3509 370 3552 non
392 3491 448 3567 est,
468 3507 503 3553 ut
523 3492 576 3553 suo
598 3493 668 3554 loco
690 3492 852 3554 ostendam:
874 3491 924 3553 sed
944 3491 1098 3554 affeiiuum
1117 3489 1235 3552 nomina

61 3593 100 3670 (ut
115 3599 173 3675 jam
194 3601 310 3681 monui)
332 3602 423 3682 magia
444 3619 545 3664 cotum
569 3603 652 3664 usum
673 3621 760 3682 quam
781 3617 913 3664 naturam
934 3600 1102 3680 respiciunt.
1133 3603 1234 3678 Atque

60 3705 97 3768 iia
114 3711 241 3774 Laetitiae
251 3727 283 3774 et
294 3712 433 3775 Tristitia
455 3713 591 3789 affectus,
611 3733 689 3792 quos
710 3713 857 3791 explicate
878 3713 1100 3790 proposueram,
1112 3714 1234 3776 ablolvi.

62 3817 140 3902 Pergo
162 3824 263 3902 itaque
283 3829 321 3888 ad
340 3826 426 3903 illos,
446 3844 524 3904 quoe
545 3831 582 3890 ad
602 3827 804 3905 Cupiditatem
825 3829 928 3890 refero.

583 3973 704 4033 xxxll.

92 4081 269 4160 Defiderium
299 4081 340 4143 eii
370 4082 528 4160 Cupiditas
555 4082 615 4146 sive
643 4084 808 4161 Appetitus
828 4102 857 4146 re
879 4085 975 4162 aliqua
993 4085 1147 4162 potiundi,
1168 4103 1233 4164 quae

88 4291 99 4316 ·
130 4291 256 4354 Schmidt,
279 4293 422 4349 awo-cu.
445 4318 481 4331 -
506 4294 553 4345 lid.
578 4295 638 4357 Ρη,
662 4293 832 4348 Κίιειιιπιιιιιιι
861 4308 891 4360 15
908 4305 935 4346 et
952 4309 993 4360 ³4·
1009 4325 1044 4334 —
1060 4295 1235 4364 corrigendo,

61 4371 122 4424 Vets.
138 4375 224 4444 lielp,
242 4374 366 4438 (indict,
381 4376 494 4440 uenter,
511 4377 615 4430 stillet:
635 4390 665 4442 ¹5
682 4391 709 4428 et
725 4391 768 4443 54.
