2934 4900
192 323 233 383 90
616 309 795 371 Ethiees
825 311 952 373 Partll.

193 481 310 559 quiete,
330 482 479 546 celeritate
500 499 531 548 et
552 485 690 549 tarditate
711 488 748 548 ab
769 485 896 552 invicem
917 485 1149 568 distinguuntur:
1165 486 1225 564 jam
1241 488 1279 548 ad
1295 503 1379 548 corn·

194 593 287 672 ponta
308 594 504 658 ascendamus.

592 725 620 786 D
641 725 667 786 E
688 727 710 786 F
731 727 746 786 1
765 727 795 787 N
814 728 829 787 1
848 727 877 787 T
899 727 969 788 10.

233 833 304 894 Cum
330 849 452 914 corpora
477 838 587 914 aliquot
613 838 737 916 ejusdem
762 851 816 899 aut
835 839 959 917 diuersa
979 841 1189 916 magnitudinis
1209 858 1230 898 a
1250 839 1376 916 reliquis

191 948 238 1006 t'tu
257 951 428 1025 coe‘rcentur,
447 921 481 1009 iat
499 954 620 1011 inuicem
640 952 820 1027 incumbant,
840 953 890 1012 uei
902 953 930 1031 ſs
949 955 1038 1012 eodem
1057 966 1110 1012 aut
1129 950 1253 1029 diuerfis
1272 952 1375 1011 celeri·

193 1063 266 1120 tatis
282 1061 427 1136 gradibus
445 1076 608 1140 mouentur,
627 1077 661 1124 ut
681 1077 772 1124 matus
785 1065 856 1142 suas
875 1068 996 1124 inuicem
1016 1078 1096 1125 certa
1116 1065 1240 1141 quadam
1261 1065 1377 1122 ratione

192 1176 402 1250 communicent,
422 1175 475 1234 illa
493 1189 614 1255 corpora
634 1179 756 1236 inuicem
776 1179 860 1236 unita
881 1178 1015 1252 dicemus,
1035 1189 1064 1236 et
1083 1179 1176 1235 omnia
1187 1174 1275 1252 ſsmub
1287 1193 1377 1234 unum

191 1295 306 1362 carpus,
320 1285 383 1362 ſsue
401 1287 588 1348 indiuiduam
608 1301 782 1368 componere,
804 1290 907 1365 quoda
918 1290 1038 1366 reliquis
1053 1306 1111 1368 per
1130 1286 1206 1348 banc
1225 1305 1377 1363 carporum

192 1399 319 1458 unionem
339 1398 538 1478 distinguitur.

608 1561 637 1621 A
658 1561 686 1621 X
705 1563 719 1622 l
740 1563 767 1621 0
788 1562 823 1621 M
843 1561 872 1623 A
911 1561 963 1620 111.

234 1669 303 1750 Quo
331 1684 428 1746 partes
454 1671 620 1749 Indiuidui,
648 1674 697 1736 vel
725 1672 858 1751 corporis
879 1672 1051 1749 compositi,
1071 1672 1228 1733 secundum
1248 1668 1377 1746 majores

194 1781 242 1843 vel
272 1781 397 1844 minores
428 1783 594 1861 superficies
625 1784 676 1845 srbi
708 1785 834 1848 invicem
865 1785 1055 1862 incumbunt,
1085 1802 1122 1846 eo
1150 1782 1298 1845 difficilius
1324 1783 1377 1846 vel

195 1891 308 1954 facilius
339 1893 406 1974 cogi
436 1895 570 1972 possunt,
601 1910 635 1958 ut
665 1896 749 1958 saturn
780 1897 862 1958 suunt
893 1911 1024 1974 mutent,
1052 1912 1082 1956 et
1102 1893 1315 1972 consequenter
1334 1912 1375 1954 eo

195 2005 308 2067 facilius
330 2007 378 2070 vel
398 2007 545 2071 difficilius
562 2007 638 2070 effici
655 2009 771 2086 potest,
787 2025 823 2071 ut
838 2007 931 2086 ipsum
948 2008 1136 2072 Indiuiduurn
1153 2007 1237 2068 aliam
1253 2007 1376 2085 &utam

195 2118 307 2180 induat.
327 2120 428 2196 Atque
450 2119 518 2182 hinc
538 2138 679 2199 corpora,
700 2140 824 2199 quotum
845 2137 943 2199 partes
962 2122 1120 2184 secundum
1140 2137 1257 2199 magnas
1273 2118 1376 2194 super-

195 2231 274 2292 ficies
305 2231 429 2294 invicem
461 2233 651 2310 incumbunt,
682 2235 779 2308 dura,-
808 2253 934 2312 quorum
964 2249 1062 2296 autent
1091 2247 1190 2311 partes
1215 2232 1376 2294 secundum

194 2361 315 2420 parvas,
334 2345 445 2418 mailia;
466 2361 497 2407 et
517 2363 639 2424 quorum
661 2347 789 2424 denique
810 2364 908 2425 parter
929 2347 1005 2408 inter
1025 2346 1055 2407 se
1082 2358 1255 2419 moventur,
1278 2343 1377 2418 fluida

194 2460 320 2519 vocabu.

621 2556 693 2617 LE
714 2558 749 2618 M
769 2558 805 2619 M
825 2559 854 2619 A
894 2560 946 2620 lv.

185 2700 191 2710 ·
233 2666 267 2725 Si
284 2669 426 2745 corporis,
440 2667 502 2745 ſsue
521 2670 687 2745 Indiuidut‘,
709 2672 785 2749 quud
803 2689 840 2730 eat
855 2671 991 2751 pluribus
1011 2670 1177 2750 corporibus
1188 2670 1375 2747 componitur,

194 2778 322 2854 quadam
348 2790 470 2857 corpora
490 2780 692 2857 segregentur,
718 2795 748 2841 et
769 2780 857 2860 fiunti
881 2785 995 2843 totidem
1021 2784 1084 2843 alia
1109 2782 1232 2857 ejusdem
1257 2793 1376 2840 natura

194 2908 288 2949 eorum
307 2891 362 2950 locu
376 2888 548 2968 succedant,
577 2894 712 2954 retinebit
739 2897 926 2956 Indiuiduum
940 2894 1027 2972 fuam
1046 2908 1184 2955 naturam
1203 2896 1250 2953 uti
1269 2905 1374 2967 antea,

194 3001 303 3079 absque
320 3003 382 3062 ulla
400 3002 461 3079 ejus
474 3002 580 3080 forma
600 3010 763 3068 mutatione.

592 3166 983 3213 uuuonsrnnrro

236 3259 368 3335 Corpora
388 3258 463 3319 eninr
484 3258 556 3341 (per
576 3262 652 3322 Lem.
679 3260 717 3342 r.)
738 3262 851 3323 ratione
874 3261 1039 3323 substantia
1061 3280 1121 3322 non
1144 3260 1377 3339 distinguuntut;

196 3370 226 3431 id
247 3384 360 3446 autent,
391 3374 472 3447 quod
504 3372 622 3432 formam
653 3370 804 3434 lndividui
835 3373 1004 3449 constituit,
1032 3372 1062 3433 in
1090 3390 1245 3449 corporum
1267 3371 1378 3433 unione

197 3480 268 3562 (per
288 3482 381 3561 Defin.
399 3484 502 3563 praa.)
524 3482 667 3561 consistit;
690 3482 773 3561 atqui
793 3486 855 3545 haec
876 3484 947 3566 (per
968 3483 1162 3565 bypatbestn),
1179 3482 1289 3544 tametsi
1310 3472 1378 3543 cor·

197 3611 300 3668 porum
328 3592 467 3654 continua
495 3594 545 3655 fiat
574 3594 717 3673 mutatio,
745 3596 901 3657 retinetur:
916 3595 1061 3658 retinebit
1081 3611 1150 3674 ergo
1171 3593 1379 3669 individuum,

197 3720 255 3765 tarn
276 3702 389 3765 ratione
411 3704 574 3766 substantiae
596 3725 681 3784 quarn
703 3707 802 3783 modi,
822 3708 901 3769 suant
922 3722 1052 3769 naturam
1076 3705 1120 3768 uti
1141 3720 1219 3767 ante.
1242 3706 1276 3783 Q.
1287 3704 1324 3765 E.
1335 3706 1377 3765 D.

632 3868 659 3928 L
678 3868 705 3927 E
724 3868 760 3928 M
778 3869 814 3929 Μ
834 3868 863 3928 Α
902 3869 941 3928 V.

236 3979 270 4038 Si
292 3990 411 4057 partes,
439 3979 625 4040 individuum
651 3994 858 4059 componentes,
891 3980 1011 4056 majores
1045 3982 1203 4039 minoresve
1232 3980 1377 4053 evadant,

198 4107 232 4149 ea
258 4102 351 4150 tamen
374 4095 574 4169 proportione,
600 4104 634 4151 ut
660 4110 751 4151 omnes
780 4094 894 4153 eandem
919 4106 954 4153 ut
979 4104 1067 4151 antea
1085 4092 1128 4151 ab
1143 4094 1265 4150 inuicem
1284 4102 1376 4150 matus

197 4216 225 4261 et
242 4206 347 4280 quietis
364 4208 503 4263 rationem
515 4206 652 4283 seruent,
671 4205 806 4265 retinebit
821 4208 920 4266 itidem
936 4207 1123 4267 Indiuiduum
1133 4206 1222 4280 suam
1238 4216 1378 4263 naturam

197 4326 231 4377 tit
250 4325 352 4391 antea,
372 4314 480 4393 absque
499 4316 560 4375 aila
574 4314 681 4393 forma
701 4320 864 4377 mutatione.
