2934 4900
213 357 274 424 470
686 342 925 402 Tractatus

215 525 361 598 quamvis,
374 519 417 596 fi,
437 519 562 596 quondo,
583 518 829 596 quemadmodum,
849 518 938 594 quod,
958 515 1123 594 combustio,
1143 527 1195 574 etc.
1214 514 1258 573 Et
1277 512 1320 573 sic
1341 513 1398 572 fere

215 651 316 693 omnes
336 630 495 708 particula.

254 744 357 805 Tertia
378 745 435 821 est,
455 759 485 804 et
506 763 571 820 quae
593 744 747 805 multarum
768 741 991 820 ambiguitatum
1012 741 1081 800 sons
1102 739 1156 814 est,
1173 738 1244 815 quia
1255 741 1350 800 verba
1367 737 1397 796 in

214 855 380 918 Indicativo
402 871 501 917 carent
521 855 674 930 Praesenti,
701 853 854 916 Praeterito
882 854 1075 929 Imperfecto,
1095 850 1403 926 plusquamperfecto,

215 969 327 1029 Futuro
354 967 505 1043 Perfecto,
533 979 562 1026 et
592 966 654 1027 aliis
682 966 711 1027 in
734 965 796 1028 aliis
817 965 926 1045 linguis
948 963 1148 1038 usrtatiffimis;
1167 962 1199 1022 in
1218 961 1404 1038 imperativo

215 1095 312 1141 autem
333 1095 363 1140 et
383 1079 535 1141 infinitivo
564 1077 701 1140 omnibus
729 1094 835 1154 praeter
854 1077 1000 1152 Praesens,
1019 1090 1049 1138 et
1069 1075 1100 1136 in
1119 1073 1319 1151 Subjundivo
1341 1091 1405 1136 om·

215 1192 302 1252 nibus
324 1192 455 1253 absolute
477 1205 585 1251 carent.
626 1191 666 1251 Et
685 1189 819 1268 quamvis
837 1190 902 1250 haec
925 1188 1022 1250 omnia
1037 1189 1216 1264 Temponrm
1237 1203 1268 1248 et
1289 1188 1406 1248 Modo

215 1322 278 1364 rum
300 1305 412 1365 defessa
434 1303 521 1364 certis
543 1301 649 1382 regulis
671 1321 709 1363 ex
731 1301 928 1364 fundamentis
948 1301 1055 1379 linguae
1076 1298 1208 1360 dedusiis
1227 1298 1407 1374 sacile‚im0

216 1415 323 1475 summa
345 1433 409 1475 curn
431 1414 593 1492 elegantia,
615 1411 742 1488 suppleri
764 1410 897 1487 possent,
915 1411 1080 1487 Scriptores
1101 1426 1195 1470 tamen
1217 1408 1409 1486 antiquiffimi

217 1545 265 1588 eas
293 1527 378 1603 plane
406 1528 616 1605 neglexerunt,
637 1540 666 1586 et
689 1524 852 1600 promiscue
881 1539 999 1600 tempus
1027 1526 1168 1584 Futurum
1188 1540 1243 1598 pro
1265 1521 1409 1583 Praesenti

217 1654 247 1699 et
268 1637 438 1713 Praeterito,
460 1653 490 1698 et
512 1652 614 1698 contra
636 1634 819 1696 Praeteritum
841 1652 895 1711 pro
916 1637 1049 1711 Futuro,
1077 1649 1107 1695 et
1128 1648 1267 1710 praterea
1286 1634 1409 1694 Indica-

217 1746 311 1810 tivum
340 1765 393 1824 pro
422 1745 600 1822 Imperativo
624 1760 654 1804 et
674 1743 871 1821 subjunstivo
900 1745 1131 1822 usurpaverunt,
1150 1744 1240 1820 idque
1262 1761 1325 1804 non
1346 1743 1409 1804 sine

217 1880 319 1940 magna
340 1858 518 1936 amphibolia
539 1856 716 1918 orationum.

257 1973 365 2032 Praeter
384 1971 437 2030 has
457 1986 517 2031 tres
538 1968 762 2048 ambiguitatum
782 1968 889 2048 linguae
911 1968 1062 2030 Hebraicae
1083 1969 1200 2043 causas,
1220 1970 1287 2030 duae
1309 1969 1410 2028 adhuc

218 2081 280 2143 aliae
306 2081 460 2158 supersunt
489 2083 647 2157 notandae,
674 2099 796 2158 quarum
824 2100 1010 2159 unaquaque
1030 2083 1119 2160 longe
1139 2079 1257 2157 maj0ris
1277 2081 1321 2141 est
1341 2099 1410 2142 mo·

218 2195 317 2256 menti.
358 2196 467 2254 Harum
496 2194 586 2270 prima
614 2195 671 2270 est,
700 2195 781 2271 quod
807 2194 924 2254 Hebraei
944 2194 1042 2254 literas
1063 2195 1182 2254 vocales
1201 2211 1263 2254 non
1284 2193 1411 2256 habent.

217 2308 368 2383 Secunda,
400 2308 481 2382 quod
512 2305 598 2367 nullis
629 2307 716 2386 signis
748 2307 898 2368 orationes
928 2306 1102 2386 distinguere
1133 2304 1287 2380 solebant,
1308 2325 1411 2383 neque

218 2415 378 2495 exprimere
409 2416 468 2481 ssve
500 2417 668 2481 intendere:
701 2433 731 2479 et
763 2419 896 2495 quamvis
921 2418 984 2479 haec
1005 2421 1084 2496 duo,
1104 2419 1223 2482 vocales
1243 2417 1354 2480 scilicet
1379 2437 1412 2479 et

218 2529 312 2610 srgna,
340 2530 456 2606 punitis
486 2547 515 2591 et
544 2530 714 2592 accentibus
744 2530 870 2607 suppleri
892 2531 1022 2607 soleant,
1043 2531 1086 2591 eis
1105 2547 1202 2592 tamen
1223 2531 1412 2609 acquiescere

218 2660 278 2703 non
308 2641 473 2718 possumus,
500 2642 740 2720 quandoquidem
763 2662 779 2703 a
801 2642 969 2719 posterioris
991 2644 1047 2707 aevi
1068 2642 1253 2719 hominibus,
1281 2662 1413 2720 quorum

219 2753 383 2815 authoritas
415 2755 493 2830 apud
524 2771 580 2814 nos
612 2753 684 2813 nihil
715 2756 804 2814 debet
836 2755 950 2829 valere,
980 2754 1101 2817 inventa
1122 2768 1154 2815 et
1175 2754 1308 2816 instituta
1328 2756 1411 2818 sunt.

219 2864 345 2941 Antiqui
376 2880 473 2925 autem
504 2864 562 2924 fine
595 2864 711 2941 punstis
744 2864 815 2943 (hoc
843 2865 885 2924 est
912 2865 970 2925 sine
991 2864 1146 2927 vocalibus
1167 2881 1197 2925 et
1219 2867 1410 2947 accentibus)

218 2977 392 3053 scripserunt
413 2977 462 3053 (ut
483 2994 520 3037 ex
541 2977 639 3038 multis
661 2978 835 3039 testimoniis
856 2978 1001 3057 constat),
1022 2978 1129 3054 posteri
1149 2996 1240 3052 vero,
1261 2994 1350 3053 prout
1373 2978 1411 3039 iis

218 3089 311 3149 Biblia
337 3087 521 3164 interpretari
548 3086 641 3152 visum
670 3089 728 3165 est,
756 3089 819 3149 haec
846 3090 908 3149 duo
929 3089 1122 3167 addiderunt;
1152 3108 1243 3167 quare
1264 3104 1409 3150 accentus

220 3218 250 3263 et
281 3202 403 3276 puncta,
435 3218 500 3277 quae
528 3200 587 3276 jam
619 3199 775 3275 habemus,
804 3218 892 3295 mera!
916 3200 1125 3263 hodiernorum
1146 3200 1408 3276 interpretationes

220 3312 301 3388 strnt,
321 3332 374 3373 nec
396 3314 462 3388 plus
485 3312 551 3374 fidei
574 3330 669 3389 neque
690 3311 879 3373 authoritatis
900 3311 1406 3390 merentur,quamreliquaeautho-

220 3444 281 3486 rum
313 3424 537 3501 explicationes.
578 3423 638 3505 Qui
667 3438 764 3484 autern
792 3424 850 3484 hoc
878 3424 1030 3502 ignorant,
1057 3424 1190 3486 nesciunt
1212 3442 1270 3499 qua
1289 3423 1405 3483 ratione

221 3537 327 3599 author
354 3536 405 3612 qui
426 3535 585 3612 Epistolam
607 3536 643 3595 ad
664 3536 808 3595 Hebraeos
829 3534 939 3612 scripfit
959 3536 1145 3597 excusandus
1163 3533 1216 3611 ht,
1236 3538 1319 3612 quod
1338 3554 1404 3610 cap.

224 3664 268 3708 11.
300 3648 373 3711 vers.
394 3664 443 3707 21.
475 3648 683 3723 interpretatus
714 3648 756 3708 est
786 3664 901 3708 textum
934 3649 1085 3709 Geneseos
1105 3668 1169 3725 cap.
1191 3664 1239 3728 47.
1261 3647 1333 3711 vers.
1354 3666 1404 3724 3¹·

219 3760 307 3837 longe
328 3758 425 3835 aliter,
446 3778 531 3836 quam
553 3760 582 3819 in
603 3762 747 3835 punsiato
768 3762 895 3820 Hebraeo
917 3776 1003 3821 textu
1023 3761 1161 3836 habetu13
1184 3760 1263 3837 quas
1273 3759 1403 3835 Aposto-

219 3873 265 3933 lus
285 3870 396 3931 sensum
417 3870 574 3946 Scriptura
586 3890 601 3931 a
613 3871 768 3933 Punfflstis
789 3872 898 3934 discere
919 3873 1063 3934 debuerit.
1084 3872 1162 3933 Mihi
1173 3873 1241 3934 sane
1251 3872 1401 3948 pundistae

221 3982 322 4057 potius
344 3981 480 4057 culpandi
502 3982 653 4059 videntur;
674 3987 757 4059 quod
768 4000 801 4045 ut
813 3985 1011 4062 unusquisque
1032 3985 1147 4061 videat,
1168 4001 1199 4045 et
1219 3983 1299 4045 simul
1319 3986 1403 4060 quod

220 4095 283 4155 haec
311 4092 501 4169 discrepantia
523 4113 539 4155 a
559 4094 623 4156 solo
652 4096 801 4159 vocalium
829 4098 945 4157 defestu
973 4112 1039 4158 orta
1060 4097 1117 4173 est,
1138 4113 1290 4173 utramque
1311 4096 1402 4158 inter·

221 4204 414 4279 pretationem
450 4204 498 4264 hic
535 4224 651 4281 ponam.
693 4207 865 4282 Punsiistae‚
901 4207 959 4268 suis
995 4208 1111 4283 punctis
1146 4208 1276 4281 scilicet,
1311 4208 1401 4269 inter-

221 4316 328 4395 pretati
348 4317 415 4376 sunt
422 4360 431 4391 ,
452 4330 479 4375 et
499 4322 819 4397 incurvavitselsrac'l
829 4322 945 4403 supra,
967 4322 1014 4383 vei
1036 4322 1191 4398 (mutando
1212 4339 1234 4400 p
1256 4322 1354 4400 Hgain
1371 4322 1398 4382 in
