2934 4900
336 321 834 402 Theologico·Politici
866 322 1044 400 Capl'lll.
1226 323 1286 404 487

89 497 210 576 legum,
243 515 317 576 quar
345 499 470 576 tulerat,
498 499 659 578 scripserit,
684 514 791 578 praeter
818 516 928 578 paucae
955 499 1035 577 illae,
1056 513 1131 577 quar
1150 499 1181 560 in
1202 497 1287 576 primi

91 610 174 686 palli
203 607 279 671 libro
310 625 468 673 contentas
498 611 583 674 ruine
614 611 702 674 dixi?
722 613 781 674 Sed
801 615 839 674 ad
858 612 922 674 ltaec
942 611 1126 690 respondeo:
1152 611 1287 690 quamvis

92 725 308 800 concederem,
342 723 467 787 Rationi
502 724 731 788 consentancum
767 725 879 818 videri,
909 728 991 804 quod
1020 724 1122 786 Moser
1153 742 1191 787 eo
1221 722 1287 800 ipso

93 851 230 911 tempore
259 849 290 897 et
317 837 405 912 loco,
426 855 487 914 quo
508 838 588 916 leger
608 837 823 900 communicare
844 837 988 918 contigit,
1008 856 1046 900 eo
1066 837 1154 898 etiam
1174 835 1288 898 easdem

93 945 256 1023 scripserit;
286 965 363 1026 nego
394 963 509 1024 tamen,
540 947 628 1012 nobis
657 949 712 1012 hac
743 953 780 1012 de
811 949 896 1013 causa
925 950 1013 1012 licere
1041 951 1100 1012 hoc
1126 949 1282 1011 affirmare:

94 1058 182 1136 supra
211 1058 287 1120 enim
318 1058 509 1137 ostendimur,
543 1061 631 1122 nobie
661 1064 698 1125 de
729 1061 869 1124 similibus
899 1063 972 1124 nihil
998 1060 1054 1124 elie
1086 1063 1288 1138 statuendum,

95 1170 150 1232 nifi
170 1171 201 1232 id
221 1174 303 1249 quod
324 1191 362 1233 ert
382 1171 444 1249 ipsa
463 1173 614 1252 Scriptura
634 1173 765 1250 constat,
785 1189 838 1236 aut
860 1177 943 1251 quod
963 1193 1002 1235 ex
1022 1174 1092 1236 solis
1111 1172 1201 1250 ipsius
1218 1174 1286 1234 sun·

95 1283 242 1346 damentia
261 1283 390 1364 legitima
410 1283 622 1362 consequentia
643 1284 776 1361 elicitur,
797 1300 828 1346 at
849 1303 910 1347 non
931 1303 969 1346 ex
990 1302 1045 1362 eo,
1066 1282 1284 1363 quodRationi

95 1394 324 1457 consentaneum
353 1395 481 1458 videtur.
521 1397 608 1458 Adde
615 1441 627 1486 t
652 1399 736 1474 quod
765 1415 820 1458 nec
845 1397 907 1474 ipsa
927 1396 1020 1459 Ratio
1041 1414 1098 1459 nor
1118 1409 1206 1476 cogat
1227 1395 1286 1456 hoc

96 1507 232 1570 statuere.
262 1508 339 1568 Nam
361 1507 459 1570 forsan
479 1507 605 1570 Senatus
626 1507 719 1570 Molle
741 1508 835 1572 edista
856 1510 971 1587 popolo
992 1509 1102 1586 scripto
1123 1506 1286 1571 communi-

95 1621 200 1696 cabat,
221 1637 287 1696 quae
308 1618 408 1696 postea
439 1618 603 1682 Historicur
625 1621 761 1700 collegit,
781 1634 813 1683 et
833 1619 958 1682 historiae
979 1619 1051 1684 vitre
1071 1619 1164 1683 Molis
1184 1618 1287 1680 ordine

96 1730 228 1792 inseruit.
268 1732 370 1808 Atque
401 1731 464 1792 haec
493 1734 530 1793 de
552 1731 682 1809 quinque
703 1730 785 1792 libris
805 1730 917 1794 Moira:
939 1748 1017 1793 nunc
1036 1745 1155 1808 tempus
1174 1729 1232 1806 est,
1252 1745 1288 1793 ut
1414 1743 1419 1753 ·

96 1843 229 1919 reliquos
250 1842 339 1905 etiam
361 1842 569 1906 examinemus.

138 1955 235 2036 Josuae
254 1955 376 2032 librum,
396 1955 535 2018 similibus
555 1953 643 2018 etiam
664 1955 829 2018 rationibus
851 1954 1029 2032 ostenditur,
1050 1973 1110 2016 non
1131 1953 1286 2016 essetuto·

97 2070 251 2149 graphon:
282 2067 357 2130 aliur
387 2068 463 2130 enim
495 2069 553 2147 eil,
583 2068 634 2145 qui
666 2071 702 2130 de
732 2068 823 2149 Josua
852 2067 989 2146 testatur,
1019 2071 1102 2147 quod
1126 2067 1191 2146 ejus
1211 2067 1286 2128 sama

98 2179 190 2242 fuerit
209 2198 262 2257 per
281 2195 376 2241 totam
397 2181 529 2242 tellurem
550 2180 634 2260 (vide
655 2199 719 2258 cap.
739 2183 770 2242 6.
790 2179 833 2243 vs.
854 2194 903 2255 27.
924 2181 971 2259 *);
992 2182 1075 2258 quod
1094 2178 1168 2240 nihii
1184 2196 1285 2240 eonrm

100 2293 246 2371 omiserit,
277 2312 343 2371 quae
374 2293 476 2356 Moses
506 2310 684 2372 praeceperat
712 2294 796 2374 (vide
817 2293 859 2358 vs.
880 2295 934 2356 ult.
954 2311 1018 2371 cap.
1040 2293 1068 2355 8.
1093 2307 1125 2354 et
1149 2311 1214 2370 cap.
1238 2309 1284 2355 rt.

98 2405 143 2471 vs.
167 2407 245 2488 15.);
266 2408 349 2484 quod
369 2405 515 2485 senuerit,
536 2407 694 2486 omnesque
715 2407 746 2469 in
767 2407 941 2471 concionem
961 2403 1131 2483 vocaverit,
1151 2420 1183 2467 et
1203 2407 1286 2485 quod

96 2520 216 2579 tandem
245 2518 366 2580 animam
397 2518 498 2599 egerit.
538 2519 653 2592 Deinde
684 2521 771 2582 etiam
792 2522 925 2599 quaedam
946 2534 1114 2597 narrantur,
1133 2538 1200 2598 quae
1220 2520 1286 2598 poll

95 2630 188 2709 ipsius
209 2644 332 2693 mortem
352 2632 550 2711 contigerunt.
570 2630 719 2694 Videlicet
740 2634 823 2710 quod
842 2632 909 2709 post
929 2630 994 2708 ejus
1010 2645 1134 2692 mortem
1150 2630 1286 2692 israelita

95 2744 194 2805 Dcum
226 2744 399 2820 coluerunt,
420 2743 559 2821 quamdiu
579 2743 677 2820 senec,
697 2744 749 2821 qui
770 2743 864 2820 ipsum
884 2756 1047 2819 noverant,
1065 2743 1215 2804 vixerunt.
1246 2742 1286 2803 Et

97 2874 164 2931 cap.
189 2857 234 2916 16.
255 2853 298 2917 vs.
322 2870 367 2915 10.
374 2898 384 2931 ,
405 2857 486 2933 quod
518 2854 670 2935 (Ephraim
698 2869 728 2917 ct
753 2854 898 2934 Manalie)
917 2874 972 2915 nan
992 2856 1164 2935 expulerant
1184 2856 1285 2916 Kana·

97 2966 231 3029 lraaa'ram
262 2964 442 3027 habitantem
470 2970 503 3026 ln
534 2967 651 3043 Gazer,
674 2965 733 3043 sed
761 2966 872 3045 (addit)
903 2968 980 3044 qaod
996 2963 1188 3026 Kanahansta
1207 2970 1287 3026 inter

94 3076 244 3157 Ephraim
270 3074 422 3137 habitavit
447 3078 537 3155 usque
562 3081 595 3137 sn
622 3076 697 3138 hanc
722 3078 816 3153 rilem,
836 3091 864 3138 et
878 3076 944 3154 fair
964 3076 1153 3139 tributarias.
1193 3078 1285 3159 Quod

95 3190 174 3251 idem
208 3188 301 3267 ipsum
333 3188 390 3265 eil,
421 3190 503 3267 quod
532 3188 607 3250 libro
640 3188 776 3269 Judicum
807 3207 871 3265 cap.
906 3205 931 3250 r.
962 3205 1108 3265 ramatum
1128 3204 1159 3249 et
1179 3192 1285 3253 modae

95 3301 185 3365 etiam
217 3300 359 3379 loquendi
388 3304 421 3361 in
448 3299 524 3361 hana
550 3302 639 3379 usqae
666 3302 740 3360 diem
766 3298 913 3375 ostendit,
932 3297 1109 3377 Scriptorem
1130 3317 1189 3360 rem
1209 3299 1285 3361 anti-

95 3432 184 3493 quam
205 3430 330 3475 narrare.
371 3412 450 3474 Huic
472 3412 559 3474 etiam
580 3411 736 3476 consimilis
757 3411 798 3473 est
819 3411 937 3473 Textuc
958 3429 1023 3488 cap.
1047 3423 1091 3487 15.
1112 3411 1155 3473 vs.
1176 3414 1230 3474 ult.
1247 3416 1285 3475 de

94 3524 165 3589 siliis
183 3526 325 3609 Jehudae,
346 3540 377 3587 et
397 3525 515 3587 historia
536 3524 641 3587 Kalebi
662 3544 699 3585 ex
720 3524 763 3587 vs.
788 3540 833 3605 14
854 3523 946 3601 ejusd.
967 3542 1032 3601 cap.
1072 3522 1113 3585 Et
1133 3524 1216 3585 casus
1236 3524 1285 3587 ille

96 3637 203 3714 etiam,
224 3637 276 3715 qui
296 3654 360 3713 cap.
382 3654 430 3699 22.
453 3654 490 3698 ex
510 3637 553 3701 vs.
577 3653 622 3699 ιο.
643 3652 701 3699 etc.
729 3650 861 3698 narratur
889 3638 926 3698 de
954 3638 1069 3698 duabus
1097 3636 1233 3698 tribubus
1253 3652 1285 3699 et

97 3748 236 3825 dimidie,
257 3766 323 3827 quae
344 3765 420 3809 aram
441 3750 516 3811 ultra
536 3750 694 3831 Jordanem
715 3748 952 3823 aedificaverunt,
973 3745 1038 3823 posi
1055 3758 1177 3808 mortem
1186 3746 1284 3827 Josuae

96 3859 250 3941 contigisse
272 3859 404 3923 videtur:
427 3860 667 3939 quandoquidem
688 3860 718 3921 in
739 3873 806 3921 tota
827 3858 875 3920 illa
894 3857 1014 3919 historia
1033 3858 1112 3921 nulla
1131 3857 1229 3939 Josuae
1249 3858 1284 3919 lit

95 3970 226 4048 mentio,
256 3969 306 4033 sed
336 3970 415 4033 solur
442 3974 572 4048 populus
599 3973 706 4033 bellum
735 3988 834 4051 gerere
858 3970 1021 4044 deliberat,
1039 3970 1154 4049 legatos
1174 3968 1285 4046 mittit,

97 4098 257 4160 eorumque
285 4080 452 4159 responsum
483 4086 670 4162 expectaret
692 4086 809 4149 tandem
830 4085 984 4164 approbat.
1003 4080 1141 4165 Denique
1161 4101 1199 4143 ex
1219 4100 1285 4166 cap.

132 4316 145 4347 '
162 4314 210 4369 Ed·
226 4314 284 4367 ΡΜ
301 4324 358 4381 cap.
374 4326 399 4379 7.
416 4314 483 4381 aeas.
503 4328 525 4368 ι.
