2934 4900
207 333 266 408 34d
679 319 917 393 Tractatus

208 505 324 566 Deinde
351 504 423 566 nihil
450 505 537 566 etiam
558 506 594 566 ad
615 505 731 584 Fidem,
757 505 779 566 sl
800 506 867 584 quis
886 508 1003 583 credat,
1024 509 1107 584 quod
1126 507 1210 568 Deus
1228 493 1393 565 secundum

209 615 354 678 essentiam
386 618 434 680 vel
465 616 621 678 secundum
653 617 816 695 potentiam
846 618 957 696 ubique
985 618 1038 696 stt3
1060 620 1143 696 quod
1161 635 1208 678 tes
1228 615 1336 694 dirigit
1355 633 1393 674 ex
1458 614 1462 620 '

208 728 343 790 libertate
370 730 419 792 vel
448 729 612 792 necessitate
640 745 768 806 naturae3
798 733 880 808 quod
900 732 979 810 leges
998 746 1137 809 tanquam
1156 729 1296 806 princeps
1318 745 1393 804 prae·

208 841 331 920 scribat,
350 844 400 906 vel
419 857 557 920 tanquam
578 857 700 904 aetemas
720 842 861 906 veritates
882 846 1005 920 doceam
1026 845 1109 920 quod
1128 842 1218 904 homo
1228 860 1269 902 ex
1279 840 1393 901 arbitrii

206 953 341 1015 libertate
370 955 420 1016 vel
450 973 488 1016 ex
518 955 682 1016 necesitate
711 954 806 1019 divini
836 953 945 1017 decreti
975 955 1043 1017 Deo
1075 953 1215 1029 obediat3
1246 955 1393 1030 quodque

208 1063 334 1140 denique
363 1061 510 1139 praemium
537 1064 682 1125 bonorum
702 1078 735 1125 et
754 1079 841 1140 poena
860 1065 1000 1126 malorum
1020 1064 1160 1125 naturalis
1179 1065 1228 1126 vel
1250 1063 1392 1140 suprana-

208 1174 311 1236 tutalis
338 1173 382 1236 stt.
422 1175 511 1251 lloec,
538 1189 569 1235 et
595 1171 712 1252 similia,
730 1174 864 1252 inquam,
883 1175 956 1236 nihil
975 1175 1065 1237 refert
1085 1176 1116 1236 in
1135 1174 1270 1251 respedlu
1289 1175 1394 1250 Fidei,

208 1303 265 1364 qua
295 1285 409 1348 tatione
440 1283 637 1363 unusquisque
667 1285 827 1364 intelligam
858 1288 1016 1348 dummodo
1047 1286 1120 1347 nihil
1150 1304 1216 1348 eum
1249 1286 1281 1346 in
1302 1287 1392 1346 finem

209 1400 383 1476 concludat,
403 1413 437 1460 ut
458 1397 594 1476 majorem
614 1397 761 1458 licentiam
781 1400 818 1459 ad
838 1401 1018 1474 peccandum
1038 1398 1146 1475 sumat,
1166 1400 1215 1461 vel
1235 1413 1273 1459 ut
1291 1397 1394 1459 minus

207 1513 259 1572 liat
278 1512 345 1572 Deo
367 1513 587 1587 obtemperans3
614 1507 748 1587 quinimo
768 1508 983 1598 qnusquisque,
1003 1525 1039 1570 ut
1054 1509 1115 1588 jam
1135 1508 1221 1586 supra
1240 1509 1393 1584 diximus,

206 1623 268 1684 haec
300 1621 381 1684 Fidei
412 1623 548 1700 dogmata
574 1622 611 1683 ad
636 1619 718 1684 suum
749 1636 868 1697 captum
898 1624 1117 1684 accommodare
1137 1637 1274 1697 tenetur,
1294 1640 1394 1698 eaque

205 1732 257 1794 srbi
278 1748 315 1794 eo
336 1735 425 1794 modo
452 1731 651 1810 interpretari,
678 1751 740 1810 quo
760 1731 812 1792 sibi
832 1732 952 1796 videtur
976 1736 1075 1796 eadem
1096 1733 1228 1811 facilius,
1248 1731 1311 1794 stne
1333 1735 1396 1794 ulla

204 1843 402 1922 hesitatione,
422 1843 472 1905 sed
491 1845 606 1924 integro
627 1843 713 1906 animi
735 1843 1034 1923 consensu,tmpleeli
1050 1844 1395 1923 posse,utconsequen·

206 1975 251 2020 tet
270 1959 337 2019 Deo
358 1959 446 2033 pleno
467 1956 553 2020 animi
581 1956 722 2019 consensu
748 1957 878 2019 obediat.
918 1959 1010 2034 Nam,
1031 1973 1066 2020 ut
1082 1957 1142 2035 jam
1161 1957 1249 2018 etiam
1270 1957 1395 2018 monui·

207 2087 287 2146 mus,
314 2068 398 2130 sicuti
425 2069 494 2130 olim
516 2069 601 2132 Fides
620 2068 778 2131 secundum
801 2083 920 2146 captum
945 2083 976 2131 et
996 2069 1154 2147 opiniones
1173 2069 1394 2145 Prophetarum

207 2198 237 2244 et
257 2183 340 2262 vulgi
359 2181 436 2244 illius
456 2181 597 2258 temporis
617 2183 745 2246 revelata
765 2182 930 2260 scriptaque
957 2182 1032 2260 suit,
1051 2180 1090 2243 stc
1111 2182 1198 2242 etiam
1216 2181 1276 2259 jam
1296 2181 1394 2244 unus-
1460 2164 1461 2197 ff

204 2295 326 2372 quisque
346 2310 465 2356 tenetur
484 2297 604 2356 eandem
624 2293 682 2356 suis
703 2294 895 2372 opinionibus
922 2296 1157 2370 accommodate,
1176 2308 1212 2355 ut
1231 2292 1271 2354 stc
1292 2293 1393 2369 ipsam

204 2408 311 2487 absque
332 2409 389 2471 ulla
410 2407 515 2470 mentia
539 2408 730 2488 repugnantia
757 2407 874 2486 sineque
895 2408 952 2470 ulla
976 2405 1159 2470 haesitatione
1179 2407 1394 2483 ampledttur;
1459 2463 1460 2480 ,

206 2520 382 2583 ostendimus
413 2520 505 2599 enim,
526 2520 625 2583 Fidem
645 2538 706 2583 non
726 2535 786 2582 tam
806 2520 960 2582 veritatem
980 2537 1067 2597 quam
1086 2519 1227 2595 pietatem
1248 2518 1392 2597 exigere,

206 2646 236 2692 et
262 2649 322 2693 non
347 2632 399 2693 nist
423 2632 536 2695 ratione
561 2632 740 2695 obedientiae
766 2632 843 2709 piam
871 2645 901 2693 et
925 2631 1099 2694 salutiferam
1123 2629 1195 2708 elle,
1225 2644 1255 2690 et
1281 2629 1390 2689 conse-

204 2759 328 2823 quenter
357 2744 499 2806 neminem
530 2743 582 2806 nist
611 2743 726 2805 ratione
757 2742 934 2805 obedientia
964 2744 1078 2805 fidelem
1098 2741 1161 2803 elle.
1202 2743 1300 2825 Quare
1323 2760 1388 2803 non
1459 2741 1460 2758 ¹

203 2856 269 2934 ille,
299 2856 351 2933 qui
381 2856 508 2933 optimas
543 2855 670 2917 ostendit
704 2854 849 2932 tationes,
884 2855 1026 2931 optimam
1060 2853 1217 2917 necessario
1253 2852 1388 2915 ostendit

203 2971 303 3048 fidem,
333 2967 383 3030 sed
413 2967 475 3044 ille,
505 2966 557 3045 qui
587 2967 698 3043 optima
729 2968 856 3030 ostendit
888 2986 976 3045 opera
1005 2968 1129 3049 Juslitiae
1160 2982 1191 3029 et
1211 2966 1386 3028 charitatis.

204 3084 279 3166 Quae
309 3081 440 3145 dodlrina
470 3099 555 3159 quam
586 3079 717 3143 salutaris
747 3099 892 3158 quamque
922 3080 1074 3142 necessaria
1094 3079 1130 3141 stt
1149 3080 1180 3141 in
1201 3079 1388 3156 Republica,
1459 3081 1461 3134 l

203 3210 237 3256 ut
256 3193 389 3256 homines
409 3192 528 3269 pacifice
554 3207 584 3253 et
609 3193 797 3255 concorditer
816 3192 935 3269 vivant,
962 3206 1113 3270 quotque,
1133 3191 1266 3269 inquam,
1287 3209 1384 3267 quan·

199 3304 303 3382 tasque
323 3304 575 3389 perturbationum
600 3318 630 3364 et
650 3303 787 3367 scelerum
814 3303 915 3367 causas
935 3302 1126 3380 praescindat,
1146 3302 1283 3363 omnibus
1299 3302 1382 3379 judi·

199 3419 323 3479 candum
353 3416 495 3493 relinquo.
536 3418 638 3493 Atque
658 3416 721 3493 hic,
742 3432 898 3494 antequam
922 3416 1046 3477 ulterius
1063 3432 1199 3494 pergam,
1218 3416 1382 3475 notandum

199 3526 298 3604 venit,
324 3544 380 3588 nos
401 3546 438 3587 ex
462 3529 551 3589 modo
577 3526 694 3590 oslensts
714 3528 800 3589 facile
825 3528 999 3605 respondere
1020 3526 1099 3603 posse
1120 3528 1156 3587 ad
1178 3524 1380 3602 objediones,

201 3657 274 3716 quas
303 3636 377 3715 Cap.
411 3656 436 3699 1.
467 3639 629 3716 movimus,
659 3642 779 3716 quando
812 3642 847 3701 de
879 3640 946 3701 Deo
972 3657 1037 3700 cum
1057 3635 1192 3698 lsraetitis
1213 3654 1250 3697 ex
1272 3636 1382 3697 Monte

201 3751 279 3815 Sinai
300 3752 440 3829 loquente
461 3754 549 3814 verba
571 3751 702 3814 fecimus.
721 3755 798 3814 Nam
819 3752 952 3830 quamvis
971 3770 1035 3816 vox
1056 3752 1120 3827 illa,
1139 3768 1226 3828 quam
1245 3749 1381 3811 israelita

200 3864 394 3940 audiverunt,
418 3862 474 3923 illis
498 3864 666 3927 hominibus
691 3866 798 3927 nullam
824 3864 1055 3941 philosophicam
1075 3863 1127 3925 seu
1146 3861 1380 3923 mathematicam

199 3974 405 4036 certitudinem
436 3976 473 4035 de
503 3975 559 4036 Dei
590 3974 744 4037 existentia
776 3977 845 4037 dare
866 3989 1022 4051 potuerat,
1044 3973 1205 4036 sufficiebat
1225 3988 1323 4034 tamen
1344 3976 1382 4035 ad

201 4086 316 4147 eosdem
337 4086 367 4148 in
396 4086 614 4148 admirationem
639 4086 713 4164 Dei,
740 4101 830 4162 prout
855 4085 947 4163 ipsum
972 4102 1058 4147 antea
1083 4099 1245 4161 noverant,
1264 4085 1381 4161 rapien-

200 4200 271 4273 dos,
297 4211 327 4258 et
353 4200 389 4259 ad
416 4198 612 4261 obedientiam
639 4198 836 4279 instigandum
860 4199 911 4275 qui
936 4199 1001 4259 sanis
1029 4198 1106 4259 illius
1130 4197 1288 4275 spectaculi
1313 4198 1381 4259 fuir.

199 4304 274 4369 Nam
304 4310 387 4369 Deus
417 4328 476 4371 non
507 4312 626 4374 volebat
657 4310 799 4372 Israelitas
829 4310 887 4373 sute
917 4308 1043 4371 essentia
1074 4309 1206 4371 absoluta
1236 4310 1381 4373 attributa
