2934 4900
553 348 691 431 Caput
722 348 759 415 tl.
1187 350 1246 431 287

64 532 158 613 Quare
186 532 278 595 homo
306 533 424 596 minime
450 533 547 611 potest
575 533 633 595 dici
660 533 734 594 liber
761 548 936 610 propterea,
964 535 1046 609 quod
1066 532 1164 608 potest
1184 552 1244 593 non

65 644 201 721 exiliere,
222 646 271 709 vel
291 648 373 722 quod
400 645 498 723 potest
530 662 590 707 non
621 643 665 707 uti
697 644 845 720 Ratione,
875 644 926 705 sed
956 658 1069 705 tantum
1099 660 1246 722 quatenus

65 757 238 831 potestatem
268 758 358 819 hebet
388 758 530 820 existendi
558 774 588 819 et
618 757 760 833 operandi
791 756 947 818 secundum
975 755 1107 817 humanae
1135 771 1245 817 naturae

64 871 147 948 leges.
169 872 243 953 Quo
263 872 353 950 igitur
370 871 515 933 hominem
534 870 625 950 magis
645 870 767 931 liberum
789 869 844 930 else
865 868 1248 943 confideremus,eominus

64 982 156 1043 dicere
187 982 356 1059 possumus,
383 985 464 1059 quod
493 984 577 1060 polilt
605 983 736 1043 Ratione
763 1000 824 1042 non
844 980 906 1057 uti,
934 997 965 1041 et
985 982 1058 1041 mala
1079 998 1137 1057 prae
1159 981 1247 1041 bonis

63 1095 183 1173 eligere;
206 1112 237 1159 et
257 1096 326 1159 ideo
347 1097 445 1171 Deus,
466 1096 517 1173 qui
538 1095 671 1157 absolute
691 1094 766 1155 liber
786 1094 898 1169 existit,
918 1093 1070 1172 intelligit,
1092 1109 1122 1155 et
1144 1112 1246 1169 opert·

64 1225 124 1285 tur,
152 1206 313 1269 necessario
341 1207 445 1285 etiam,
471 1226 574 1283 nempe
596 1226 633 1267 ex
654 1207 712 1268 suae
733 1222 844 1267 naturae
865 1205 1047 1281 necessitate,
1068 1205 1181 1281 exiliit,
1201 1206 1246 1268 in·

63 1319 188 1399 telligit,
209 1334 241 1380 et
260 1336 408 1397 operatur.
449 1320 523 1379 Nant
545 1336 605 1379 non
627 1318 748 1379 dubium
769 1317 826 1393 est,
855 1317 926 1393 quin
947 1318 1029 1377 Deus
1050 1319 1166 1392 eadem,
1186 1338 1244 1395 qutt

64 1430 178 1504 existit,
208 1432 344 1493 libertate
376 1446 534 1508 operetur:
566 1446 600 1493 ut
631 1431 721 1509 igitur
751 1450 789 1490 en
820 1429 910 1506 ipsius
941 1445 1051 1491 natutae
1083 1430 1247 1491 necessttate

65 1544 175 1619 exiliit,
203 1563 240 1605 en
268 1544 357 1620 ipsius
384 1544 472 1605 etiam
500 1560 609 1605 naturae
639 1544 804 1604 neceffitnte
833 1541 910 1619 agit,
930 1541 987 1602 hoc
1009 1542 1065 1617 est,
1085 1542 1175 1602 libere
1195 1544 1246 1601 ab·

66 1655 155 1717 solute
178 1656 249 1735 agit.

101 1768 128 1849 S.
148 1770 234 1829 Vlll.
275 1770 486 1833 Concludiutus
506 1771 624 1847 itaque,
653 1770 682 1831 in
704 1770 850 1848 potestate
872 1768 1101 1847 uniuscujusque
1121 1768 1248 1830 hominis

65 1896 121 1938 non
142 1878 216 1956 else,
236 1879 367 1940 Ratione
387 1879 498 1955 semper
518 1878 578 1955 uti,
596 1894 626 1939 et
644 1878 674 1939 in
692 1879 803 1940 summo
820 1880 953 1941 huutanae
970 1879 1114 1940 libertatis
1132 1878 1247 1957 fastigio

65 1990 134 2068 else;
166 2008 197 2052 et
228 2008 324 2053 tamen
356 2010 593 2069 unumquemque
623 1991 747 2068 semper,
775 2008 917 2069 quantum
945 1992 975 2053 in
1003 1992 1032 2053 se
1059 1990 1117 2067 est,
1148 1989 1247 2051 conari

67 2104 143 2165 suum
175 2103 232 2165 else
263 2104 456 2181 conservate,
487 2119 516 2165 et
548 2103 633 2182 (quia
664 2104 863 2181 unusquisque
895 2119 1009 2165 tantum
1036 2102 1111 2179 juris
1141 2101 1249 2174 habet,

66 2231 205 2291 quantum
237 2217 372 2293 potentii
405 2218 498 2295 valet)
530 2216 672 2293 quicquid
705 2214 922 2293 unusquisque,
952 2214 1012 2279 stve
1043 2213 1158 2289 sapiens
1187 2210 1248 2273 slve

66 2328 195 2406 ignarus,
224 2344 350 2391 conatur
378 2344 407 2390 et
437 2329 512 2408 agit,
541 2329 570 2391 id
599 2328 709 2389 sumnto
737 2332 858 2390 Naturae
885 2330 955 2409 Jure
984 2326 1084 2387 conari
1104 2342 1134 2386 et
1155 2340 1249 2403 agere.

67 2441 108 2500 Er
138 2441 249 2520 quibus
280 2441 426 2519 sequitur,
455 2444 509 2524 Jus
541 2459 570 2503 et
603 2440 767 2504 institutum
798 2444 939 2517 Natutae,
970 2440 1022 2502 sub
1054 2458 1114 2516 quo
1146 2457 1247 2500 omnes

66 2555 220 2617 nascuntur
249 2555 400 2632 homines,
432 2571 462 2616 et
493 2555 616 2618 maxima
648 2574 684 2616 ex
716 2572 797 2631 parte
826 2554 952 2630 vivunt,
978 2553 1066 2628 nihil,
1094 2551 1145 2613 nist
1166 2553 1248 2628 quod

66 2688 147 2730 nemo
169 2669 252 2746 cupit
273 2684 304 2731 et
325 2670 406 2745 quod
428 2687 514 2730 nemo
535 2667 649 2746 potest,
669 2667 843 2744 prohibere;
864 2685 925 2727 non
943 2663 1169 2739 contentiones,
1187 2681 1247 2723 non

66 2781 146 2858 odit,
174 2799 235 2842 non
263 2781 349 2855 iram,
377 2798 438 2840 non
466 2780 567 2855 dolos,
596 2797 650 2840 nec
679 2778 813 2841 absolute
840 2777 967 2854 aliquid,
994 2779 1076 2854 quod
1097 2775 1249 2852 appetitus

67 2891 179 2970 suadet,
202 2891 334 2956 aversari.
375 2894 439 2953 Nec
461 2891 576 2967 mirum3
598 2910 663 2953 nant
683 2893 798 2953 Natura
818 2909 879 2952 non
899 2890 1013 2969 legibus
1034 2888 1167 2950 httnttnae
1188 2889 1249 2948 Ra-

67 3003 173 3080 tionis,
193 3023 260 3081 quae
280 3021 342 3065 non
363 3002 415 3064 nist
436 3002 587 3066 hominum
609 3021 707 3065 vcntm
730 3002 803 3064 utile
823 3017 854 3063 et
875 3001 1130 3065 conseruationem
1151 2999 1248 3060 inten-

67 3117 153 3190 dunt,
173 3115 359 3192 continetur,
381 3114 429 3176 sed
451 3116 574 3178 infinitis
595 3115 673 3206 aliis,
694 3135 760 3192 quae
782 3114 877 3176 totius
897 3116 1034 3188 Nature,
1054 3112 1139 3190 cujus
1159 3113 1249 3172 homo

68 3226 204 3298 particula
231 3227 289 3302 est,
317 3241 456 3288 aeternunt
485 3228 616 3289 ordinent
644 3227 820 3304 respiciunt,
841 3246 878 3288 ex
899 3225 985 3303 cujus
1005 3226 1064 3286 sola
1086 3225 1250 3285 necessitate

69 3339 157 3400 onnia
179 3338 333 3402 individua
355 3356 437 3401 certo
457 3343 547 3402 modo
570 3341 802 3403 determinantur
821 3342 857 3402 nd
879 3340 1058 3402 existendum
1077 3354 1107 3398 et
1125 3355 1249 3414 operan-

69 3451 139 3512 dum.
180 3449 333 3532 Quicquid
366 3468 436 3530 ergo
467 3451 554 3512 nobis
587 3451 615 3512 in
648 3454 762 3513 Natura
793 3450 966 3524 ridiculum,
997 3441 1167 3524 absurdunt,
1198 3463 1249 3508 tut

69 3566 165 3626 malunt
199 3564 335 3640 videtur,
365 3563 395 3626 id
426 3565 494 3627 inde
527 3564 583 3640 est,
615 3568 698 3642 quod
726 3583 772 3625 res
792 3578 907 3624 tanturn
929 3581 967 3623 ex
987 3577 1070 3638 parte
1092 3561 1249 3635 novimus,

69 3678 214 3756 totiusque
243 3679 365 3740 Nututae
394 3677 525 3738 ordinem
548 3693 577 3738 et
600 3675 806 3738 cohaerentiaut
827 3676 950 3736 maxima
971 3693 1009 3736 ex
1029 3689 1112 3750 parte
1133 3673 1248 3752 ignora·

68 3807 141 3864 nus,
162 3805 193 3850 et
215 3791 314 3866 quod,
336 3789 433 3850 omnin
456 3807 492 3850 ex
513 3787 684 3865 prescripto
706 3788 810 3850 nostrae
833 3786 972 3849 Rationis
993 3801 1027 3847 ut
1048 3785 1251 3864 dirigerentur,

68 3905 215 3964 uolumus:
238 3920 303 3962 curn
327 3917 421 3962 tamen
444 3899 490 3977 id,
513 3903 594 3978 quod
616 3901 707 3962 Ratio
730 3901 834 3960 malurn
855 3897 912 3960 else
933 3897 1041 3973 dicltt,
1062 3916 1122 3958 non
1144 3900 1249 3959 malunt

68 4011 96 4073 stt
125 4014 258 4091 respesiu
289 4012 400 4076 ordinis
431 4029 461 4074 et
492 4013 587 4092 legum
619 4011 762 4075 universae
794 4013 932 4086 Naturae,
954 4011 1002 4072 sed
1023 4025 1138 4071 tantum
1159 4010 1249 4072 solius

68 4127 163 4186 nostrae
186 4141 298 4187 naturae
318 4126 412 4203 legum
434 4125 575 4201 respeiiu.

104 4237 130 4317 S.
149 4237 202 4298 tlt.
224 4239 365 4300 Praeteten
386 4237 534 4314 sequitur,
557 4253 793 4311 unumquemque
814 4235 926 4296 tamdiu
947 4233 1066 4294 alterius
1087 4231 1144 4293 else
1160 4231 1250 4309 iuris,

70 4349 201 4423 quamdiu
230 4349 281 4412 sub
310 4349 429 4411 alterius
458 4347 603 4424 potestate
632 4348 688 4422 est,
716 4362 745 4407 ct
776 4363 897 4408 eatenus
925 4346 967 4408 sui
993 4345 1083 4422 juris,
1105 4360 1251 4420 quatenus
