2934 4900
241 324 298 388 134
657 304 837 365 Ethicet
863 304 932 364 Part
952 303 1004 364 Ill.

236 485 296 546 dari
317 483 437 560 nequit;
459 484 508 546 sed
529 499 649 560 contra,
669 480 810 559 quoniam
832 480 905 559 (per
921 481 1262 560 Prop.1r.er13.p.2.)
1283 481 1429 557 primum,

236 597 317 672 quod
344 595 456 656 Mentis
483 575 629 656 clientium
659 592 830 668 constituit,
859 591 901 652 est
928 590 994 653 idea
1014 591 1147 668 corporis
1167 595 1234 654 adiu
1253 591 1429 668 exilientiS,

233 707 355 783 primum
377 723 407 768 et
428 705 608 782 precipuum
629 703 732 765 nosttae
750 702 863 765 Mentis
881 716 1008 764 conatur
1026 701 1068 764 est
1078 702 1150 782 (per
1161 703 1250 781 Prop.
1261 717 1290 779 7.
1299 701 1427 782 liujus),

234 816 376 893 Corporis
398 816 486 877 nostri
507 813 689 877 existentiam
710 813 864 889 affirmare3
885 828 976 890 atque
996 815 1072 874 adeo
1092 812 1173 888 idea,
1190 833 1258 890 quae
1276 814 1426 892 Corporis

235 928 323 992 nostri
344 929 525 991 existentiam
547 944 651 1007 negat,
673 927 776 987 nostrae
796 924 895 986 Menti
916 925 957 985 est
978 923 1123 985 contraria
1144 938 1201 985 etc.
1244 927 1279 1003 Q.
1299 927 1337 987 Ε.
1359 927 1403 986 D.

620 1098 948 1164 PROPOSITIO
988 1097 1040 1157 Xl.

277 1217 421 1294 Quicquid
445 1215 581 1294 Corporis
609 1213 698 1292 nostri
718 1213 824 1287 agendi
839 1213 998 1290 potentiam
1020 1223 1107 1285 augei
1126 1210 1177 1269 vei
1193 1213 1315 1285 minuit,
1328 1211 1429 1285 juvat

230 1329 279 1389 vei
296 1331 416 1403 coe'rcri,
436 1325 559 1402 ejusdem
579 1329 624 1385 rei
642 1325 709 1386 idea
730 1325 844 1384 Metuis
864 1321 966 1400 nostra
986 1322 1135 1398 cogitandi
1153 1323 1313 1400 potentiam
1332 1336 1428 1397 auget

233 1441 282 1501 vei
299 1443 418 1514 minuit,
433 1439 526 1514 juvar
545 1440 595 1498 vei
612 1441 729 1498 coircei.

632 1593 1030 1640 nnmoutrnntrm

275 1695 346 1752 lIaec
373 1689 539 1767 Proposrtio
567 1703 651 1766 patet
678 1707 715 1749 ex
743 1687 948 1764 Proposttione
969 1703 997 1762 7.
1021 1686 1115 1748 Partis
1136 1703 1183 1761 2„
1204 1687 1252 1750 vel
1272 1686 1360 1748 etiam
1382 1707 1424 1748 et

236 1800 439 1878 Propolrtione
464 1816 509 1880 14.
530 1799 624 1861 Partis
645 1817 673 1860 2.

702 1955 813 1999 serto
827 1955 905 1999 ιιυ
919 1957 955 1999 rt.

276 2053 411 2113 Vidimus
433 2051 534 2129 itaque
554 2052 686 2113 Mentem
707 2069 825 2129 magnos
845 2049 925 2128 polle
946 2051 1008 2127 pati
1029 2051 1225 2126 mutationes,
1252 2052 1360 2130 etjam
1383 2057 1422 2115 ad

237 2162 467 2242 maj01em,jam
488 2178 585 2224 autent
606 2164 643 2224 nd
660 2161 800 2223 minorem
822 2162 1031 2238 persedionem
1052 2161 1186 2238 munstre,
1214 2181 1280 2240 quae
1300 2165 1423 2242 quidem

235 2279 377 2355 patrones
399 2275 485 2338 nobit
505 2275 654 2352 explicant
675 2273 797 2337 offellus
818 2273 945 2335 Laetitiae
966 2289 997 2335 et
1018 2273 1166 2336 Tristitiae.
1196 2277 1251 2337 Per
1269 2277 1421 2337 Lutitiom

235 2393 336 2469 itaque
368 2389 398 2452 in
431 2387 620 2467 sequentibus
653 2386 813 2467 intelligam
838 2387 1003 2468 palinuro,
1034 2405 1093 2465 qua
1120 2387 1207 2447 Mens
1226 2389 1269 2449 ad
1284 2389 1424 2464 masorem

231 2502 430 2584 perstitioneru
457 2501 572 2580 transtu.
613 2500 668 2561 Per
701 2499 862 2578 Tristitiaru
889 2513 988 2560 autem
1010 2499 1176 2579 pafflonerrt,
1205 2518 1265 2577 quo
1289 2501 1359 2579 ipsa
1382 2504 1428 2561 ad

234 2618 368 2673 minorem
390 2612 495 2690 transtu
511 2611 720 2692 persedionem.
761 2610 852 2671 Porto
873 2608 1004 2686 affeiiuru
1024 2610 1166 2686 Laeriiiae,
1186 2611 1423 2673 adurentem

237 2726 348 2805 Corpus
362 2724 450 2803 fimui
467 2726 606 2800 reiorum,
641 2723 846 2783 Tiiiilarioneru
867 2722 915 2785 vel
935 2722 1127 2782 Hilarirarem
1155 2738 1252 2796 voc0;
1279 2722 1422 2800 Tristitiae

195 2848 200 2857 ·
236 2852 332 2897 nutem
343 2838 475 2899 Dolorem
485 2836 534 2899 vel
544 2832 778 2897 Meloncdoiiarn.
799 2834 857 2895 Sed
867 2836 1030 2896 notandum
1037 2833 1271 2911 ,Titiliationem
1282 2850 1314 2896 et
1323 2836 1421 2898 Dolo-

233 2967 292 3010 rem
310 2951 347 3010 ad
363 2946 510 3009 hominem
528 2945 644 3022 referri,
662 2948 782 3023 quando
801 2964 860 3007 una
879 2943 944 3023 ejus
961 2963 1030 3023 part
1047 2944 1238 3023 praeteliquis
1249 2946 1422 3021 estaffeda,

235 3058 418 3121 Hilaritatem
449 3073 545 3119 autem
577 3073 609 3118 et
638 3055 886 3131 Melancholiam,
925 3058 1043 3133 quando
1082 3074 1184 3118 omnes
1215 3058 1323 3134 paritet
1353 3058 1422 3120 sunt

235 3170 353 3233 affedae.
375 3169 455 3255 Quid
476 3168 583 3232 deinde
605 3168 759 3247 Cupiditas
779 3168 831 3244 lit,
852 3167 883 3228 in
904 3166 1025 3229 scholio
1045 3166 1259 3245 Propolitionis
1278 3186 1307 3245 9.
1325 3169 1419 3246 hujus

234 3281 327 3343 Partis
355 3279 500 3358 explicui;
529 3295 559 3341 et
587 3294 693 3357 praeter
719 3278 776 3340 hos
803 3294 863 3339 tres
895 3279 1006 3339 nullum
1026 3277 1114 3339 alium
1134 3280 1263 3358 agnosco
1284 3279 1420 3341 offellum

236 3394 415 3471 primarium
436 3395 451 3427 *
476 3390 606 3469 reliquos
634 3410 672 3451 ex
700 3390 747 3452 his
773 3390 869 3453 tribus
896 3390 967 3453 oriri
995 3390 1026 3453 in
1053 3389 1134 3468 seqq.
1163 3392 1321 3453 ostendam.
1360 3394 1421 3453 Sed

235 3522 389 3583 antequam
419 3503 542 3566 ulterius
568 3521 702 3583 pergam,
720 3505 806 3565 lubet
826 3502 874 3563 hic
896 3502 986 3566 fultus
1007 3502 1240 3580 Propofitionern
1263 3522 1308 3566 10.
1330 3504 1420 3583 hujus

235 3617 328 3678 Partis
359 3617 520 3693 explicare,
552 3631 585 3677 ut
616 3614 721 3677 elatius
753 3614 948 3695 intelligatur,
980 3634 1038 3692 qua
1066 3615 1180 3677 ratione
1201 3614 1266 3679 idea
1288 3616 1361 3678 ideae
1382 3616 1418 3677 stt

236 3728 389 3789 contraria.

274 3838 307 3898 ln
335 3836 455 3898 Sclrolio
484 3836 697 3913 Proposrtionis
729 3854 774 3914 17.
804 3837 897 3899 Partis
924 3856 953 3899 2.
982 3836 1181 3914 ostendimus,
1207 3837 1321 3914 ideam,
1349 3859 1416 3917 quae

233 3946 346 4008 Mentis
370 3944 516 4007 effentiam
537 3946 706 4023 constituit,
736 3947 878 4024 Corporis
907 3947 1089 4009 existentiam
1114 3948 1226 4011 tamdiu
1247 3948 1417 4028 involvere,

234 4055 373 4135 quamdiu
392 4054 485 4131 ipsum
506 4056 622 4134 Corpus
644 4058 752 4118 existit.
792 4057 908 4119 Deinde
928 4076 966 4119 ex
987 4056 1040 4134 iit,
1061 4076 1127 4136 quae
1148 4058 1178 4119 in
1199 4058 1310 4121 Coroll.
1329 4062 1416 4136 Prop.

267 4304 279 4333 ⁸
314 4299 470 4367 Corrigenda
488 4300 536 4351 Ed.
553 4302 591 4353 rr.
610 4300 722 4354 addunt:
740 4318 808 4355 nam.
