<?xml version="1.0" encoding="UTF-8"?>
<!DOCTYPE html PUBLIC "-//W3C//DTD XHTML 1.0 Transitional//EN"
    "http://www.w3.org/TR/xhtml1/DTD/xhtml1-transitional.dtd">
<html xmlns="http://www.w3.org/1999/xhtml" xml:lang="en" lang="en">
 <head>
  <title>
</title>
<meta http-equiv="Content-Type" content="text/html;charset=utf-8" />
  <meta name='ocr-system' content='tesseract 3.04.00' />
  <meta name='ocr-capabilities' content='ocr_page ocr_carea ocr_par ocr_line ocrx_word'/>
</head>
<body>
  <div class='ocr_page' id='page_1' title='image "benedictidespin02landgoog_0213.png"; bbox 0 0 2934 4900; ppageno 0'>
   <div class='ocr_carea' id='block_1_1' title="bbox 381 315 1253 405">
    <p class='ocr_par' dir='ltr' id='par_1_1' title="bbox 381 315 1253 405">
     <span class='ocr_line' id='line_1_1' title="bbox 381 315 1253 405; baseline 0.002 -18"><span class='ocrx_word' id='word_1_1' title='bbox 381 326 438 387; x_wconf 83' lang='lat' dir='ltr'><em>De</em></span> <span class='ocrx_word' id='word_1_2' title='bbox 478 315 706 386; x_wconf 77' lang='lat' dir='ltr'><em>Servitute</em></span> <span class='ocrx_word' id='word_1_3' title='bbox 747 325 940 387; x_wconf 84' lang='lat' dir='ltr'><em>Humana.</em></span> <span class='ocrx_word' id='word_1_4' title='bbox 1197 328 1253 405; x_wconf 80' lang='lat'><em>189</em></span> 
     </span>
    </p>
   </div>
   <div class='ocr_carea' id='block_1_2' title="bbox 63 480 1263 4407">
    <p class='ocr_par' dir='ltr' id='par_1_2' title="bbox 63 480 1259 2944">
     <span class='ocr_line' id='line_1_2' title="bbox 65 480 1253 584; baseline 0 -21"><span class='ocrx_word' id='word_1_5' title='bbox 65 507 247 584; x_wconf 87' lang='lat' dir='ltr'><em>appetituum</em></span> <span class='ocrx_word' id='word_1_6' title='bbox 274 480 377 579; x_wconf 86' lang='lat' dir='ltr'><em>causas</em></span> <span class='ocrx_word' id='word_1_7' title='bbox 403 506 587 561; x_wconf 89' lang='lat' dir='ltr'><em>communiter</em></span> <span class='ocrx_word' id='word_1_8' title='bbox 605 505 754 577; x_wconf 83' lang='lat' dir='ltr'><em>ignorant.</em></span> <span class='ocrx_word' id='word_1_9' title='bbox 794 500 867 562; x_wconf 90' lang='lat' dir='ltr'><em>Sunt</em></span> <span class='ocrx_word' id='word_1_10' title='bbox 886 521 1022 579; x_wconf 87' lang='lat' dir='ltr'><em>namque,</em></span> <span class='ocrx_word' id='word_1_11' title='bbox 1047 515 1081 562; x_wconf 90' lang='lat' dir='ltr'><em>ut</em></span> <span class='ocrx_word' id='word_1_12' title='bbox 1094 503 1159 578; x_wconf 89' lang='lat' dir='ltr'><em>jam</em></span> <span class='ocrx_word' id='word_1_13' title='bbox 1173 504 1253 583; x_wconf 82' lang='lat' dir='ltr'><em>sape</em></span> 
     </span>
     <span class='ocr_line' id='line_1_3' title="bbox 67 615 1252 695; baseline 0.001 -19"><span class='ocrx_word' id='word_1_14' title='bbox 67 619 148 693; x_wconf 77' lang='lat' dir='ltr'><em>diri,</em></span> <span class='ocrx_word' id='word_1_15' title='bbox 161 620 289 695; x_wconf 85' lang='lat' dir='ltr'><em>suarum</em></span> <span class='ocrx_word' id='word_1_16' title='bbox 307 617 418 693; x_wconf 82' lang='lat' dir='ltr'><em>quidem</em></span> <span class='ocrx_word' id='word_1_17' title='bbox 435 616 574 675; x_wconf 58' lang='lat' dir='ltr'><em>ultionum</em></span> <span class='ocrx_word' id='word_1_18' title='bbox 590 627 619 674; x_wconf 87' lang='lat' dir='ltr'><em>et</em></span> <span class='ocrx_word' id='word_1_19' title='bbox 634 618 814 695; x_wconf 76' lang='lat' dir='ltr'><em>appetituum</em></span> <span class='ocrx_word' id='word_1_20' title='bbox 831 617 949 692; x_wconf 89' lang='lat' dir='ltr'><em>conscii,</em></span> <span class='ocrx_word' id='word_1_21' title='bbox 961 616 1019 694; x_wconf 81' lang='lat' dir='ltr'><em>sed</em></span> <span class='ocrx_word' id='word_1_22' title='bbox 1031 620 1135 693; x_wconf 82' lang='lat' dir='ltr'><em>ignari</em></span> <span class='ocrx_word' id='word_1_23' title='bbox 1151 615 1252 694; x_wconf 84' lang='lat' dir='ltr'><em>causa-</em></span> 
     </span>
     <span class='ocr_line' id='line_1_4' title="bbox 69 730 1252 810; baseline 0.001 -21"><span class='ocrx_word' id='word_1_24' title='bbox 69 749 151 807; x_wconf 87' lang='lat' dir='ltr'><em>rum,</em></span> <span class='ocrx_word' id='word_1_25' title='bbox 170 750 191 789; x_wconf 91' lang='lat' dir='ltr'><em>a</em></span> <span class='ocrx_word' id='word_1_26' title='bbox 212 730 317 807; x_wconf 88' lang='lat' dir='ltr'><em>quibus</em></span> <span class='ocrx_word' id='word_1_27' title='bbox 335 731 378 789; x_wconf 79' lang='lat' dir='ltr'><em>od</em></span> <span class='ocrx_word' id='word_1_28' title='bbox 392 730 509 807; x_wconf 85' lang='lat' dir='ltr'><em>aliquid</em></span> <span class='ocrx_word' id='word_1_29' title='bbox 525 730 713 809; x_wconf 78' lang='lat' dir='ltr'><em>appetendum</em></span> <span class='ocrx_word' id='word_1_30' title='bbox 731 730 970 791; x_wconf 78' lang='lat' dir='ltr'><em>determinantur.</em></span> <span class='ocrx_word' id='word_1_31' title='bbox 1013 732 1094 808; x_wconf 82' lang='lat' dir='ltr'><em>Quod</em></span> <span class='ocrx_word' id='word_1_32' title='bbox 1105 744 1252 810; x_wconf 82' lang='lat' dir='ltr'><em>preterea</em></span> 
     </span>
     <span class='ocr_line' id='line_1_5' title="bbox 69 841 1253 922; baseline 0.002 -22"><span class='ocrx_word' id='word_1_33' title='bbox 69 843 158 917; x_wconf 81' lang='lat' dir='ltr'><em>uulgo</em></span> <span class='ocrx_word' id='word_1_34' title='bbox 183 841 285 917; x_wconf 85' lang='lat' dir='ltr'><em>ajunt,</em></span> <span class='ocrx_word' id='word_1_35' title='bbox 312 842 465 901; x_wconf 78' lang='lat' dir='ltr'><em>Naturam</em></span> <span class='ocrx_word' id='word_1_36' title='bbox 490 841 646 919; x_wconf 79' lang='lat' dir='ltr'><em>aliquando</em></span> <span class='ocrx_word' id='word_1_37' title='bbox 671 841 788 920; x_wconf 83' lang='lat' dir='ltr'><em>deficere</em></span> <span class='ocrx_word' id='word_1_38' title='bbox 807 843 857 901; x_wconf 88' lang='lat' dir='ltr'><em>uel</em></span> <span class='ocrx_word' id='word_1_39' title='bbox 869 853 1006 921; x_wconf 86' lang='lat' dir='ltr'><em>peccare,</em></span> <span class='ocrx_word' id='word_1_40' title='bbox 1028 845 1129 921; x_wconf 87' lang='lat' dir='ltr'><em>resque</em></span> <span class='ocrx_word' id='word_1_41' title='bbox 1147 848 1253 922; x_wconf 85' lang='lat' dir='ltr'><em>impes·</em></span> 
     </span>
     <span class='ocr_line' id='line_1_6' title="bbox 63 952 1255 1035; baseline 0 -22"><span class='ocrx_word' id='word_1_42' title='bbox 63 954 161 1029; x_wconf 62' lang='lat' dir='ltr'><em>fedas</em></span> <span class='ocrx_word' id='word_1_43' title='bbox 186 956 360 1035; x_wconf 81' lang='lat' dir='ltr'><em>praelucere,</em></span> <span class='ocrx_word' id='word_1_44' title='bbox 391 958 470 1013; x_wconf 91' lang='lat' dir='ltr'><em>inter</em></span> <span class='ocrx_word' id='word_1_45' title='bbox 498 966 650 1013; x_wconf 90' lang='lat' dir='ltr'><em>commenta</em></span> <span class='ocrx_word' id='word_1_46' title='bbox 679 971 810 1028; x_wconf 89' lang='lat' dir='ltr'><em>numero,</em></span> <span class='ocrx_word' id='word_1_47' title='bbox 842 954 875 1012; x_wconf 89' lang='lat' dir='ltr'><em>de</em></span> <span class='ocrx_word' id='word_1_48' title='bbox 902 953 1018 1030; x_wconf 86' lang='lat' dir='ltr'><em>quibus·</em></span> <span class='ocrx_word' id='word_1_49' title='bbox 1031 957 1063 1012; x_wconf 92' lang='lat' dir='ltr'><em>in</em></span> <span class='ocrx_word' id='word_1_50' title='bbox 1091 952 1255 1033; x_wconf 84' lang='lat' dir='ltr'><em>Appendice</em></span> 
     </span>
     <span class='ocr_line' id='line_1_7' title="bbox 69 1064 1253 1145; baseline -0.003 -17"><span class='ocrx_word' id='word_1_51' title='bbox 69 1069 177 1128; x_wconf 86' lang='lat' dir='ltr'><em>Portis</em></span> <span class='ocrx_word' id='word_1_52' title='bbox 196 1069 306 1128; x_wconf 82' lang='lat' dir='ltr'><em>Prima</em></span> <span class='ocrx_word' id='word_1_53' title='bbox 325 1071 381 1143; x_wconf 84' lang='lat' dir='ltr'><em>egi.</em></span> <span class='ocrx_word' id='word_1_54' title='bbox 411 1066 553 1143; x_wconf 64' lang='lat' dir='ltr'><em>Peffeclio</em></span> <span class='ocrx_word' id='word_1_55' title='bbox 572 1070 668 1143; x_wconf 87' lang='lat' dir='ltr'><em>igitur</em></span> <span class='ocrx_word' id='word_1_56' title='bbox 688 1079 716 1125; x_wconf 89' lang='lat' dir='ltr'><em>et</em></span> <span class='ocrx_word' id='word_1_57' title='bbox 735 1064 910 1145; x_wconf 72' lang='lat' dir='ltr'><em>imperfectio</em></span> <span class='ocrx_word' id='word_1_58' title='bbox 932 1084 1038 1126; x_wconf 84' lang='lat' dir='ltr'><em>reuera</em></span> <span class='ocrx_word' id='word_1_59' title='bbox 1058 1067 1133 1126; x_wconf 80' lang='lat' dir='ltr'><em>modi</em></span> <span class='ocrx_word' id='word_1_60' title='bbox 1145 1067 1253 1143; x_wconf 90' lang='lat' dir='ltr'><em>solum·</em></span> 
     </span>
     <span class='ocr_line' id='line_1_8' title="bbox 69 1180 1257 1259; baseline 0 -20"><span class='ocrx_word' id='word_1_61' title='bbox 69 1185 147 1240; x_wconf 81' lang='lat' dir='ltr'><em>utodo</em></span> <span class='ocrx_word' id='word_1_62' title='bbox 167 1180 315 1256; x_wconf 79' lang='lat' dir='ltr'><em>cogitandi</em></span> <span class='ocrx_word' id='word_1_63' title='bbox 326 1182 415 1257; x_wconf 90' lang='lat' dir='ltr'><em>sunt,</em></span> <span class='ocrx_word' id='word_1_64' title='bbox 435 1193 531 1259; x_wconf 90' lang='lat' dir='ltr'><em>nempe</em></span> <span class='ocrx_word' id='word_1_65' title='bbox 549 1181 689 1255; x_wconf 91' lang='lat' dir='ltr'><em>notiones,</em></span> <span class='ocrx_word' id='word_1_66' title='bbox 708 1198 782 1256; x_wconf 86' lang='lat' dir='ltr'><em>quas</em></span> <span class='ocrx_word' id='word_1_67' title='bbox 798 1180 909 1259; x_wconf 79' lang='lat' dir='ltr'><em>fingere</em></span> <span class='ocrx_word' id='word_1_68' title='bbox 923 1181 1046 1257; x_wconf 87' lang='lat' dir='ltr'><em>solemus</em></span> <span class='ocrx_word' id='word_1_69' title='bbox 1066 1200 1103 1239; x_wconf 86' lang='lat' dir='ltr'><em>cot</em></span> <span class='ocrx_word' id='word_1_70' title='bbox 1120 1200 1162 1257; x_wconf 87' lang='lat' dir='ltr'><em>eo,</em></span> <span class='ocrx_word' id='word_1_71' title='bbox 1181 1182 1257 1258; x_wconf 80' lang='lat' dir='ltr'><em>quod</em></span> 
     </span>
     <span class='ocr_line' id='line_1_9' title="bbox 69 1292 1256 1371; baseline 0.002 -20"><span class='ocrx_word' id='word_1_72' title='bbox 69 1294 194 1369; x_wconf 80' lang='lat' dir='ltr'><em>ejusdem</em></span> <span class='ocrx_word' id='word_1_73' title='bbox 207 1295 316 1371; x_wconf 89' lang='lat' dir='ltr'><em>speciei</em></span> <span class='ocrx_word' id='word_1_74' title='bbox 333 1304 387 1352; x_wconf 87' lang='lat' dir='ltr'><em>aut</em></span> <span class='ocrx_word' id='word_1_75' title='bbox 403 1296 519 1368; x_wconf 85' lang='lat' dir='ltr'><em>generis</em></span> <span class='ocrx_word' id='word_1_76' title='bbox 538 1294 693 1352; x_wconf 81' lang='lat' dir='ltr'><em>indiuidua</em></span> <span class='ocrx_word' id='word_1_77' title='bbox 712 1294 894 1351; x_wconf 81' lang='lat' dir='ltr'><em>adinvicem</em></span> <span class='ocrx_word' id='word_1_78' title='bbox 913 1304 1130 1371; x_wconf 84' lang='lat' dir='ltr'><em>comparamus:</em></span> <span class='ocrx_word' id='word_1_79' title='bbox 1150 1306 1179 1351; x_wconf 88' lang='lat' dir='ltr'><em>et</em></span> <span class='ocrx_word' id='word_1_80' title='bbox 1200 1292 1256 1353; x_wconf 83' lang='lat' dir='ltr'><em>loac</em></span> 
     </span>
     <span class='ocr_line' id='line_1_10' title="bbox 68 1402 1255 1484; baseline 0.002 -22"><span class='ocrx_word' id='word_1_81' title='bbox 68 1406 103 1462; x_wconf 84' lang='lat' dir='ltr'><em>de</em></span> <span class='ocrx_word' id='word_1_82' title='bbox 123 1402 215 1479; x_wconf 87' lang='lat' dir='ltr'><em>causa</em></span> <span class='ocrx_word' id='word_1_83' title='bbox 228 1406 327 1484; x_wconf 91' lang='lat' dir='ltr'><em>supra</em></span> <span class='ocrx_word' id='word_1_84' title='bbox 348 1404 496 1482; x_wconf 88' lang='lat' dir='ltr'><em>(Defin.6.</em></span> <span class='ocrx_word' id='word_1_85' title='bbox 508 1423 537 1479; x_wconf 83' lang='lat' dir='ltr'><em>p.</em></span> <span class='ocrx_word' id='word_1_86' title='bbox 549 1404 592 1482; x_wconf 85' lang='lat'><em>2.)</em></span> <span class='ocrx_word' id='word_1_87' title='bbox 613 1405 741 1479; x_wconf 76' lang='lat' dir='ltr'><em>elici,me</em></span> <span class='ocrx_word' id='word_1_88' title='bbox 756 1416 813 1483; x_wconf 87' lang='lat' dir='ltr'><em>per</em></span> <span class='ocrx_word' id='word_1_89' title='bbox 831 1405 993 1464; x_wconf 86' lang='lat' dir='ltr'><em>realitatem</em></span> <span class='ocrx_word' id='word_1_90' title='bbox 1013 1418 1041 1465; x_wconf 91' lang='lat' dir='ltr'><em>et</em></span> <span class='ocrx_word' id='word_1_91' title='bbox 1055 1402 1255 1484; x_wconf 72' lang='lat' dir='ltr'><em>perfectionem</em></span> 
     </span>
     <span class='ocr_line' id='line_1_11' title="bbox 68 1516 1255 1592; baseline 0.002 -19"><span class='ocrx_word' id='word_1_92' title='bbox 68 1518 144 1576; x_wconf 82' lang='lat' dir='ltr'><em>idem</em></span> <span class='ocrx_word' id='word_1_93' title='bbox 168 1516 337 1592; x_wconf 82' lang='lat' dir='ltr'><em>intelligere.</em></span> <span class='ocrx_word' id='word_1_94' title='bbox 366 1516 492 1576; x_wconf 89' lang='lat' dir='ltr'><em>Solemus</em></span> <span class='ocrx_word' id='word_1_95' title='bbox 511 1518 585 1575; x_wconf 91' lang='lat' dir='ltr'><em>enim</em></span> <span class='ocrx_word' id='word_1_96' title='bbox 604 1519 699 1575; x_wconf 92' lang='lat' dir='ltr'><em>omnia</em></span> <span class='ocrx_word' id='word_1_97' title='bbox 719 1517 849 1576; x_wconf 79' lang='lat' dir='ltr'><em>Nature</em></span> <span class='ocrx_word' id='word_1_98' title='bbox 868 1517 1023 1577; x_wconf 81' lang='lat' dir='ltr'><em>indiuidua</em></span> <span class='ocrx_word' id='word_1_99' title='bbox 1043 1518 1085 1577; x_wconf 81' lang='lat' dir='ltr'><em>ad</em></span> <span class='ocrx_word' id='word_1_100' title='bbox 1102 1536 1187 1579; x_wconf 90' lang='lat' dir='ltr'><em>unum</em></span> <span class='ocrx_word' id='word_1_101' title='bbox 1204 1534 1255 1592; x_wconf 83' lang='lat' dir='ltr'><em>ge·</em></span> 
     </span>
     <span class='ocr_line' id='line_1_12' title="bbox 68 1627 1256 1708; baseline -0.001 -20"><span class='ocrx_word' id='word_1_102' title='bbox 68 1649 142 1703; x_wconf 91' lang='lat' dir='ltr'><em>nus,</em></span> <span class='ocrx_word' id='word_1_103' title='bbox 173 1631 249 1705; x_wconf 83' lang='lat' dir='ltr'><em>quod</em></span> <span class='ocrx_word' id='word_1_104' title='bbox 272 1628 506 1707; x_wconf 81' lang='lat' dir='ltr'><em>generalifflmum</em></span> <span class='ocrx_word' id='word_1_105' title='bbox 536 1627 711 1707; x_wconf 86' lang='lat' dir='ltr'><em>appellatur,</em></span> <span class='ocrx_word' id='word_1_106' title='bbox 744 1644 900 1701; x_wconf 84' lang='lat' dir='ltr'><em>reuocare‚·</em></span> <span class='ocrx_word' id='word_1_107' title='bbox 929 1641 1025 1708; x_wconf 85' lang='lat' dir='ltr'><em>nempe</em></span> <span class='ocrx_word' id='word_1_108' title='bbox 1054 1630 1097 1688; x_wconf 86' lang='lat' dir='ltr'><em>ati</em></span> <span class='ocrx_word' id='word_1_109' title='bbox 1120 1632 1256 1689; x_wconf 90' lang='lat' dir='ltr'><em>notionem</em></span> 
     </span>
     <span class='ocr_line' id='line_1_13' title="bbox 68 1740 1256 1819; baseline -0.001 -19"><span class='ocrx_word' id='word_1_110' title='bbox 68 1743 177 1817; x_wconf 88' lang='lat' dir='ltr'><em>Entis,</em></span> <span class='ocrx_word' id='word_1_111' title='bbox 198 1759 261 1818; x_wconf 82' lang='lat' dir='ltr'><em>qun</em></span> <span class='ocrx_word' id='word_1_112' title='bbox 279 1742 431 1800; x_wconf 82' lang='lat' dir='ltr'><em>adomnia</em></span> <span class='ocrx_word' id='word_1_113' title='bbox 450 1740 579 1817; x_wconf 88' lang='lat' dir='ltr'><em>absolate</em></span> <span class='ocrx_word' id='word_1_114' title='bbox 598 1742 728 1800; x_wconf 82' lang='lat' dir='ltr'><em>Nature</em></span> <span class='ocrx_word' id='word_1_115' title='bbox 749 1740 904 1800; x_wconf 81' lang='lat' dir='ltr'><em>indiuiduo</em></span> <span class='ocrx_word' id='word_1_116' title='bbox 929 1744 1067 1819; x_wconf 90' lang='lat' dir='ltr'><em>pertinet.</em></span> <span class='ocrx_word' id='word_1_117' title='bbox 1110 1742 1256 1818; x_wconf 79' lang='lat' dir='ltr'><em>Quatenus</em></span> 
     </span>
     <span class='ocr_line' id='line_1_14' title="bbox 67 1851 1255 1931; baseline 0 -18"><span class='ocrx_word' id='word_1_118' title='bbox 67 1860 172 1931; x_wconf 87' lang='lat' dir='ltr'><em>itaque</em></span> <span class='ocrx_word' id='word_1_119' title='bbox 190 1854 319 1914; x_wconf 76' lang='lat' dir='ltr'><em>Nature</em></span> <span class='ocrx_word' id='word_1_120' title='bbox 337 1855 493 1913; x_wconf 70' lang='lat' dir='ltr'><em>Indiuidua</em></span> <span class='ocrx_word' id='word_1_121' title='bbox 513 1855 556 1913; x_wconf 84' lang='lat' dir='ltr'><em>ad</em></span> <span class='ocrx_word' id='word_1_122' title='bbox 573 1851 625 1912; x_wconf 84' lang='lat' dir='ltr'><em>ltoc</em></span> <span class='ocrx_word' id='word_1_123' title='bbox 638 1871 729 1928; x_wconf 82' lang='lat' dir='ltr'><em>genus</em></span> <span class='ocrx_word' id='word_1_124' title='bbox 748 1871 928 1929; x_wconf 83' lang='lat' dir='ltr'><em>revocamus,</em></span> <span class='ocrx_word' id='word_1_125' title='bbox 948 1866 975 1913; x_wconf 89' lang='lat' dir='ltr'><em>et</em></span> <span class='ocrx_word' id='word_1_126' title='bbox 991 1856 1168 1913; x_wconf 84' lang='lat' dir='ltr'><em>adinvicem</em></span> <span class='ocrx_word' id='word_1_127' title='bbox 1186 1872 1255 1913; x_wconf 92' lang='lat' dir='ltr'><em>com·</em></span> 
     </span>
     <span class='ocr_line' id='line_1_15' title="bbox 64 1963 1255 2045; baseline 0 -20"><span class='ocrx_word' id='word_1_128' title='bbox 64 1981 231 2044; x_wconf 74' lang='lat' dir='ltr'><em>parantes,</em></span> <span class='ocrx_word' id='word_1_129' title='bbox 258 1979 287 2026; x_wconf 90' lang='lat' dir='ltr'><em>et</em></span> <span class='ocrx_word' id='word_1_130' title='bbox 312 1967 375 2025; x_wconf 90' lang='lat' dir='ltr'><em>alia</em></span> <span class='ocrx_word' id='word_1_131' title='bbox 390 1967 458 2045; x_wconf 92' lang='lat' dir='ltr'><em>plus</em></span> <span class='ocrx_word' id='word_1_132' title='bbox 478 1968 611 2025; x_wconf 90' lang='lat' dir='ltr'><em>entitatis</em></span> <span class='ocrx_word' id='word_1_133' title='bbox 626 1967 681 2041; x_wconf 89' lang='lat' dir='ltr'><em>seu</em></span> <span class='ocrx_word' id='word_1_134' title='bbox 701 1966 849 2024; x_wconf 89' lang='lat' dir='ltr'><em>realitatis</em></span> <span class='ocrx_word' id='word_1_135' title='bbox 871 1982 956 2041; x_wconf 83' lang='lat' dir='ltr'><em>quam</em></span> <span class='ocrx_word' id='word_1_136' title='bbox 976 1966 1038 2025; x_wconf 90' lang='lat' dir='ltr'><em>alia</em></span> <span class='ocrx_word' id='word_1_137' title='bbox 1058 1963 1165 2025; x_wconf 85' lang='lat' dir='ltr'><em>habere</em></span> <span class='ocrx_word' id='word_1_138' title='bbox 1185 1982 1255 2025; x_wconf 92' lang='lat' dir='ltr'><em>com·</em></span> 
     </span>
     <span class='ocr_line' id='line_1_16' title="bbox 63 2075 1257 2158; baseline -0.001 -20"><span class='ocrx_word' id='word_1_139' title='bbox 63 2083 217 2158; x_wconf 87' lang='lat' dir='ltr'><em>perimus,</em></span> <span class='ocrx_word' id='word_1_140' title='bbox 236 2092 352 2138; x_wconf 90' lang='lat' dir='ltr'><em>eatenus</em></span> <span class='ocrx_word' id='word_1_141' title='bbox 370 2078 434 2137; x_wconf 91' lang='lat' dir='ltr'><em>alia</em></span> <span class='ocrx_word' id='word_1_142' title='bbox 454 2078 523 2137; x_wconf 90' lang='lat' dir='ltr'><em>aliis</em></span> <span class='ocrx_word' id='word_1_143' title='bbox 539 2075 717 2156; x_wconf 64' lang='lat' dir='ltr'><em>perfeuioea</em></span> <span class='ocrx_word' id='word_1_144' title='bbox 735 2077 786 2155; x_wconf 81' lang='lat' dir='ltr'><em>effe</em></span> <span class='ocrx_word' id='word_1_145' title='bbox 804 2078 939 2149; x_wconf 84' lang='lat' dir='ltr'><em>dicimus‚·</em></span> <span class='ocrx_word' id='word_1_146' title='bbox 956 2091 984 2137; x_wconf 88' lang='lat' dir='ltr'><em>et</em></span> <span class='ocrx_word' id='word_1_147' title='bbox 1000 2091 1140 2155; x_wconf 86' lang='lat' dir='ltr'><em>quatenus</em></span> <span class='ocrx_word' id='word_1_148' title='bbox 1156 2079 1257 2154; x_wconf 73' lang='lat' dir='ltr'><em>iisdem</em></span> 
     </span>
     <span class='ocr_line' id='line_1_17' title="bbox 67 2190 1255 2269; baseline 0 -19"><span class='ocrx_word' id='word_1_149' title='bbox 67 2192 191 2269; x_wconf 79' lang='lat' dir='ltr'><em>aliquid</em></span> <span class='ocrx_word' id='word_1_150' title='bbox 214 2190 384 2268; x_wconf 80' lang='lat' dir='ltr'><em>tribuimus,</em></span> <span class='ocrx_word' id='word_1_151' title='bbox 412 2192 489 2267; x_wconf 80' lang='lat' dir='ltr'><em>quod</em></span> <span class='ocrx_word' id='word_1_152' title='bbox 512 2194 688 2266; x_wconf 84' lang='lat' dir='ltr'><em>negationem</em></span> <span class='ocrx_word' id='word_1_153' title='bbox 707 2190 852 2265; x_wconf 84' lang='lat' dir='ltr'><em>tnoolots,</em></span> <span class='ocrx_word' id='word_1_154' title='bbox 871 2204 905 2250; x_wconf 89' lang='lat' dir='ltr'><em>ut</em></span> <span class='ocrx_word' id='word_1_155' title='bbox 924 2194 1080 2267; x_wconf 89' lang='lat' dir='ltr'><em>terminus,</em></span> <span class='ocrx_word' id='word_1_156' title='bbox 1098 2190 1183 2269; x_wconf 81' lang='lat' dir='ltr'><em>finis,</em></span> <span class='ocrx_word' id='word_1_157' title='bbox 1203 2195 1255 2250; x_wconf 92' lang='lat' dir='ltr'><em>im-</em></span> 
     </span>
     <span class='ocr_line' id='line_1_18' title="bbox 64 2300 1255 2383; baseline 0 -20"><span class='ocrx_word' id='word_1_158' title='bbox 64 2306 218 2382; x_wconf 86' lang='lat' dir='ltr'><em>potentia,</em></span> <span class='ocrx_word' id='word_1_159' title='bbox 236 2317 304 2379; x_wconf 89' lang='lat' dir='ltr'><em>etc.,</em></span> <span class='ocrx_word' id='word_1_160' title='bbox 324 2317 440 2363; x_wconf 89' lang='lat' dir='ltr'><em>eatenus</em></span> <span class='ocrx_word' id='word_1_161' title='bbox 458 2302 525 2383; x_wconf 91' lang='lat' dir='ltr'><em>ipsa</em></span> <span class='ocrx_word' id='word_1_162' title='bbox 545 2300 713 2381; x_wconf 72' lang='lat' dir='ltr'><em>imperfecta</em></span> <span class='ocrx_word' id='word_1_163' title='bbox 731 2302 926 2381; x_wconf 82' lang='lat' dir='ltr'><em>appellamus,</em></span> <span class='ocrx_word' id='word_1_164' title='bbox 945 2308 1015 2381; x_wconf 88' lang='lat' dir='ltr'><em>qaia</em></span> <span class='ocrx_word' id='word_1_165' title='bbox 1031 2304 1158 2381; x_wconf 84' lang='lat' dir='ltr'><em>nostram</em></span> <span class='ocrx_word' id='word_1_166' title='bbox 1170 2304 1255 2364; x_wconf 84' lang='lat' dir='ltr'><em>Men·</em></span> 
     </span>
     <span class='ocr_line' id='line_1_19' title="bbox 68 2412 1259 2494; baseline 0.001 -19"><span class='ocrx_word' id='word_1_167' title='bbox 68 2432 127 2476; x_wconf 89' lang='lat' dir='ltr'><em>tem</em></span> <span class='ocrx_word' id='word_1_168' title='bbox 160 2434 214 2476; x_wconf 92' lang='lat' dir='ltr'><em>non</em></span> <span class='ocrx_word' id='word_1_169' title='bbox 244 2433 320 2493; x_wconf 78' lang='lat' dir='ltr'><em>aque</em></span> <span class='ocrx_word' id='word_1_170' title='bbox 347 2416 477 2492; x_wconf 80' lang='lat' dir='ltr'><em>afficiunt</em></span> <span class='ocrx_word' id='word_1_171' title='bbox 502 2433 538 2475; x_wconf 87' lang='lat' dir='ltr'><em>uc</em></span> <span class='ocrx_word' id='word_1_172' title='bbox 563 2415 633 2490; x_wconf 88' lang='lat' dir='ltr'><em>illa,</em></span> <span class='ocrx_word' id='word_1_173' title='bbox 661 2432 724 2492; x_wconf 85' lang='lat' dir='ltr'><em>qua</em></span> <span class='ocrx_word' id='word_1_174' title='bbox 740 2412 872 2494; x_wconf 56' lang='lat' dir='ltr'><em>perfela</em></span> <span class='ocrx_word' id='word_1_175' title='bbox 893 2432 1040 2492; x_wconf 81' lang='lat' dir='ltr'><em>vocamus,</em></span> <span class='ocrx_word' id='word_1_176' title='bbox 1060 2428 1088 2476; x_wconf 88' lang='lat' dir='ltr'><em>et</em></span> <span class='ocrx_word' id='word_1_177' title='bbox 1108 2436 1162 2476; x_wconf 88' lang='lat' dir='ltr'><em>noo</em></span> <span class='ocrx_word' id='word_1_178' title='bbox 1184 2416 1259 2494; x_wconf 81' lang='lat' dir='ltr'><em>quod</em></span> 
     </span>
     <span class='ocr_line' id='line_1_20' title="bbox 67 2527 1256 2608; baseline 0.001 -22"><span class='ocrx_word' id='word_1_179' title='bbox 67 2529 140 2608; x_wconf 76' lang='lat' dir='ltr'><em>ipsss</em></span> <span class='ocrx_word' id='word_1_180' title='bbox 166 2530 294 2606; x_wconf 80' lang='lat' dir='ltr'><em>aliquid,</em></span> <span class='ocrx_word' id='word_1_181' title='bbox 325 2530 402 2608; x_wconf 84' lang='lat' dir='ltr'><em>quod</em></span> <span class='ocrx_word' id='word_1_182' title='bbox 418 2531 506 2606; x_wconf 89' lang='lat' dir='ltr'><em>suum</em></span> <span class='ocrx_word' id='word_1_183' title='bbox 525 2528 581 2605; x_wconf 79' lang='lat' dir='ltr'><em>fit,</em></span> <span class='ocrx_word' id='word_1_184' title='bbox 609 2527 741 2607; x_wconf 83' lang='lat' dir='ltr'><em>deficiat,</em></span> <span class='ocrx_word' id='word_1_185' title='bbox 768 2530 817 2586; x_wconf 87' lang='lat' dir='ltr'><em>uei</em></span> <span class='ocrx_word' id='word_1_186' title='bbox 842 2530 917 2606; x_wconf 86' lang='lat' dir='ltr'><em>quod</em></span> <span class='ocrx_word' id='word_1_187' title='bbox 941 2529 1065 2588; x_wconf 90' lang='lat' dir='ltr'><em>Natura</em></span> <span class='ocrx_word' id='word_1_188' title='bbox 1082 2533 1256 2608; x_wconf 82' lang='lat' dir='ltr'><em>peccauerit.</em></span> 
     </span>
     <span class='ocr_line' id='line_1_21' title="bbox 68 2637 1258 2720; baseline 0 -22"><span class='ocrx_word' id='word_1_189' title='bbox 68 2637 166 2699; x_wconf 81' lang='lat' dir='ltr'><em>Nihil</em></span> <span class='ocrx_word' id='word_1_190' title='bbox 189 2642 262 2697; x_wconf 90' lang='lat' dir='ltr'><em>enim</em></span> <span class='ocrx_word' id='word_1_191' title='bbox 285 2653 401 2699; x_wconf 76' lang='lat' dir='ltr'><em>nature</em></span> <span class='ocrx_word' id='word_1_192' title='bbox 428 2639 552 2714; x_wconf 88' lang='lat' dir='ltr'><em>alicujus</em></span> <span class='ocrx_word' id='word_1_193' title='bbox 579 2643 623 2697; x_wconf 90' lang='lat' dir='ltr'><em>rei</em></span> <span class='ocrx_word' id='word_1_194' title='bbox 650 2641 796 2718; x_wconf 89' lang='lat' dir='ltr'><em>competit,</em></span> <span class='ocrx_word' id='word_1_195' title='bbox 816 2637 871 2714; x_wconf 78' lang='lat' dir='ltr'><em>nifi</em></span> <span class='ocrx_word' id='word_1_196' title='bbox 888 2641 936 2715; x_wconf 82' lang='lat' dir='ltr'><em>id,</em></span> <span class='ocrx_word' id='word_1_197' title='bbox 957 2641 1086 2716; x_wconf 78' lang='lat' dir='ltr'><em>quocies</em></span> <span class='ocrx_word' id='word_1_198' title='bbox 1105 2639 1258 2720; x_wconf 80' lang='lat' dir='ltr'><em>neceffltate</em></span> 
     </span>
     <span class='ocr_line' id='line_1_22' title="bbox 68 2751 1258 2831; baseline 0.004 -23"><span class='ocrx_word' id='word_1_199' title='bbox 68 2762 189 2809; x_wconf 84' lang='lat' dir='ltr'><em>natura</em></span> <span class='ocrx_word' id='word_1_200' title='bbox 219 2751 312 2826; x_wconf 78' lang='lat' dir='ltr'><em>cause</em></span> <span class='ocrx_word' id='word_1_201' title='bbox 341 2751 487 2826; x_wconf 83' lang='lat' dir='ltr'><em>efficientis</em></span> <span class='ocrx_word' id='word_1_202' title='bbox 511 2753 660 2828; x_wconf 87' lang='lat' dir='ltr'><em>sequitur,</em></span> <span class='ocrx_word' id='word_1_203' title='bbox 689 2764 719 2811; x_wconf 91' lang='lat' dir='ltr'><em>et</em></span> <span class='ocrx_word' id='word_1_204' title='bbox 747 2753 886 2828; x_wconf 84' lang='lat' dir='ltr'><em>quicquid</em></span> <span class='ocrx_word' id='word_1_205' title='bbox 909 2771 945 2811; x_wconf 82' lang='lat' dir='ltr'><em>eoo</em></span> <span class='ocrx_word' id='word_1_206' title='bbox 971 2753 1124 2831; x_wconf 81' lang='lat' dir='ltr'><em>neceffltate</em></span> <span class='ocrx_word' id='word_1_207' title='bbox 1143 2766 1258 2814; x_wconf 83' lang='lat' dir='ltr'><em>natura</em></span> 
     </span>
     <span class='ocr_line' id='line_1_23' title="bbox 71 2862 782 2944; baseline 0.004 -23"><span class='ocrx_word' id='word_1_208' title='bbox 71 2862 170 2939; x_wconf 83' lang='lat' dir='ltr'><em>causa</em></span> <span class='ocrx_word' id='word_1_209' title='bbox 191 2863 335 2938; x_wconf 79' lang='lat' dir='ltr'><em>efficientis</em></span> <span class='ocrx_word' id='word_1_210' title='bbox 348 2866 497 2942; x_wconf 85' lang='lat' dir='ltr'><em>sequitur,</em></span> <span class='ocrx_word' id='word_1_211' title='bbox 516 2865 552 2924; x_wconf 81' lang='lat' dir='ltr'><em>tt</em></span> <span class='ocrx_word' id='word_1_212' title='bbox 567 2865 719 2943; x_wconf 85' lang='lat' dir='ltr'><em>neceffasio</em></span> <span class='ocrx_word' id='word_1_213' title='bbox 735 2865 782 2944; x_wconf 82' lang='lat' dir='ltr'><em>fit.</em></span> 
     </span>
    </p>

    <p class='ocr_par' dir='ltr' id='par_1_3' title="bbox 67 2975 1263 4407">
     <span class='ocr_line' id='line_1_24' title="bbox 114 2975 1259 3056; baseline 0.004 -22"><span class='ocrx_word' id='word_1_214' title='bbox 114 2975 225 3034; x_wconf 89' lang='lat' dir='ltr'><em>Bonum</em></span> <span class='ocrx_word' id='word_1_215' title='bbox 251 2989 279 3035; x_wconf 90' lang='lat' dir='ltr'><em>et</em></span> <span class='ocrx_word' id='word_1_216' title='bbox 305 2977 410 3035; x_wconf 89' lang='lat' dir='ltr'><em>malum</em></span> <span class='ocrx_word' id='word_1_217' title='bbox 437 2979 513 3054; x_wconf 81' lang='lat' dir='ltr'><em>quod</em></span> <span class='ocrx_word' id='word_1_218' title='bbox 535 2981 658 3054; x_wconf 85' lang='lat' dir='ltr'><em>attinet,</em></span> <span class='ocrx_word' id='word_1_219' title='bbox 685 2975 764 3038; x_wconf 84' lang='lat' dir='ltr'><em>ntitt</em></span> <span class='ocrx_word' id='word_1_220' title='bbox 780 2981 867 3037; x_wconf 89' lang='lat' dir='ltr'><em>etiam</em></span> <span class='ocrx_word' id='word_1_221' title='bbox 882 2977 1036 3056; x_wconf 74' lang='lat' dir='ltr'><em>posttiuum</em></span> <span class='ocrx_word' id='word_1_222' title='bbox 1055 2981 1086 3038; x_wconf 96' lang='lat' dir='ltr'><em>in</em></span> <span class='ocrx_word' id='word_1_223' title='bbox 1106 2979 1207 3054; x_wconf 86' lang='lat' dir='ltr'><em>rebus,</em></span> <span class='ocrx_word' id='word_1_224' title='bbox 1227 2983 1259 3040; x_wconf 95' lang='lat' dir='ltr'><em>in</em></span> 
     </span>
     <span class='ocr_line' id='line_1_25' title="bbox 67 3088 1261 3170; baseline 0.006 -26"><span class='ocrx_word' id='word_1_225' title='bbox 67 3089 105 3164; x_wconf 87' lang='lat' dir='ltr'><em>fe</em></span> <span class='ocrx_word' id='word_1_226' title='bbox 130 3088 246 3164; x_wconf 89' lang='lat' dir='ltr'><em>scilicet</em></span> <span class='ocrx_word' id='word_1_227' title='bbox 275 3088 458 3166; x_wconf 80' lang='lat' dir='ltr'><em>confideratis</em></span> <span class='ocrx_word' id='word_1_228' title='bbox 470 3134 480 3164; x_wconf 88' lang='lat'><em>,</em></span> <span class='ocrx_word' id='word_1_229' title='bbox 510 3090 661 3165; x_wconf 80' lang='lat' dir='ltr'><em>indicant,</em></span> <span class='ocrx_word' id='word_1_230' title='bbox 690 3109 740 3149; x_wconf 92' lang='lat' dir='ltr'><em>nec</em></span> <span class='ocrx_word' id='word_1_231' title='bbox 769 3091 853 3149; x_wconf 80' lang='lat' dir='ltr'><em>aliud</em></span> <span class='ocrx_word' id='word_1_232' title='bbox 873 3091 947 3166; x_wconf 87' lang='lat' dir='ltr'><em>sunt</em></span> <span class='ocrx_word' id='word_1_233' title='bbox 973 3103 1086 3170; x_wconf 84' lang='lat' dir='ltr'><em>prater</em></span> <span class='ocrx_word' id='word_1_234' title='bbox 1114 3092 1261 3166; x_wconf 81' lang='lat' dir='ltr'><em>cogitandi</em></span> 
     </span>
     <span class='ocr_line' id='line_1_26' title="bbox 74 3199 1258 3280; baseline 0.004 -20"><span class='ocrx_word' id='word_1_235' title='bbox 74 3203 185 3278; x_wconf 79' lang='lat' dir='ltr'><em>modos,</em></span> <span class='ocrx_word' id='word_1_236' title='bbox 199 3204 255 3279; x_wconf 89' lang='lat' dir='ltr'><em>seu</em></span> <span class='ocrx_word' id='word_1_237' title='bbox 274 3206 414 3278; x_wconf 90' lang='lat' dir='ltr'><em>notiones,</em></span> <span class='ocrx_word' id='word_1_238' title='bbox 434 3222 508 3279; x_wconf 86' lang='lat' dir='ltr'><em>quas</em></span> <span class='ocrx_word' id='word_1_239' title='bbox 521 3199 685 3278; x_wconf 88' lang='lat' dir='ltr'><em>formamus</em></span> <span class='ocrx_word' id='word_1_240' title='bbox 705 3222 743 3262; x_wconf 84' lang='grc' dir='ltr'><em>ιιι</em></span> <span class='ocrx_word' id='word_1_241' title='bbox 762 3223 808 3278; x_wconf 89' lang='lat' dir='ltr'><em>eo,</em></span> <span class='ocrx_word' id='word_1_242' title='bbox 829 3204 905 3280; x_wconf 82' lang='lat' dir='ltr'><em>quod</em></span> <span class='ocrx_word' id='word_1_243' title='bbox 923 3223 970 3264; x_wconf 92' lang='lat' dir='ltr'><em>res</em></span> <span class='ocrx_word' id='word_1_244' title='bbox 989 3205 1032 3264; x_wconf 80' lang='lat' dir='ltr'><em>ael</em></span> <span class='ocrx_word' id='word_1_245' title='bbox 1048 3207 1169 3264; x_wconf 82' lang='lat' dir='ltr'><em>inuicem</em></span> <span class='ocrx_word' id='word_1_246' title='bbox 1189 3223 1258 3265; x_wconf 84' lang='lat' dir='ltr'><em>oom-</em></span> 
     </span>
     <span class='ocr_line' id='line_1_27' title="bbox 71 3315 1260 3395; baseline 0.005 -24"><span class='ocrx_word' id='word_1_247' title='bbox 71 3327 227 3392; x_wconf 88' lang='lat' dir='ltr'><em>paramus.</em></span> <span class='ocrx_word' id='word_1_248' title='bbox 246 3316 327 3374; x_wconf 90' lang='lat' dir='ltr'><em>Nam</em></span> <span class='ocrx_word' id='word_1_249' title='bbox 346 3333 406 3374; x_wconf 89' lang='lat' dir='ltr'><em>uno</em></span> <span class='ocrx_word' id='word_1_250' title='bbox 426 3317 575 3392; x_wconf 83' lang='lat' dir='ltr'><em>eademque</em></span> <span class='ocrx_word' id='word_1_251' title='bbox 596 3335 643 3374; x_wconf 86' lang='lat' dir='ltr'><em>res</em></span> <span class='ocrx_word' id='word_1_252' title='bbox 659 3315 749 3395; x_wconf 82' lang='lat' dir='ltr'><em>potest</em></span> <span class='ocrx_word' id='word_1_253' title='bbox 767 3316 858 3375; x_wconf 81' lang='lat' dir='ltr'><em>eodem</em></span> <span class='ocrx_word' id='word_1_254' title='bbox 885 3329 1008 3395; x_wconf 88' lang='lat' dir='ltr'><em>tempore</em></span> <span class='ocrx_word' id='word_1_255' title='bbox 1026 3315 1098 3375; x_wconf 86' lang='lat' dir='ltr'><em>bono</em></span> <span class='ocrx_word' id='word_1_256' title='bbox 1118 3329 1148 3376; x_wconf 92' lang='lat' dir='ltr'><em>et</em></span> <span class='ocrx_word' id='word_1_257' title='bbox 1167 3319 1260 3392; x_wconf 88' lang='lat' dir='ltr'><em>maia,</em></span> 
     </span>
     <span class='ocr_line' id='line_1_28' title="bbox 76 3424 1261 3506; baseline 0.004 -22"><span class='ocrx_word' id='word_1_258' title='bbox 76 3441 105 3484; x_wconf 85' lang='lat' dir='ltr'><em>et</em></span> <span class='ocrx_word' id='word_1_259' title='bbox 125 3430 215 3485; x_wconf 89' lang='lat' dir='ltr'><em>etiam</em></span> <span class='ocrx_word' id='word_1_260' title='bbox 234 3424 403 3503; x_wconf 80' lang='lat' dir='ltr'><em>indifferens</em></span> <span class='ocrx_word' id='word_1_261' title='bbox 422 3427 482 3506; x_wconf 82' lang='lat' dir='ltr'><em>effe.</em></span> <span class='ocrx_word' id='word_1_262' title='bbox 513 3429 573 3489; x_wconf 79' lang='lat' dir='ltr'><em>Er.</em></span> <span class='ocrx_word' id='word_1_263' title='bbox 585 3445 636 3503; x_wconf 83' lang='lat' dir='ltr'><em>gr.</em></span> <span class='ocrx_word' id='word_1_264' title='bbox 658 3427 771 3505; x_wconf 78' lang='lat' dir='ltr'><em>Mussca</em></span> <span class='ocrx_word' id='word_1_265' title='bbox 792 3427 863 3488; x_wconf 89' lang='lat' dir='ltr'><em>bona</em></span> <span class='ocrx_word' id='word_1_266' title='bbox 883 3428 920 3506; x_wconf 86' lang='lat' dir='ltr'><em>est</em></span> <span class='ocrx_word' id='word_1_267' title='bbox 941 3426 1162 3505; x_wconf 78' lang='lat' dir='ltr'><em>Meaoctottco,</em></span> <span class='ocrx_word' id='word_1_268' title='bbox 1183 3429 1261 3490; x_wconf 88' lang='lat' dir='ltr'><em>mala</em></span> 
     </span>
     <span class='ocr_line' id='line_1_29' title="bbox 77 3538 1261 3617; baseline 0.003 -20"><span class='ocrx_word' id='word_1_269' title='bbox 77 3539 225 3612; x_wconf 70' lang='lat' dir='ltr'><em>Lugentis</em></span> <span class='ocrx_word' id='word_1_270' title='bbox 236 3538 332 3598; x_wconf 80' lang='lat' dir='ltr'><em>Sardo</em></span> <span class='ocrx_word' id='word_1_271' title='bbox 352 3551 448 3599; x_wconf 88' lang='lat' dir='ltr'><em>autem</em></span> <span class='ocrx_word' id='word_1_272' title='bbox 468 3559 557 3616; x_wconf 85' lang='lat' dir='ltr'><em>neque</em></span> <span class='ocrx_word' id='word_1_273' title='bbox 576 3539 649 3598; x_wconf 86' lang='lat' dir='ltr'><em>bona</em></span> <span class='ocrx_word' id='word_1_274' title='bbox 668 3559 757 3616; x_wconf 91' lang='lat' dir='ltr'><em>neque</em></span> <span class='ocrx_word' id='word_1_275' title='bbox 775 3540 862 3600; x_wconf 87' lang='lat' dir='ltr'><em>maia.</em></span> <span class='ocrx_word' id='word_1_276' title='bbox 884 3539 1008 3615; x_wconf 86' lang='lat' dir='ltr'><em>Verum,</em></span> <span class='ocrx_word' id='word_1_277' title='bbox 1029 3542 1203 3617; x_wconf 84' lang='lat' dir='ltr'><em>quumvisse</em></span> <span class='ocrx_word' id='word_1_278' title='bbox 1214 3559 1261 3600; x_wconf 89' lang='lat' dir='ltr'><em>res</em></span> 
     </span>
     <span class='ocr_line' id='line_1_30' title="bbox 74 3649 1261 3728; baseline 0.001 -19"><span class='ocrx_word' id='word_1_279' title='bbox 74 3654 123 3710; x_wconf 84' lang='lat' dir='ltr'><em>ita</em></span> <span class='ocrx_word' id='word_1_280' title='bbox 152 3649 276 3725; x_wconf 83' lang='lat' dir='ltr'><em>lsabeat,</em></span> <span class='ocrx_word' id='word_1_281' title='bbox 307 3651 387 3710; x_wconf 88' lang='lat' dir='ltr'><em>nobis</em></span> <span class='ocrx_word' id='word_1_282' title='bbox 417 3665 511 3712; x_wconf 90' lang='lat' dir='ltr'><em>tamen</em></span> <span class='ocrx_word' id='word_1_283' title='bbox 541 3649 602 3712; x_wconf 80' lang='lat' dir='ltr'><em>hec</em></span> <span class='ocrx_word' id='word_1_284' title='bbox 627 3651 767 3711; x_wconf 87' lang='lat' dir='ltr'><em>uocabula</em></span> <span class='ocrx_word' id='word_1_285' title='bbox 795 3653 945 3711; x_wconf 89' lang='lat' dir='ltr'><em>retinenda</em></span> <span class='ocrx_word' id='word_1_286' title='bbox 966 3653 1048 3727; x_wconf 90' lang='lat' dir='ltr'><em>sunt.</em></span> <span class='ocrx_word' id='word_1_287' title='bbox 1090 3651 1169 3712; x_wconf 89' lang='lat' dir='ltr'><em>Nom</em></span> <span class='ocrx_word' id='word_1_288' title='bbox 1191 3655 1261 3728; x_wconf 88' lang='lat' dir='ltr'><em>quia</em></span> 
     </span>
     <span class='ocr_line' id='line_1_31' title="bbox 73 3762 1261 3842; baseline 0.001 -21"><span class='ocrx_word' id='word_1_289' title='bbox 73 3765 171 3822; x_wconf 88' lang='lat' dir='ltr'><em>ideam</em></span> <span class='ocrx_word' id='word_1_290' title='bbox 197 3762 334 3838; x_wconf 84' lang='lat' dir='ltr'><em>hominis,</em></span> <span class='ocrx_word' id='word_1_291' title='bbox 360 3780 498 3841; x_wconf 85' lang='lat' dir='ltr'><em>tanquam</em></span> <span class='ocrx_word' id='word_1_292' title='bbox 524 3776 641 3823; x_wconf 82' lang='lat' dir='ltr'><em>nature</em></span> <span class='ocrx_word' id='word_1_293' title='bbox 668 3762 799 3823; x_wconf 79' lang='lat' dir='ltr'><em>humane</em></span> <span class='ocrx_word' id='word_1_294' title='bbox 819 3764 975 3842; x_wconf 79' lang='lat' dir='ltr'><em>exemplar,</em></span> <span class='ocrx_word' id='word_1_295' title='bbox 995 3765 1071 3841; x_wconf 84' lang='lat' dir='ltr'><em>quod</em></span> <span class='ocrx_word' id='word_1_296' title='bbox 1087 3767 1261 3837; x_wconf 87' lang='lat' dir='ltr'><em>intueamur,</em></span> 
     </span>
     <span class='ocr_line' id='line_1_32' title="bbox 67 3875 1262 3956; baseline -0.002 -20"><span class='ocrx_word' id='word_1_297' title='bbox 67 3877 207 3951; x_wconf 83' lang='lat' dir='ltr'><em>formare</em></span> <span class='ocrx_word' id='word_1_298' title='bbox 227 3881 353 3956; x_wconf 83' lang='lat' dir='ltr'><em>cupimus</em></span> <span class='ocrx_word' id='word_1_299' title='bbox 358 3921 368 3954; x_wconf 93' lang='lat'><em>‚</em></span> <span class='ocrx_word' id='word_1_300' title='bbox 389 3877 468 3936; x_wconf 90' lang='lat' dir='ltr'><em>nobis</em></span> <span class='ocrx_word' id='word_1_301' title='bbox 488 3897 525 3936; x_wconf 82' lang='lat' dir='ltr'><em>ex</em></span> <span class='ocrx_word' id='word_1_302' title='bbox 543 3879 690 3954; x_wconf 84' lang='lat' dir='ltr'><em>afuerit,</em></span> <span class='ocrx_word' id='word_1_303' title='bbox 708 3875 768 3937; x_wconf 85' lang='lat' dir='ltr'><em>hac</em></span> <span class='ocrx_word' id='word_1_304' title='bbox 784 3877 880 3936; x_wconf 81' lang='lat' dir='ltr'><em>eadem</em></span> <span class='ocrx_word' id='word_1_305' title='bbox 896 3876 1033 3936; x_wconf 85' lang='lat' dir='ltr'><em>vocabula</em></span> <span class='ocrx_word' id='word_1_306' title='bbox 1050 3897 1092 3954; x_wconf 90' lang='lat' dir='ltr'><em>eo,</em></span> <span class='ocrx_word' id='word_1_307' title='bbox 1112 3895 1165 3953; x_wconf 86' lang='lat' dir='ltr'><em>quo</em></span> <span class='ocrx_word' id='word_1_308' title='bbox 1182 3876 1262 3952; x_wconf 82' lang='lat' dir='ltr'><em>disci,</em></span> 
     </span>
     <span class='ocr_line' id='line_1_33' title="bbox 67 3989 1261 4066; baseline -0.001 -19"><span class='ocrx_word' id='word_1_309' title='bbox 67 3990 162 4066; x_wconf 89' lang='lat' dir='ltr'><em>sensa</em></span> <span class='ocrx_word' id='word_1_310' title='bbox 190 3993 325 4048; x_wconf 89' lang='lat' dir='ltr'><em>retinere.</em></span> <span class='ocrx_word' id='word_1_311' title='bbox 364 3991 426 4050; x_wconf 84' lang='lat' dir='ltr'><em>Per</em></span> <span class='ocrx_word' id='word_1_312' title='bbox 452 3989 552 4049; x_wconf 89' lang='lat' dir='ltr'><em>bonum</em></span> <span class='ocrx_word' id='word_1_313' title='bbox 575 3994 676 4066; x_wconf 82' lang='lat' dir='ltr'><em>itaque</em></span> <span class='ocrx_word' id='word_1_314' title='bbox 694 3993 727 4048; x_wconf 95' lang='lat' dir='ltr'><em>in</em></span> <span class='ocrx_word' id='word_1_315' title='bbox 740 3991 825 4066; x_wconf 87' lang='lat' dir='ltr'><em>seqq.</em></span> <span class='ocrx_word' id='word_1_316' title='bbox 844 3989 1005 4064; x_wconf 83' lang='lat' dir='ltr'><em>intelligam</em></span> <span class='ocrx_word' id='word_1_317' title='bbox 1024 3990 1072 4063; x_wconf 80' lang='lat' dir='ltr'><em>id,</em></span> <span class='ocrx_word' id='word_1_318' title='bbox 1093 3989 1169 4065; x_wconf 82' lang='lat' dir='ltr'><em>quod</em></span> <span class='ocrx_word' id='word_1_319' title='bbox 1185 4001 1261 4048; x_wconf 89' lang='lat' dir='ltr'><em>certo</em></span> 
     </span>
     <span class='ocr_line' id='line_1_34' title="bbox 68 4099 1261 4180; baseline -0.003 -19"><span class='ocrx_word' id='word_1_320' title='bbox 68 4103 182 4178; x_wconf 85' lang='lat' dir='ltr'><em>seimus</em></span> <span class='ocrx_word' id='word_1_321' title='bbox 201 4103 323 4162; x_wconf 85' lang='lat' dir='ltr'><em>medium</em></span> <span class='ocrx_word' id='word_1_322' title='bbox 343 4103 409 4180; x_wconf 83' lang='lat' dir='ltr'><em>effe,</em></span> <span class='ocrx_word' id='word_1_323' title='bbox 427 4116 461 4161; x_wconf 92' lang='lat' dir='ltr'><em>ut</em></span> <span class='ocrx_word' id='word_1_324' title='bbox 480 4103 524 4162; x_wconf 79' lang='lat' dir='ltr'><em>od</em></span> <span class='ocrx_word' id='word_1_325' title='bbox 540 4103 687 4180; x_wconf 77' lang='lat' dir='ltr'><em>exemplar</em></span> <span class='ocrx_word' id='word_1_326' title='bbox 706 4100 838 4162; x_wconf 78' lang='lat' dir='ltr'><em>humana</em></span> <span class='ocrx_word' id='word_1_327' title='bbox 857 4114 986 4176; x_wconf 81' lang='lat' dir='ltr'><em>natura,</em></span> <span class='ocrx_word' id='word_1_328' title='bbox 1004 4101 1080 4178; x_wconf 78' lang='lat' dir='ltr'><em>quod</em></span> <span class='ocrx_word' id='word_1_329' title='bbox 1095 4099 1175 4159; x_wconf 89' lang='lat' dir='ltr'><em>nobis</em></span> <span class='ocrx_word' id='word_1_330' title='bbox 1190 4109 1261 4177; x_wconf 86' lang='lat' dir='ltr'><em>pso·</em></span> 
     </span>
     <span class='ocr_line' id='line_1_35' title="bbox 70 4213 1263 4296; baseline -0.003 -21"><span class='ocrx_word' id='word_1_331' title='bbox 70 4219 221 4296; x_wconf 90' lang='lat' dir='ltr'><em>ponimus,</em></span> <span class='ocrx_word' id='word_1_332' title='bbox 241 4219 335 4291; x_wconf 82' lang='lat' dir='ltr'><em>magis</em></span> <span class='ocrx_word' id='word_1_333' title='bbox 354 4218 503 4293; x_wconf 71' lang='lat' dir='ltr'><em>magisque</em></span> <span class='ocrx_word' id='word_1_334' title='bbox 520 4216 694 4276; x_wconf 81' lang='lat' dir='ltr'><em>accedamus.</em></span> <span class='ocrx_word' id='word_1_335' title='bbox 715 4215 776 4275; x_wconf 89' lang='lat' dir='ltr'><em>Per</em></span> <span class='ocrx_word' id='word_1_336' title='bbox 795 4217 900 4274; x_wconf 89' lang='lat' dir='ltr'><em>malam</em></span> <span class='ocrx_word' id='word_1_337' title='bbox 919 4228 1015 4274; x_wconf 90' lang='lat' dir='ltr'><em>outem</em></span> <span class='ocrx_word' id='word_1_338' title='bbox 1034 4215 1079 4290; x_wconf 82' lang='lat' dir='ltr'><em>tt,</em></span> <span class='ocrx_word' id='word_1_339' title='bbox 1098 4213 1174 4291; x_wconf 81' lang='lat' dir='ltr'><em>quod</em></span> <span class='ocrx_word' id='word_1_340' title='bbox 1187 4225 1263 4273; x_wconf 84' lang='lat' dir='ltr'><em>certo</em></span> 
     </span>
     <span class='ocr_line' id='line_1_36' title="bbox 68 4323 1263 4407; baseline -0.004 -19"><span class='ocrx_word' id='word_1_341' title='bbox 68 4329 181 4405; x_wconf 85' lang='lat' dir='ltr'><em>scimus</em></span> <span class='ocrx_word' id='word_1_342' title='bbox 200 4329 355 4407; x_wconf 77' lang='lat' dir='ltr'><em>inpedire,</em></span> <span class='ocrx_word' id='word_1_343' title='bbox 375 4347 430 4406; x_wconf 89' lang='lat' dir='ltr'><em>quo</em></span> <span class='ocrx_word' id='word_1_344' title='bbox 449 4332 543 4390; x_wconf 91' lang='lat' dir='ltr'><em>minus</em></span> <span class='ocrx_word' id='word_1_345' title='bbox 561 4330 635 4388; x_wconf 82' lang='lat' dir='ltr'><em>idem</em></span> <span class='ocrx_word' id='word_1_346' title='bbox 655 4329 803 4407; x_wconf 80' lang='lat' dir='ltr'><em>exemplar</em></span> <span class='ocrx_word' id='word_1_347' title='bbox 823 4326 994 4406; x_wconf 85' lang='lat' dir='ltr'><em>referamus.</em></span> <span class='ocrx_word' id='word_1_348' title='bbox 1011 4327 1122 4388; x_wconf 82' lang='lat' dir='ltr'><em>Deinde</em></span> <span class='ocrx_word' id='word_1_349' title='bbox 1139 4323 1263 4385; x_wconf 78' lang='lat' dir='ltr'><em>homines</em></span> 
     </span>
    </p>
   </div>
   <div class='ocr_carea' id='block_1_3' title="bbox 0 0 1480 4900">
    <p class='ocr_par' dir='ltr' id='par_1_4' title="bbox 0 0 1480 4900">
     <span class='ocr_line' id='line_1_37' title="bbox 0 0 1480 4900; baseline 0 0"><span class='ocrx_word' id='word_1_350' title='bbox 0 0 1480 4900; x_wconf 95' lang='lat' dir='ltr'><em> </em></span> 
     </span>
    </p>
   </div>
  </div>
 </body>
</html>
