2934 4900
434 299 507 405 vDe
537 339 809 404 Affectibus.
1170 348 1226 414 155

35 537 81 582 aut
101 518 241 587 inutilem
262 519 318 581 eise
336 517 461 596 judicat.
493 518 640 580 Caetetum
659 516 706 578 hic
725 516 864 590 affectus,
881 532 942 592 quo
959 515 1050 576 homo
1068 513 1110 574 ita
1127 513 1227 588 dispo·

37 631 127 705 nitur,
157 647 194 692 ut
228 630 274 706 id,
305 633 387 708 qnod
418 631 500 706 vult,
531 629 625 705 nolit,
658 630 706 691 vel
727 643 761 690 ut
783 627 831 702 id,
851 629 934 704 quod
954 642 1015 688 noo
1036 626 1119 702 vult,
1138 625 1227 700 velit,

44 745 136 804 Tinna
167 758 316 817 vocatur,
346 742 397 819 qui
430 741 554 818 proinde
582 741 655 802 nihii
676 739 756 802 aliud
777 739 835 814 est,
855 757 941 817 quam
962 752 1068 814 metus,
1088 752 1227 816 quatenus

38 855 109 914 nanto
137 856 179 916 ab
212 857 305 916 eodem
340 857 506 935 disponitur
525 857 570 915 ad
586 854 708 928 malum,
729 855 805 930 quod
815 851 956 928 futurum
967 852 1104 930 judicat,
1122 854 1230 910 minore

39 971 187 1028 uitandum
210 969 297 1048 (th.
318 970 407 1048 Prop.
429 969 476 1028 28.
499 965 610 1047 husius).
642 967 699 1028 Sed
721 965 741 1025 st
762 967 884 1043 malum,
905 967 988 1041 quod
1008 963 1108 1038 timet,
1128 963 1227 1025 Pudor

40 1081 85 1154 stt,
113 1096 177 1142 tum
211 1079 317 1141 Timor
338 1081 500 1157 appellatur
522 1081 711 1140 Verecundia.
743 1077 880 1155 Denique
901 1077 921 1137 n
943 1075 1099 1153 Cupiditas
1121 1077 1226 1136 malum

41 1194 163 1254 ιἰιιιιιιιιιι
200 1191 316 1255 vitandi
347 1195 501 1254 codrcetur
521 1191 642 1252 Timore
666 1188 786 1252 alterius
807 1189 889 1266 mali,
910 1190 952 1251 ita
974 1189 1100 1266 utquid
1122 1189 1225 1265 potius

40 1303 119 1378 velit,
140 1304 273 1380 nesciat,
293 1320 355 1365 tum
377 1305 479 1365 Metus
495 1317 621 1366 vocatur
637 1303 859 1382 Consternott'o,
879 1301 1226 1379 praecipuestutrumque

40 1417 153 1494 nalum,
174 1419 261 1494 quod
283 1415 402 1478 timetur
408 1461 419 1492 ,
440 1435 477 1477 ex
499 1415 631 1476 maximis
653 1414 697 1476 stt.

422 1575 753 1637 PROPOSITIO
784 1575 848 1635 XL.

77 1707 130 1782 Qui
143 1709 182 1784 st
202 1708 266 1766 odio
286 1703 392 1766 haberi
410 1687 566 1790 ub'alt'quo
586 1707 789 1780 imaginatur,
812 1723 861 1764 nec
873 1706 911 1782 se
930 1703 1020 1764 uttam
1036 1704 1095 1762 odii
1108 1702 1229 1779 causam

43 1819 81 1876 un·
99 1819 204 1898 dedt'ffe
224 1820 332 1894 credit,
353 1819 467 1879 eundem
488 1818 549 1877 odio
569 1830 671 1877 contra
692 1815 819 1877 habebit.

444 1994 840 2039 nuntortsattn’rlo.

81 2105 138 2186 Qui
160 2105 289 2183 aliquem
312 2103 383 2167 odio
405 2104 539 2168 affectum
557 2103 747 2184 imaginatur,
763 2124 800 2166 eo
818 2105 882 2181 ipso
900 2103 987 2165 etiam
1004 2103 1076 2166 odio
1087 2102 1230 2164 afficietur

52 2215 60 2285 s
62 2229 111 2294 per
131 2219 224 2298 Prop.
246 2233 293 2293 27.
315 2216 434 2297 tusus),
454 2218 512 2279 hoc
533 2218 574 2278 est
596 2215 779 2298 (perssScltol.
797 2219 952 2303 Prop.,13.
970 2215 1083 2294 hujus),
1100 2214 1231 2276 Tristitia

51 2331 264 2391 concomitante
296 2329 360 2392 idea
392 2329 483 2391 causa
516 2345 654 2391 externa.
688 2330 731 2390 At
752 2329 813 2406 ipse
834 2331 905 2408 (per
925 2327 1101 2408 hypothessn)
1124 2328 1230 2388 nullam

52 2440 127 2518 hujus
146 2443 175 2504 T
178 2441 289 2505 tistitiae
310 2442 423 2505 causam
445 2442 618 2523 imaginatur
638 2459 745 2520 prater
761 2442 840 2504 illum
846 2489 856 2519 ,
874 2441 926 2520 qui
940 2441 1033 2519 ipsum
1046 2441 1117 2502 odio
1127 2440 1232 2514 habet;

51 2572 110 2634 ergo
141 2576 179 2619 ex
214 2558 289 2633 hoc,
320 2559 402 2633 quod
434 2556 462 2617 se
494 2556 566 2618 odio
587 2556 686 2617 habeti
709 2559 745 2617 ab
767 2556 867 2634 aliquo
889 2554 1080 2635 imaginatur,
1100 2551 1233 2613 Tristitia

53 2668 183 2731 afficietur
216 2669 436 2731 concomitante
467 2669 533 2731 idea
564 2667 646 2745 eius,
670 2667 721 2745 qui
744 2667 837 2745 ipsum
859 2667 931 2730 odio
951 2667 1058 2742 habet,
1078 2665 1137 2726 [ive
1160 2665 1232 2744 (per
1277 2724 1284 2737 ,

52 2782 111 2839 idem
131 2781 242 2863 Sclrol.)
262 2784 386 2844 eundem
409 2781 480 2843 odio
502 2780 633 2842 habebit.
666 2782 700 2858 Q.
722 2782 759 2841 E.
782 2781 821 2843 D.

512 2958 767 3002 SCHOLIUM.

86 3070 172 3151 Quod
205 3070 226 3131 st
258 3070 286 3131 se
314 3070 417 3148 justam
450 3069 520 3131 Odii
552 3068 665 3131 causam
693 3067 846 3145 praenoine
867 3066 1057 3145 imaginatur,
1078 3081 1140 3126 tum
1162 3064 1235 3143 (per

57 3180 132 3263 Prop.
164 3202 215 3262 30.
247 3182 335 3263 hujus
360 3196 387 3242 et
407 3184 532 3262 ejusdem
553 3181 662 3260 Scltol.)
684 3180 800 3241 Pudore
822 3176 974 3239 afficietur.
1004 3176 1063 3237 Sed
1082 3174 1141 3236 hoc
1163 3175 1236 3253 (per

57 3292 132 3372 Prop.
153 3306 205 3371 25.
227 3293 328 3374 hujus)
350 3312 413 3356 raro
435 3292 591 3372 contingit.
624 3293 765 3353 Praeterea
783 3291 845 3351 hac
865 3288 934 3350 Odii
952 3286 1147 3363 reciprocatio
1166 3284 1235 3346 oriri

59 3404 131 3466 etiam
161 3407 262 3485 potest
294 3425 331 3467 ex
352 3425 407 3481 eo,
429 3408 509 3483 quod
531 3404 638 3466 Odium
660 3404 797 3481 sequatur
817 3418 943 3463 conatus
964 3402 1069 3462 malum
1092 3398 1235 3460 inferendi

59 3512 94 3587 ei,
112 3518 160 3593 qui
185 3518 257 3580 odio
278 3519 402 3581 habetur
424 3520 496 3598 (per
517 3520 604 3597 Prop.
627 3534 674 3595 39.
696 3516 808 3595 hujus).
830 3514 890 3597 Qui
908 3514 997 3593 igitur
1014 3514 1041 3573 se
1054 3513 1125 3574 odio
1136 3514 1234 3573 haben

61 3627 88 3684 ab
115 3630 214 3707 aliquo
246 3628 436 3709 imaginatur,
467 3632 591 3691 eundem
622 3627 746 3705 alicujus
777 3628 843 3688 mali
875 3626 934 3689 five
962 3624 1099 3686 Tristitia
1121 3624 1234 3685 causam

61 3734 268 3819 imaginabitut;
290 3757 379 3818 atque
401 3743 476 3803 adeo
497 3738 629 3801 Tristitia
649 3739 810 3815 afficietur,
828 3738 879 3800 seu
896 3740 1000 3812 Metu,
1017 3736 1237 3798 concomitante

62 3848 114 3912 idea
134 3854 216 3931 ejus,
236 3853 286 3931 qui
308 3853 401 3931 ipsum
423 3852 494 3915 odio
516 3853 623 3925 habet,
642 3870 782 3931 tanquam
801 3852 897 3930 causa,
913 3852 972 3913 hoc
991 3849 1123 3926 est,odio
1135 3865 1237 3909 contra

64 3962 209 4043 adicietur,
231 3966 380 4043 utsupra.

439 4122 792 4169 cononuantum
824 4105 848 4165 1.

97 4235 167 4317 Qui,
205 4254 291 4313 quem
325 4250 417 4311 amat,
449 4232 521 4296 odio
553 4252 619 4313 erga
651 4232 679 4293 se
711 4233 845 4295 affestum
876 4232 1065 4312 imaginatur,
1096 4231 1176 4293 Odio
1208 4246 1239 4293 et

66 4342 159 4409 Amore
187 4346 268 4411 simul
295 4346 521 4411 condiciabitut.
551 4347 627 4407 Nam
649 4362 795 4423 quatenus
815 4344 1004 4425 imaginatur,
1024 4347 1060 4405 ab
1081 4344 1186 4405 eodem
1207 4342 1237 4407 se
