2934 4900
587 297 642 355 De
673 295 769 354 Deo.
1226 310 1262 371 4¹

65 472 95 533 se
127 475 225 535 debet
253 470 389 548 concipi,
418 470 476 533 save
506 483 670 545 conceptus
692 467 778 529 unius
801 482 977 543 conceptum
999 464 1117 527 alterius
1138 482 1198 526 non
1219 463 1263 524 in-

65 587 188 649 voluit.

466 662 795 724 PROPOSITIO
827 662 879 720 lli.

115 784 191 859 Qua
218 800 266 839 res
286 779 365 840 nibil
381 796 519 839 commuue
539 781 618 836 iuter
632 778 669 852 se
689 774 809 850 itabant,
837 791 936 833 curum
955 790 1014 833 unu
1034 773 1156 831 alterius
1176 771 1265 846 causa

69 892 126 971 effe
148 911 206 950 nort
221 893 320 971 potest.

480 984 872 1031 bumonsnnnrto

114 1087 149 1147 si
178 1087 251 1147 nibil
279 1104 432 1147 commune
461 1102 526 1144 cuna
556 1080 585 1141 se
606 1081 732 1143 invicem
752 1081 880 1153 habent,
901 1096 969 1156 ergo
992 1077 1063 1155 (per
1084 1074 1198 1135 Auium.
1221 1074 1263 1151 5.)

69 1218 131 1258 nec
163 1218 216 1275 per
244 1196 273 1258 se
301 1196 427 1258 invicem
457 1194 573 1271 possunt
594 1192 735 1271 intelligi,
757 1195 892 1267 adeoque
914 1190 984 1269 (per
1006 1188 1120 1249 Axium.
1140 1188 1185 1266 4.)
1205 1205 1263 1247 ona

70 1311 201 1373 alterius
222 1310 306 1372 cansa
327 1308 382 1370 eiie
403 1326 463 1370 non
485 1306 591 1384 potest.
615 1308 648 1383 Q.
670 1307 707 1365 Ε.
729 1305 769 1365 D.

465 1448 795 1513 PROPOSITIO
825 1448 879 1507 tv.

115 1572 196 1631 Dua
212 1580 265 1627 aut
280 1567 381 1646 plures
402 1584 448 1625 res
468 1563 622 1641 drstiuiiae,
642 1563 691 1621 uei
708 1564 786 1620 inter
799 1558 835 1633 se
855 1558 1071 1636 distinguuntur
1085 1574 1122 1615 ex
1142 1555 1261 1631 diucrfi-

71 1696 139 1742 tate
149 1680 360 1741 attributorum
373 1678 621 1756 substantiarum,
631 1676 723 1734 velex
732 1672 900 1749 divcrſstute
911 1671 1064 1730 earundem
1074 1666 1262 1745 offariionum.

474 1834 871 1881 nrmoustnnnto

118 1932 244 2009 Omnia,
264 1950 330 2007 quae
351 1930 436 2003 sunt,
456 1930 504 1992 vel
524 1929 555 1989 in
576 1928 605 1989 se
626 1930 674 1991 vel
695 1927 725 1987 in
748 1925 806 1987 alio
827 1924 895 1986 sunt
916 1924 1263 2004 (perAxioru.1.),hoc

75 2048 119 2107 est
143 2046 216 2124 (prr
235 2044 329 2122 Defiu.
342 2062 369 2119 3.
384 2056 412 2103 et
429 2042 489 2121 5.),
509 2056 591 2101 extra
612 2040 791 2101 intellectum
813 2037 884 2098 nihil
905 2040 991 2098 datur
1011 2052 1115 2113 praeter
1134 2036 1262 2096 substan-

75 2158 137 2217 tias
159 2172 315 2231 earumque
337 2156 352 2189 *
373 2153 551 2215 affectiones.
593 2151 674 2213 Nihil
696 2169 765 2229 ergo
787 2165 870 2211 extra
891 2149 1069 2210 intellectum
1089 2151 1190 2224 datur,
1211 2166 1264 2223 per

75 2272 163 2347 quod
192 2269 289 2345 plures
316 2286 361 2328 res
390 2266 526 2346 distingui
554 2266 630 2327 inter
657 2265 685 2326 se
713 2263 852 2341 possunt,
872 2278 977 2339 praetcr
997 2261 1184 2337 substantias,
1203 2261 1262 2323 five

74 2385 163 2460 quod
184 2381 261 2444 idem
282 2381 322 2441 est
344 2380 415 2460 (per
435 2378 528 2459 Defin.
540 2378 571 2413 **
587 2380 638 2460 4),
660 2395 757 2439 earum
778 2375 936 2452 attributa,
956 2392 1111 2451 earumque
1132 2373 1262 2435 affectio-

77 2515 144 2556 nes.
168 2497 202 2571 Q.
224 2495 261 2554 E.
281 2495 322 2554 D.

478 2587 806 2648 PROPOSITIO
837 2588 876 2646 V.

120 2705 158 2763 In
190 2719 286 2761 rerum
316 2712 427 2759 nutura
457 2719 510 2758 non
537 2699 651 2778 poffunt
681 2702 752 2759 dari
783 2701 846 2758 duct
882 2710 936 2758 aut
965 2699 1066 2776 piures
1093 2695 1263 2774 substantio

76 2815 204 2892 ejusdem
225 2825 339 2874 naturae
355 2811 417 2890 five
437 2811 585 2872 attributi.

481 2972 877 3016 nemonsrnnt1o

118 3070 148 3130 si
181 3071 319 3131 darentur
348 3069 447 3144 plures
478 3067 636 3144 distinctae,
667 3070 808 3129 deberent
839 3067 916 3128 inter
943 3066 972 3127 se
1000 3064 1136 3144 distingui
1157 3066 1205 3126 vel
1227 3081 1264 3123 ex

73 3181 247 3244 diversitate
279 3181 504 3256 attributorum,
533 3183 581 3242 vel
613 3199 650 3242 cx
682 3180 850 3244 diversttate
877 3179 1063 3242 affectionum
1085 3179 1155 3258 (per
1175 3180 1264 3257 Prop.

75 3297 226 3376 procem).
266 3293 297 3354 si
329 3307 442 3354 tantum
471 3311 508 3352 en
537 3292 704 3354 diversitate
733 3296 958 3368 attributorum,
979 3295 1159 3354 concedetur
1178 3311 1264 3370 ergo,

74 3426 138 3466 non
170 3403 231 3466 dari
260 3403 312 3464 nist
341 3423 426 3464 unam
448 3403 576 3482 ejusdem
598 3405 743 3466 attributi.
784 3408 827 3467 At
849 3405 869 3465 n
890 3423 925 3465 ex
947 3405 1113 3467 diverfitate
1134 3403 1263 3465 affectio-

75 3537 166 3592 num,
188 3536 253 3578 cum
275 3517 433 3578 substantia
454 3517 489 3577 stt
510 3517 591 3593 prior
611 3521 714 3579 naturi
735 3517 794 3579 suis
814 3517 1198 3598 affectionibus(prrProp.
1213 3519 1265 3597 n),

78 3630 223 3708 depositis
245 3649 314 3710 ergo
336 3629 557 3705 affectionibus,
580 3629 661 3691 etin
684 3631 711 3692 se
734 3631 928 3706 constderata,
949 3631 1006 3690 hoc
1027 3630 1068 3690 est
1089 3629 1264 3710 (perefirt.

81 3762 110 3820 3.
132 3757 161 3802 et
182 3741 296 3803 Attium.
315 3743 364 3777 ***
383 3745 428 3822 6.)
458 3762 527 3806 vere
556 3743 753 3820 constderata,
781 3763 841 3805 non
868 3741 981 3820 poterit
1009 3742 1126 3818 concipi
1154 3745 1189 3802 ab
1212 3743 1265 3803 alia

82 3854 238 3934 distingui,
258 3855 317 3916 hoc
338 3856 379 3916 est
400 3857 472 3936 (per
492 3859 581 3936 Prop.
599 3857 753 3940 proteu),
774 3877 834 3919 non
855 3871 996 3934 poterunt
1015 3856 1075 3918 dati
1093 3856 1266 3933 plures,sed

82 3983 198 4030 tantum
221 3987 287 4029 una.
311 3971 344 4046 Q.
366 3969 403 4029 Ε.
425 3973 463 4032 D.

117 4157 129 4184 ¹
165 4151 237 4204 vers.
254 4155 323 4221 belg.
352 4177 375 4190 ··
392 4152 440 4204 Ed.
457 4152 592 4218 Princeps:
611 4153 721 4220 ejusque.

118 4241 145 4268 ⁸·
179 4237 305 4299 Schmidt,
322 4237 445 4303 δίωνται,
462 4238 589 4287 Comeret.
605 4263 639 4274 -
657 4237 704 4288 Ed.
721 4239 776 4288 Pu:
794 4238 896 4288 Axiam.

117 4321 160 4350 ⁰⁸·
196 4318 243 4368 Ed.
259 4321 314 4370 Pu:
330 4329 380 4384 per
398 4317 481 4382 Desit.
500 4331 522 4378 3.
541 4331 567 4368 ct
584 4317 609 4369 6.
626 4319 724 4372 Saiffett
742 4321 804 4386 Des.
821 4335 845 4382 3.
861 4331 887 4369 et
904 4334 929 4381 4.
