2934 4900
212 317 273 386 534
688 305 924 366 Tractatua

211 484 293 545 Deus
313 482 403 561 igitur
422 481 452 542 in
473 479 578 541 Genesi
598 478 770 540 Paniarchia
791 479 1219 560 poedimtucnomineJehova
1229 479 1395 557 indicatur,

211 611 271 655 non
303 594 371 670 quia
402 593 536 655 Patribus
566 591 625 652 hoc
657 591 776 652 nomine
805 590 991 667 innotuerat,
1021 589 1072 653 sed
1102 591 1173 668 quia
1202 591 1261 652 hoc
1287 610 1394 654 nomen

211 707 288 780 apud
310 707 429 786 Judaeos
451 704 565 766 summa
587 719 648 764 erat
667 701 856 764 reverentiae:
877 702 935 762 hoc
942 746 952 778 ,
972 702 1106 779 inquam,
1126 701 1284 764 necessario
1295 703 1394 763 dicen·

211 818 294 892 dum,
324 817 561 893 quandoquidem
592 815 622 875 in
652 807 710 875 hoc
741 814 840 875 nostro
870 829 957 875 textu
986 814 1086 876 Exodi
1116 813 1246 890 expresse
1266 814 1393 890 dieitur,

209 931 305 992 Deum
335 929 395 990 hoc
427 928 544 990 nomine
576 945 636 988 non
665 926 748 988 fuine
768 927 919 1005 cognitum
941 927 1130 1003 patriarchis,
1151 942 1183 988 et
1202 928 1292 990 etiam
1311 931 1395 1005 quod

209 1037 308 1101 Exodi
339 1058 403 1116 cap.
436 1057 463 1117 3.
497 1057 542 1116 13.
573 1037 673 1100 Moses
704 1038 762 1100 Dei
792 1055 899 1100 nomen
929 1037 1001 1100 scire
1031 1039 1133 1114 cupit:
1161 1042 1245 1115 quod
1264 1038 1286 1100 fi
1307 1053 1394 1100 antea

210 1169 313 1215 notum
345 1151 457 1228 fuisset,
487 1150 584 1212 fuilset
616 1151 714 1212 saltem
745 1165 776 1211 et
803 1150 856 1227 ipli
884 1150 972 1211 etiam
992 1165 1106 1214 notum.
1146 1150 1393 1214 concludendum

209 1264 298 1343 igitur
314 1277 347 1326 ut
366 1265 555 1339 volebamus;
573 1281 697 1341 nempe,
714 1263 816 1324 fideles
833 1263 1011 1325 patriarchas
1021 1263 1080 1324 hoc
1089 1264 1147 1324 Dei
1158 1281 1265 1324 nomen
1276 1263 1393 1343 ignora·

208 1376 295 1452 ville,
313 1375 428 1453 Dcique
449 1375 648 1456 cognitionem
670 1377 779 1437 donum
799 1374 874 1450 Dei,
893 1393 954 1436 non
975 1391 1072 1436 autem
1093 1377 1260 1437 mandatum
1282 1375 1348 1437 else.

248 1489 380 1564 Tempus
407 1487 503 1567 igitur·
522 1488 579 1563 est,
601 1504 635 1549 ut
656 1489 693 1549 ad
713 1486 871 1549 secundum
895 1487 1090 1563 transeamus,
1110 1505 1215 1563 nempe
1236 1491 1274 1548 ad
1295 1489 1393 1550 osten-

209 1603 351 1677 ciendum,
371 1601 466 1662 Deum
487 1601 593 1661 nullam
615 1600 698 1660 aliam
718 1598 762 1661 sui
783 1599 985 1678 cognitionem
1003 1601 1038 1660 ab
1059 1601 1227 1662 hominibus
1247 1619 1301 1678 per
1319 1603 1393 1664 Pto

208 1712 313 1787 phetas
333 1726 449 1788 petere,
472 1729 557 1788 quam
578 1710 778 1790 cognitionem
808 1710 916 1773 divinar
937 1711 996 1772 suae
1016 1711 1142 1795 ‚iustitie
1162 1726 1195 1772 et
1215 1711 1394 1789 Charinus,

207 1821 266 1884 hoc
287 1824 329 1884 est
350 1824 419 1884 talia
447 1823 503 1884 Dei
532 1823 689 1900 attributa,
710 1841 777 1900 quae
797 1823 931 1885 homines
952 1840 1031 1886 certa
1052 1824 1175 1887 vivendi
1194 1824 1307 1886 ratione
1327 1826 1395 1887 imi·

207 1933 263 1995 tari
283 1935 418 2011 poliunt:
440 1937 523 2012 quod
544 1937 661 2013 quidem
681 1935 820 2016 Jeremiar
841 1936 1046 2012 expreisrflimis
1067 1937 1166 2001 verbis
1186 1939 1285 1999 docet.
1313 1941 1394 2000 Nam

208 2065 273 2123 cap.
294 2065 342 2108 22.
362 2048 405 2111 vs.
428 2061 474 2124 15,
498 2051 543 2109 16.
564 2051 600 2109 de
622 2051 705 2128 Rege
725 2048 803 2130 Josta
822 2051 947 2125 loquens
967 2049 1030 2114 nac
1051 2049 1111 2126 ait,
1130 2039 1197 2126 52&
1216 2041 1288 2125 ,ὼῃ
1306 2055 1395 2146 “1³in

208 2177 270 2236 nib
292 2177 329 2235 ut
350 2177 449 2248 ΙῬἎΝῚ
470 2177 521 2240 uu
542 2177 587 2252 il'l
610 2179 640 2250 17
664 2151 697 2235 ὑ
717 2179 781 2236 nim
805 2178 844 2236 iil
864 2163 881 2199 *
902 2179 1012 2256 sipili
1040 2181 1146 2240 mvn
1173 2183 1266 2246 rium
1294 2185 1395 2243 finnt

210 2292 253 2351 nt
283 2291 360 2351 cnm
389 2292 453 2352 mo
480 2291 557 2351 rnnc
584 2293 679 2357 narn
705 2291 769 2351 mn
789 2267 859 2352 ain
880 2267 914 2352 i>
945 2281 1039 2345 Pater
1059 2295 1126 2342 tuuc
1145 2285 1256 2360 quidem
1274 2287 1397 2347 comedo
1459 2282 1460 2285 ‘

207 2409 235 2455 er
261 2395 351 2470 bibit,
378 2407 405 2455 et
425 2394 501 2472 fecit
519 2394 662 2470 judicium
682 2409 710 2455 ct
723 2395 886 2473 sustitiam,
915 2410 974 2456 tum
1000 2400 1028 2456 ei
1053 2397 1119 2456 bene
1147 2398 1221 2475 fuit,
1240 2399 1397 2476 judicavit

200 2506 253 2581 jos
276 2509 417 2584 pauperis
441 2520 469 2565 ec
494 2508 667 2582 indigentis,
696 2520 756 2566 cum
782 2506 836 2586 ipſs
862 2508 929 2567 bene
963 2509 1038 2584 fuit;
1071 2528 1139 2570 nam
1170 2512 1233 2572 NB.
1268 2510 1320 2573 hoc
1354 2517 1396 2592 est

207 2636 249 2676 mc
275 2616 450 2692 cognoscere,
477 2619 555 2677 dicit
580 2616 700 2686 renova.
742 2620 807 2679 Nec
834 2618 930 2681 minus
959 2621 1035 2681 clara
1055 2619 1138 2697 sunt,
1159 2641 1225 2699 quae
1244 2623 1398 2687 habentur

208 2748 270 2805 can·
292 2746 320 2806 9·
342 2728 383 2792 vs·
405 2746 453 2805 23·
476 2730 517 2805 **,
538 2746 641 2805 nempe
672 2719 1039 2809 conministrum
1061 2722 1162 2808 isnin
1182 2750 1265 2810 ntem
1280 2738 1397 2835 ’.Ἴτε

205 2858 316 2917 mnan
344 2830 434 2917 nini
461 2857 496 2917 u
518 2858 611 2940 guni
633 2860 743 2939 opum
765 2864 870 2922 omum
890 2862 965 2921 nnn
985 2865 1063 2929 nuo
1085 2866 1163 2925 cnm
1184 2866 1237 2926 un
1255 2868 1291 2926 ἰ
1310 2870 1397 2930 *mu

207 2974 285 3033 c'iifl'
313 2974 376 3033 nm
401 2960 460 3037 sed
476 2964 507 3019 in
529 2958 580 3019 icc
600 2975 712 3022 tantum
729 2965 876 3038 glorietur
895 2968 1102 3044 unusquisque,
1122 2986 1164 3026 me
1183 2969 1346 3045 intelligere
1367 2988 1397 3031 et

206 3076 380 3151 cognoscere,
409 3074 486 3149 quod
510 3091 558 3148 ego
586 3072 702 3143 Jehova·
718 3074 801 3152 facio
822 3077 1007 3156 charitatem,
1021 3082 1180 3159 judicium,
1199 3098 1227 3143 ct
1243 3083 1396 3162 justitiam
1455 3025 1458 3138 ι

205 3192 237 3245 in
258 3202 356 3261 terra,
376 3204 443 3245 nam
463 3184 510 3244 his
531 3187 660 3263 deieiicr,
679 3192 725 3249 ait
745 3188 865 3257 Jclrova.
887 3192 1043 3273 Colligitur
1061 3193 1121 3254 hoc
1141 3195 1228 3256 etiam
1248 3211 1395 3271 praeterea

207 3320 244 3361 ex
270 3282 369 3360 Exodi
390 3317 453 3374 cap.
476 3316 523 3378 34.
545 3298 587 3361 vs.
608 3302 638 3376 6,
660 3314 688 3376 7.
696 3346 705 3377 ,
733 3302 784 3363 ubi
804 3304 886 3365 Deus
907 3305 1001 3380 Moli,
1023 3306 1154 3383 cupienti
1167 3306 1267 3383 ipsum
1288 3307 1394 3370 uidere

207 3428 237 3473 et
258 3410 393 3487 noscere,
413 3412 491 3471 nulla
513 3410 568 3471 alia
589 3412 732 3473 attributa
752 3416 882 3490 revelat,
902 3436 988 3493 quam
1009 3435 1074 3494 quae
1095 3416 1223 3480 divinam
1244 3420 1394 3499 Justitiam

207 3539 237 3585 et
266 3523 445 3584 charitatem
475 3522 632 3598 explicant.
673 3524 810 3603 Denique
840 3526 911 3589 illud
932 3529 1090 3609 Johannis,
1110 3533 1146 3590 de
1168 3550 1229 3607 quo
1249 3532 1341 3593 ctiam
1362 3534 1393 3594 in

206 3634 412 3713 sequentibus,
440 3632 567 3710 apprime
596 3634 644 3695 hic
672 3640 834 3699 notandum
863 3641 966 3717 venit;
995 3642 1044 3720 qui
1065 3641 1190 3719 scilicet,
1211 3644 1281 3721 quia
1300 3665 1392 3707 nemo

205 3748 300 3807 Deutn
320 3746 414 3821 vidit,
434 3746 527 3807 Deum
548 3763 601 3821 per
621 3745 709 3809 solam
733 3750 902 3812 charitatem
924 3753 1068 3830 explicat,
1086 3755 1392 3835 concluditque,eum

204 3874 305 3929 revera
336 3857 430 3918 Deum
460 3856 566 3917 habere
595 3873 626 3918 et
654 3860 773 3921 noscere
781 3907 791 3939 ,
822 3864 872 3945 qui
904 3864 1074 3933 charitatem
1104 3866 1203 3929 habet.
1244 3869 1393 3933 Videmus
1453 3903 1454 3942 t

239 4102 253 4135 *
286 4102 392 4152 Eunt.
408 4102 493 4154 addita
515 4116 618 4201 gom,

238 4184 267 4217 *⁸
301 4184 349 4235 Ed.
365 4186 422 4235 ΡΜ
439 4198 480 4247 na.

239 4266 563 4348 vfflmmw
