2934 4900
201 330 258 388 162
616 321 799 386 Ethicee
825 323 893 386 Pers
913 323 965 385 111.

197 504 313 566 Metum
343 501 402 564 stne
432 503 489 579 Spe
521 501 569 580 (ut
601 499 690 564 fustus
721 501 775 565 suo
806 502 875 564 loco
906 502 1154 583 explicabimus);
1185 517 1216 564 et
1244 517 1386 579 praetetea

197 613 454 694 quandoquidem,
486 627 631 690 quatenus
663 612 775 690 aliquid
805 613 953 692 speramus
983 629 1036 676 aut
1062 614 1241 691 metuimus,
1262 631 1386 676 eatenus

197 731 274 792 idem
294 747 420 792 amamus
440 729 489 790 vel
510 725 581 788 odio
602 725 764 803 habemus;
790 742 879 803 atque
905 730 980 788 adeo
1002 726 1145 804 quicquid
1165 729 1203 789 de
1223 725 1334 787 Amore
1355 740 1386 786 et
1448 722 1449 787 i

197 841 276 904 Odio
297 840 445 916 diximus,
464 838 549 900 facile
569 838 768 916 unusquisque
789 839 859 914 spei
880 853 912 900 et
930 838 1030 900 Metui
1050 839 1196 916 applicare
1217 839 1341 915 poterit.

585 1010 918 1074 PROPOSITIO
948 1012 999 1073 LI.

236 1141 356 1222 Diverss
379 1141 503 1204 domines
526 1141 565 1204 ab
590 1159 644 1202 uno
669 1142 813 1218 eodemque
837 1138 938 1216 objecto
958 1139 1141 1218 diverfimode
1160 1139 1242 1218 affici
1256 1139 1389 1220 poffum,

196 1269 225 1316 ee
243 1274 317 1316 unus
335 1255 463 1332 idemque
482 1252 561 1314 mma
578 1253 618 1316 ab
635 1272 689 1312 uno
706 1254 853 1330 eodemque
869 1252 972 1331 objedo
985 1252 1074 1330 potest
1084 1251 1391 1331 diverfistempoemas

198 1365 383 1444 diverfimade
403 1365 492 1445 affici.

593 1507 989 1554 nmmomscnem1m

239 1606 357 1682 Corpus
377 1603 534 1666 humanum
556 1603 629 1684 (per
648 1603 723 1681 Post.
746 1619 774 1681 3.
792 1617 825 1682 p.
846 1604 890 1683 2.)
911 1621 928 1663 a
949 1602 1124 1680 corporibus
1146 1601 1277 1664 externis
1298 1601 1392 1677 pluti-

175 1717 253 1782 .mis
291 1717 386 1778 modis
416 1715 551 1778 afficitur·
592 1713 712 1776 Poisunt
744 1714 834 1794 igitur
865 1718 969 1777 eodem
1001 1731 1133 1791 tempore
1163 1718 1224 1777 duo
1255 1714 1394 1776 homines

199 1829 391 1894 diversimode
422 1827 478 1891 effe
509 1828 622 1904 affedti3
653 1833 741 1905 atque
773 1831 848 1890 adeo
881 1827 1394 1907 (perAxe'om.1.,quodestpost

203 1945 316 2004 Lemma
335 1961 381 2020 3.,
398 1945 475 2020 qaod
491 1945 558 2004 vide
574 1942 636 2022 past
656 1944 746 2022 Prap.
771 1958 816 2019 13.
835 1956 866 2022 p.
877 1943 920 2022 a.)
942 1945 979 2003 ab
1000 1960 1062 2004 uno
1084 1945 1248 2020 eodemque
1270 1942 1393 2021 objedto

200 2053 318 2132 poffunt
349 2053 542 2117 divetfimode
571 2051 657 2113 affici.
686 2053 803 2114 Deinde
825 2052 898 2132 (per
917 2054 992 2113 idem
1011 2053 1132 2134 Postal.)
1152 2053 1271 2131 Corpus
1290 2054 1395 2116 huma·

201 2185 268 2228 num
300 2165 398 2244 potest
424 2165 483 2242 jam
514 2165 573 2225 hoc
601 2163 660 2241 jam
682 2165 742 2226 alio
763 2166 853 2226 modo
874 2162 930 2226 eise
950 2163 1103 2243 adcitum
1124 2183 1155 2227 et
1175 2166 1401 2244 consequenter

202 2277 274 2356 (pet
301 2278 376 2337 idem
406 2276 536 2354 Axiam.)
567 2279 604 2338 ab
636 2293 697 2337 uno
727 2278 891 2353 eodemque
921 2276 1042 2354 objedto
1070 2277 1191 2341 diverses
1212 2279 1403 2355 temporibus

203 2385 396 2453 diversimode
418 2387 502 2449 affici.
537 2389 571 2466 Q.
593 2387 630 2450 Ε.
651 2389 691 2449 D.

671 2549 877 2593 scnomu
890 2551 928 2593 m.

244 2644 386 2707 Videmus
412 2644 512 2721 itaque
541 2642 602 2703 fieri
621 2642 721 2721 posse,
743 2658 776 2703 ut
797 2646 879 2719 quod
900 2643 948 2703 hic
969 2656 1061 2719 amat,
1082 2645 1155 2704 alter
1176 2642 1249 2706 odio
1269 2644 1401 2719 habeam

203 2771 234 2817 et
266 2758 347 2833 quod
377 2755 425 2815 hic
459 2754 582 2830 metuit,
613 2755 685 2815 alter
712 2773 773 2816 non
794 2770 923 2830 metunt3
943 2770 974 2815 et
995 2769 1029 2816 ut
1050 2773 1127 2817 unus
1148 2755 1285 2832 idemque
1304 2755 1402 2818 homo

201 2866 261 2945 J'am
282 2878 375 2943 amet,
396 2868 478 2945 quod
498 2880 585 2928 antea
607 2866 719 2943 oderit,
741 2883 772 2927 et
792 2882 827 2927 ut
844 2865 904 2944 jam
926 2869 1049 2942 audeat,
1069 2867 1152 2944 quod
1173 2880 1259 2927 antea
1280 2865 1404 2944 timuit,

205 2994 261 3041 etc.
292 2978 426 3056 Deinde,
452 2977 522 3055 quia
542 2976 742 3055 unusquisque
763 2996 801 3037 ex
822 2977 875 3039 suo
896 2977 1003 3040 affedtu
1019 2976 1153 3054 medicat,
1173 2976 1246 3054 quid
1266 2980 1402 3055 bonum,

204 3088 277 3167 quid
307 3090 428 3166 malum,
459 3089 531 3167 quid
561 3088 682 3165 melius,
710 3104 742 3149 et
762 3088 836 3166 quid
856 3087 941 3166 pejus
964 3087 999 3149 stt
1020 3088 1102 3165 (vide
1122 3087 1214 3149 Sahal.
1235 3090 1327 3169 Peop.
1351 3108 1402 3167 39

205 3200 323 3281 hujus),
351 3200 500 3279 sequitur,
521 3198 655 3263 homines
675 3215 734 3261 tam
752 3198 868 3277 judicio
889 3218 977 3277 quam
997 3199 1104 3262 affeetu
1124 3200 1236 3263 variare
1261 3204 1272 3240 ¹
1298 3200 1403 3278 poise;

208 3324 238 3371 et
265 3308 334 3371 hinc
359 3310 409 3386 fit,
430 3324 465 3371 ut
485 3328 552 3371 cum
573 3308 647 3370 alios
668 3308 732 3371 aliis
754 3326 971 3385 comparamus,
992 3327 1030 3369 ex
1051 3308 1113 3370 sola
1133 3308 1290 3371 affeituum
1314 3311 1404 3373 diffe-

205 3420 298 3482 rentia
328 3439 345 3481 a
375 3419 463 3482 nobis
493 3419 722 3499 distinguantur,
754 3436 785 3482 et
813 3436 849 3482 ut
869 3420 943 3484 alios
964 3420 1145 3497 intrepidos,
1164 3420 1240 3483 alios
1260 3421 1405 3497 timidos,

208 3530 282 3593 alios
310 3530 438 3608 denique
459 3529 518 3593 alio
539 3530 658 3593 nomine
679 3533 869 3609 appellemus.
899 3532 957 3593 Ex.
977 3550 1019 3611 gt.
1040 3532 1121 3595 illum
1141 3550 1199 3611 ego
1219 3536 1405 3613 intrepidam

208 3646 344 3721 vocabo,
365 3643 418 3722 qui
438 3646 543 3705 malum
563 3643 745 3721 contemnit,
764 3646 846 3722 quod
863 3662 920 3723 ego
938 3644 1040 3707 timere
1057 3644 1157 3720 soleo;
1174 3659 1205 3706 et
1221 3644 1242 3705 fi
1259 3660 1406 3722 ptaeterea

209 3757 246 3817 ed
274 3755 333 3817 hoc
364 3756 531 3831 attendam,
562 3758 645 3832 quod
677 3754 742 3833 ejus
769 3754 926 3833 Cupiditas
955 3757 1059 3817 malum
1080 3754 1225 3818 inferendi
1245 3756 1292 3831 ei,
1312 3775 1404 3834 quem

211 3864 293 3943 odit,
320 3879 352 3926 et
379 3866 584 3929 benefaciendi
603 3866 631 3928 ei
641 3913 651 3944 ,
672 3886 759 3945 quem
780 3882 875 3945 amat,
894 3886 956 3929 non
977 3872 1130 3930 coercetur
1149 3864 1256 3929 timore
1276 3867 1364 3943 meli,
1386 3888 1405 3929 a

210 3994 271 4057 quo
292 3994 348 4057 ego
370 3975 515 4039 contineri
536 3977 636 4056 soleo,
658 3978 753 4055 ipsum
772 3980 908 4040 audacem
928 3980 1095 4055 appellabo.
1126 3978 1243 4042 Deinde
1263 3978 1313 4041 ille
1330 3980 1407 4041 mihi

1427 4052 1454 4198 i

249 4250 257 4279 ¹
294 4243 328 4294 N.
344 4244 373 4298 B.
388 4242 457 4294 Pede
472 4242 523 4293 hoc
540 4240 609 4305 fieti,
631 4242 727 4295 temetii
749 4243 824 4294 Mene
847 4242 955 4293 hument
978 4254 1036 4305 pm
1059 4236 1122 4291 ciret
1138 4238 1223 4291 divini
1240 4236 1408 4303 intellectus,

213 4323 367 4379 ostendimus
387 4324 414 4377 ‘m
435 4324 521 4377 schol·
537 4326 614 4389 Ptop.
633 4340 672 4387 ¹³·
692 4324 754 4391 [Ed.
770 4326 826 4377 Pet
846 4338 887 4389 ¹7·
902 4320 1028 4377 eorem:
1048 4320 1146 4375 Ceron.
1161 4320 1241 4389 Peep.
1260 4318 1312 4387 tm]
1332 4338 1362 4387 p.
1379 4338 1408 4375 e.
