2934 4900
467 351 523 412 De
553 347 826 410 Affectibus.
1185 355 1240 420 153

39 523 143 586 ninuit
171 528 227 588 vei
257 531 392 603 coercet,
422 526 480 586 hoc
509 524 566 599 est,
597 525 672 604 (per
699 524 789 602 Prop.
812 537 840 599 7.
861 521 962 601 hujus)
991 536 1148 595 conatum,
1178 538 1239 597 quo

38 637 126 698 homo
157 637 190 698 in
214 639 279 700 -suo
307 636 365 698 effe
387 654 570 714 perseverare
591 651 730 704 conatur,
755 633 861 696 minuit
881 635 929 696 vel
951 638 1084 708 coercet3
1106 635 1239 710 adeoque

40 749 51 821 1
55 761 112 826 per
139 750 241 829 Prop.
268 761 297 824 5.
326 748 427 828 hujus)
447 747 515 810 huic
537 745 657 808 conatui
679 745 721 806 est
741 745 902 820 contraria;
934 759 965 804 et
986 743 1128 822 quicquid
1148 744 1239 805 homo

38 859 173 920 Tristitia
196 859 323 924 affeuus
344 875 483 936 conatur,
505 861 544 920 est
565 857 725 920 Tristitiam
746 876 894 920 amovere.
925 859 968 918 At
996 857 1067 937 (per
1100 858 1240 936 Tristitia

38 972 150 1052 Defin.)
168 993 253 1050 ¹qno
285 971 416 1034 Tristitia
449 970 540 1050 maior
571 970 628 1045 est,
667 989 703 1030 eo
736 967 838 1048 majori
872 967 947 1045 parti
977 966 1105 1028 hominis
1134 966 1239 1046 agendi

39 1083 189 1158 potentiae
214 1085 328 1146 necesse
350 1083 391 1146 est
412 1083 542 1160 opponI;
565 1101 633 1163 ergo
656 1101 717 1159 quo
739 1080 831 1158 major
851 1079 982 1141 Tristitia
1000 1079 1057 1156 est,
1075 1097 1112 1140 eo
1129 1076 1238 1155 majore

39 1197 146 1274 agendi
190 1196 330 1272 potentin
368 1195 524 1257 conabitur
553 1195 643 1255 homo
675 1210 778 1255 contra
808 1190 968 1253 Tristitinnt
999 1210 1151 1267 amovere3
1180 1191 1240 1251 hoe

39 1307 78 1366 est
111 1307 194 1387 (per
225 1307 317 1370 Sclul.
348 1309 437 1387 Prop.
468 1325 496 1385 9.
518 1305 637 1386 liujus),
667 1324 704 1367 eo
733 1305 842 1383 majore
870 1304 1033 1381 cupiditate
1063 1304 1119 1366 five
1148 1323 1238 1381 appe-

40 1419 97 1480 titu
127 1421 294 1484 conabitur
321 1419 479 1482 Tristitiam
508 1437 654 1482 amovere.
694 1418 827 1494 Deinde,
854 1416 993 1496 quoniam
1020 1416 1140 1479 Laetitia
1168 1416 1239 1495 (per

38 1535 113 1591 idem
147 1533 249 1596 Schol.
283 1536 369 1614 Prop.
398 1550 424 1594 11
463 1532 563 1612 husius)
592 1532 719 1594 hominis
748 1531 852 1611 agendi
881 1529 1045 1607 potentiam
1074 1545 1162 1609 auget
1189 1531 1238 1590 vel

37 1645 145 1722 juvat,
180 1645 268 1706 facile
293 1649 392 1708 eidem
414 1645 463 1708 vii
484 1645 710 1718 demonstratur,
732 1646 814 1722 quod
836 1643 943 1718 homo,
964 1640 1084 1704 Laetitia
1105 1641 1236 1716 affeiIus,

43 1755 115 1816 nihil
145 1758 232 1820 aliud
259 1758 360 1834 cupit,
386 1777 472 1834 quam
494 1760 613 1819 eandem
635 1755 824 1833 conservate,
845 1755 933 1832 idque
955 1773 992 1815 eo
1014 1753 1122 1830 majore
1143 1751 1236 1828 Cupi·

45 1865 158 1944 ditate,
181 1887 244 1946 quo
265 1868 385 1930 Laetitia
406 1867 497 1946 maior
518 1868 581 1929 etit.
622 1867 776 1945 Denique,
805 1866 944 1945 quoniam
966 1866 1073 1927 Odium
1094 1880 1125 1926 et
1145 1865 1239 1924 Amor

47 1979 111 2040 iunt
139 1981 199 2058 ipsi
218 1981 346 2042 Laetitiae
367 1983 416 2042 vel
435 1979 574 2042 Tristitiae
597 1978 734 2056 affetius,
755 1979 887 2057 sequitur
904 1980 1008 2040 eodem
1028 1980 1136 2052 modo,
1156 1977 1239 2053 quod

48 2108 196 2168 conatus,
218 2091 386 2168 appetitus,
407 2090 466 2153 sive
488 2091 663 2168 Cupiditas,
683 2111 749 2169 quae
770 2109 828 2168 ptae
847 2090 927 2152 Odio
944 2091 992 2152 vel
1009 2090 1118 2150 Amore
1136 2087 1240 2163 oritur,

51 2202 141 2278 major
164 2203 221 2265 erit
241 2222 295 2281 pro
318 2204 430 2264 tutione
452 2205 522 2266 Odii
543 2220 573 2265 et
595 2203 721 2264 Amoris.
755 2205 789 2281 Q.
811 2205 847 2264 E.
869 2205 909 2267 D.

377 2405 704 2467 Pn0P081T10
745 2405 913 2467 XXXVIII.

89 2537 125 2596 Si
159 2538 226 2613 quis
256 2552 316 2596 rem
345 2548 473 2596 amatam
502 2537 563 2595 odio
594 2532 701 2595 habere
728 2538 884 2613 inceperit,
913 2538 959 2594 ita
987 2547 1021 2595 ut
1044 2532 1136 2594 Amor
1151 2533 1239 2613 plane

53 2648 216 2725 aboleatur,
240 2648 355 2707 eandem
378 2647 486 2723 majore
511 2648 590 2723 odio,
616 2666 653 2705 ex
669 2650 744 2726 pari
763 2647 867 2723 causa,
883 2647 1093 2725 prosequetur,
1112 2644 1240 2723 quamfi

53 2760 146 2835 ipsam
178 2777 324 2837 nunquam
354 2760 517 2839 amavisset,
548 2771 576 2819 et
605 2780 634 2818 eo
664 2760 772 2838 majori
777 2804 788 2835 ,
819 2776 872 2837 quo
902 2759 994 2820 Amor
1023 2771 1110 2818 antea
1145 2756 1239 2835 major

49 2870 163 2945 suerat.

448 3002 850 3051 nnnousnnnntu

10 3136 11 3147 ¹
88 3119 167 3177 Nam
200 3116 221 3177 it
252 3116 318 3193 quis
350 3134 426 3192 tem,
455 3135 541 3194 quant
568 3133 660 3192 amat,
689 3116 761 3179 odio
789 3115 895 3176 habere
916 3112 1037 3190 incipit,
1057 3114 1155 3189 plures
1176 3111 1240 3189 ejus

56 3228 206 3305 appetitus
232 3234 420 3305 coercentur,
441 3248 527 3307 quant
549 3228 568 3289 ii
591 3230 711 3291 eandem
734 3246 795 3288 uon
816 3225 972 3289 amavisset.
1003 3226 1096 3286 Amor
1116 3242 1240 3299 namque

56 3338 172 3401 Letitia
205 3339 246 3400 est
275 3341 347 3421 (per
378 3340 471 3402 Schol.
502 3342 592 3421 Prop.
627 3358 672 3418 13.
701 3340 822 3418 husius),
849 3358 936 3416 quant
963 3339 1071 3413 homo,
1098 3352 1240 3415 quantum

57 3452 153 3527 potest
184 3452 256 3533 (per
286 3454 375 3533 Prop.
400 3454 448 3513 28.
470 3453 588 3533 liujus),
611 3453 782 3516 conservare
804 3468 947 3528 conatum
967 3452 1057 3528 idque
1077 3450 1241 3530 (peridem

59 3562 167 3643 Schol.)
198 3581 256 3625 rent
288 3579 410 3626 amatum
441 3582 474 3626 ut
505 3565 674 3641 presentem
703 3566 948 3639 contemplando,
969 3566 1147 3640 eandemque
1170 3563 1241 3642 (per

9 3736 12 3761 ,
59 3676 144 3755 Prop.
176 3692 224 3735 21.
256 3675 357 3755 hujus)
398 3675 533 3751 Laetitia,
553 3692 695 3753 quantum
717 3676 831 3752 potest,
852 3674 1025 3750 afficiend03
1050 3674 1100 3751 qui
1121 3673 1239 3751 quidem

58 3804 182 3863 conatus
210 3788 283 3868 (per
303 3789 391 3868 Prop.
409 3790 513 3868 praec.)
536 3808 572 3848 eo
594 3788 634 3849 est
654 3786 762 3865 major,
784 3806 845 3864 quo
866 3804 947 3847 amor
966 3784 1058 3863 major
1077 3785 1134 3861 est,
1155 3801 1189 3846 ut
1210 3800 1241 3847 et
1343 3857 1346 3866 ,

57 3917 181 3963 conatus
208 3900 370 3975 efficiendi,
399 3918 432 3962 ut
459 3920 504 3962 res
533 3916 626 3963 amata
648 3900 743 3977 ipsum
764 3916 867 3960 contra
888 3915 965 3960 annet
986 3901 1061 3978 (vid.
1082 3902 1171 3980 Prup.
1193 3918 1240 3977 33.

58 4012 166 4091 liujus).
197 4012 240 4073 At
259 4011 290 4072 hi
311 4028 436 4073 conatus
457 4011 529 4074 odio
552 4030 618 4091 erga
639 4031 698 4073 rent
719 4027 841 4073 amatam
859 4017 1030 4073 coe'tcentur
1048 4012 1119 4092 (per
1138 4012 1241 4073 Coroll.

59 4126 145 4206 Prop.
168 4140 214 4201 13.
234 4138 261 4184 et
278 4136 336 4204 per
355 4125 444 4203 Prop.
465 4141 515 4201 23.
536 4122 655 4205 liujus);
677 4142 747 4204 ergo
770 4142 868 4185 amans
886 4124 958 4204 (per
975 4123 1069 4186 Senot.
1087 4125 1176 4203 Prop.
1197 4140 1242 4183 11.

59 4234 157 4316 nujus)
189 4238 243 4297 hac
274 4236 361 4296 etiam
393 4239 428 4298 de
460 4236 546 4299 causa
577 4236 708 4298 Tristitia
741 4235 900 4313 afficietur,
929 4252 960 4297 et
984 4255 1021 4298 eo
1042 4236 1162 4314 majori,
1181 4254 1243 4312 quo

10 4352 11 4357 ’
62 4352 150 4412 iinon
170 4348 263 4426 major
284 4349 400 4424 fuerat3
420 4349 477 4411 hoc
498 4348 556 4427 est,
576 4363 682 4426 pretet
701 4348 878 4428 Tristitiatn,
899 4368 964 4427 quae
986 4348 1055 4411 Odii
1077 4348 1134 4410 fuit
1151 4348 1247 4425 causa,
