2934 4900
241 316 300 423 4is
718 319 959 402 sracsatu's*

242 518 279 577 ab
312 516 449 577 omnibus
480 516 669 592 nationibus,
702 516 870 591 superstites
905 514 975 593 esse,
1014 520 1096 593 quod
1129 517 1201 579 nulli
1229 496 1279 578 alii
1317 499 1433 579 nationi

242 629 384 707 contigit;
405 629 522 706 deinde,
543 630 625 706 quod
645 630 738 689 Sacrae
761 630 867 690 Literae
889 628 988 689 multis
1010 628 1039 690 in
1061 628 1135 690 locis
1156 629 1434 703 docerevidentur‚

240 742 336 801 Deum
363 741 484 819 Judaeos
511 738 540 800 in
569 755 707 801 aeternum
736 738 788 800 srbi
817 738 948 819 elegisse,
969 742 1123 818 adeoque,
1144 740 1256 802 tametsi
1277 740 1436 817 imperium

239 851 430 929 perdiderunt
438 898 447 928 ,
482 851 671 913 nihilominus
706 867 802 912 tamen
834 851 891 913 Dei
923 853 1032 914 eleslos
1063 870 1189 915 manere.
1230 854 1333 929 Loca,
1369 872 1436 929 quae

239 965 315 1023 hanc
330 979 466 1025 aetemam
480 962 652 1025 elesliouem
669 982 756 1040 quam
775 962 922 1024 clarissime
933 966 1040 1025 docere
1051 979 1175 1041 putant,
1188 965 1254 1027 sunt
1264 966 1440 1042 precipue,

240 1074 265 1134 l.
293 1072 335 1136 vs.
365 1075 412 1149 36.
441 1090 505 1149 cap.
528 1090 575 1150 31·
616 1072 761 1153 Jeremiae,
791 1073 842 1133 ubi
872 1073 1018 1149 Propheta
1045 1073 1140 1135 semen
1161 1075 1272 1136 lsrailis
1294 1076 1326 1137 in
1349 1094 1440 1137 aeter-

241 1205 310 1247 num
335 1201 451 1265 gentem
477 1184 534 1245 Dei
559 1185 718 1246 mansuram
745 1186 883 1262 testatur,
913 1188 1109 1262 comparando
1136 1186 1269 1250 nimirum
1290 1208 1345 1249 eos
1370 1208 1440 1251 cum

240 1300 301 1360 lixo
319 1300 458 1360 coelorum
480 1313 511 1358 et
531 1299 652 1358 Naturae
674 1296 795 1373 ordine;
816 1298 853 1357 ll.
875 1297 1038 1357 Ezechiilis
1061 1317 1125 1375 cap.
1148 1316 1196 1359 ao.
1219 1299 1260 1361 vs.
1284 1316 1333 1376 32.
1360 1314 1441 1373 ete,

239 1412 293 1474 ubi
313 1412 432 1475 videtur
452 1413 544 1487 velle,
565 1414 663 1489 quod,
685 1409 819 1487 quamvis
839 1410 935 1490 Judaei
957 1413 1024 1471 data
1045 1429 1135 1488 opera
1156 1410 1213 1473 Dei
1234 1412 1328 1473 cultui
1356 1414 1440 1476 vale-

241 1525 338 1587 dicere
369 1526 476 1599 velint,
507 1526 590 1585 Deus
620 1539 716 1584 tamen
750 1542 802 1583 eos
835 1540 872 1583 ex
904 1522 1040 1583 omnibus
1062 1521 1249 1601 regionibus,
1269 1522 1300 1583 in
1321 1524 1442 1599 quibus

241 1636 358 1713 dispersi
389 1652 487 1711 erant,
517 1633 683 1714 recolliget,
714 1636 863 1711 ducetque
895 1637 931 1695 ad
960 1634 1103 1695 desertum
1129 1635 1324 1712 populorum,
1349 1634 1441 1699 sicuti

241 1768 342 1813 eorum
363 1764 498 1827 patentes
519 1750 557 1809 ad
575 1746 703 1827 AEgypti
724 1747 836 1808 deserta
858 1747 960 1823 duxit,
981 1763 1011 1808 et
1033 1750 1150 1809 tandem
1172 1746 1256 1823 inde,
1275 1748 1441 1825 postquam

241 1882 294 1925 eos
314 1884 331 1924 a
351 1862 507 1923 rebellibus
529 1875 559 1921 et
580 1858 787 1922 deficientibus
807 1859 957 1939 selegerit,
978 1862 1014 1922 ad
1036 1877 1165 1923 montem
1177 1861 1240 1939 ejus
1251 1861 1425 1923 saniiitatis
1432 1906 1441 1936 ,

241 1975 292 2035 ubi
313 1989 380 2036 tota
399 1974 510 2034 Israelis
531 1971 639 2033 familia
660 1972 754 2048 ipsum
776 1973 864 2033 colet.
891 1971 960 2033 Alia
982 1988 1086 2049 praeter
1107 1973 1168 2034 haec
1191 1973 1295 2035 adferri
1316 1974 1440 2038 solent.

241 2087 388 2164 precipue
413 2108 429 2149 a
450 2084 616 2161 Pharisaess3
643 2086 693 2147 sed
714 2084 852 2147 omnibus
873 2104 917 2145 me
940 2084 1150 2148 satisfaslurum
1174 2102 1263 2163 puto,
1279 2086 1330 2149 ubi
1356 2088 1438 2147 hisce

241 2202 359 2261 duobus
389 2199 583 2277 respondero;
615 2200 698 2275 quod
727 2198 787 2261 levi
817 2197 938 2277 negotio
972 2198 1091 2273 faciam,
1121 2199 1274 2277 postquam
1307 2218 1347 2259 ex
1376 2201 1454 2277 ipsa

241 2312 389 2389 Scriptura
416 2312 589 2377 ostendero,
619 2312 716 2371 Deum
748 2312 891 2372 Hebraeos
923 2311 953 2371 in
986 2327 1125 2373 eternum
1147 2332 1214 2399 non¹
1229 2310 1364 2391 elegisse,
1389 2315 1454 2373 sed¹

240 2440 356 2489 tantum
377 2404 477 2488 eadem
499 2424 691 2500 conditione,
712 2442 771 2502 qua
792 2440 860 2488 ante
882 2424 1079 2488 Canahanitas
1101 2426 1234 2506 elegerit,
1255 2426 1306 2504 qui
1324 2426 1436 2500 etiam,

240 2541 380 2617 utsupra
402 2538 596 2614 ostendimus,
624 2537 782 2614 pontifices
803 2538 985 2616 habuerunt,
1007 2539 1058 2616 qui
1079 2540 1174 2602 Deum
1195 2538 1327 2619 religiose
1353 2542 1435 2600 cole·

239 2657 329 2728 bant,
359 2669 390 2714 et
421 2671 498 2729 quos
526 2667 622 2712 tamen
653 2653 736 2712 Deus
764 2666 886 2728 propter
914 2669 1014 2713 eorum
1042 2654 1143 2714 luxum
1165 2668 1195 2714 et
1215 2651 1383 2715 socordiam
1409 2667 1436 2712 et

241 2766 345 2826 malum
367 2765 478 2825 cultum
499 2761 611 2840 rejecit.
642 2761 743 2822 Moses
765 2761 841 2823 enim
863 2762 892 2823 in
914 2763 1054 2826 Levitico
1077 2783 1140 2841 cap.
1171 2764 1216 2825 18.
1238 2763 1280 2826 vs.
1303 2779 1362 2840 27,
1386 2764 1435 2823 28.

239 2893 341 2939 monet
361 2876 518 2952 lsrailitas,
539 2893 576 2936 ne
597 2874 713 2935 incestis
735 2877 920 2952 polluantur,
942 2877 1036 2938 veluti
1062 2876 1269 2952 Canahanitae,
1289 2894 1327 2937 ne
1351 2877 1434 2952 ipsos

240 3005 315 3051 terra
336 3003 472 3063 evomat,
492 2987 577 3048 stcuti
598 2986 732 3048 evomuit
750 2985 813 3047 illas
835 3003 952 3066 gentes,
975 3007 1040 3064 quae
1060 2988 1108 3048 illa
1127 2989 1194 3049 loca
1214 2987 1432 3048 inhabitabant.

239 3103 280 3164 Et
300 3105 391 3164 Deut.
413 3119 478 3178 cap.
500 3101 528 3161 8.
550 3087 592 3162 is.
617 3116 670 3176 19,
691 3116 739 3159 20.
762 3097 829 3174 ipsis
853 3100 1055 3175 expressistmis
1076 3100 1174 3163 verbis
1184 3101 1305 3162 totalem
1317 3101 1430 3162 ruinam

240 3214 375 3274 minatur.
396 3212 444 3274 stc
456 3211 600 3288 enimait,
621 3228 697 3285 nun
720 3227 813 3286 oum
832 3227 951 3302 tarsun
971 3229 1040 3287 mn
1061 3228 1096 3287 u
1117 3228 1195 3287 nnn
1216 3230 1284 3287 nm
1304 3228 1429 3290 *nisan

239 3345 359 3418 ll'sztsll
391 3344 424 3419 ῑ)
455 3344 581 3402 ω’]ῡῦ
611 3343 719 3402 'linem
752 3346 830 3402 mm
863 3330 949 3409 testor
974 3330 1056 3390 vobis
1084 3329 1181 3406 hodie,
1210 3331 1285 3407 quod
1300 3327 1429 3404 obsessore

235 3447 395 3528 peribitis‚·
417 3445 504 3522 ficati
528 3460 645 3522 gentes,
674 3462 748 3522 quas
775 3447 855 3506 Deus
875 3463 912 3504 ex
930 3445 1028 3523 vestra
1042 3447 1204 3523 prasentia
1220 3447 1320 3524 perire
1332 3443 1426 3518 facit,

234 3561 277 3638 stc
302 3560 451 3640 peribitis.
492 3559 531 3619 Et
563 3561 600 3621 ad
630 3559 710 3620 hune
738 3561 857 3620 modum
883 3557 939 3618 alia
967 3557 997 3619 in
1024 3559 1105 3638 Lege
1135 3557 1335 3634 reperiuntur,
1361 3573 1425 3632 quae

240 3670 370 3749 expresse
397 3668 545 3748 indicant,
572 3673 668 3732 Deum
694 3689 756 3732 non
784 3670 917 3732 absolute
946 3688 1042 3747 neque
1062 3671 1092 3730 in
1115 3686 1253 3732 aternum
1274 3670 1423 3729 Hebraeum

240 3785 389 3846 nationem
411 3782 533 3863 elegisse.
576 3784 607 3843 Si
629 3783 730 3860 itaque
752 3783 907 3860 Prophetae
929 3781 964 3844 iis
986 3801 1096 3844 novum
1119 3797 1149 3842 et
1172 3795 1310 3842 aternum
1331 3781 1424 3839 seedus

240 3895 296 3957 Dei
322 3896 493 3976 cognitione
501 3943 510 3974 ,
537 3896 658 3973 amoris,
686 3913 716 3958 et
739 3895 839 3976 gratiae
860 3896 1076 3974 praedixerunt,
1097 3894 1127 3956 id
1145 3893 1202 3970 piis
1223 3907 1336 3954 tantum
1359 3909 1424 3967 pro·

241 4006 319 4069 mitti
349 4009 435 4069 facile
467 4009 665 4070 convincitur.
706 4012 782 4071 Nam
814 4010 845 4070 in
876 4011 979 4070 eodem
1011 4006 1175 4068 Ezechiilis
1205 4003 1318 4081 eapite,
1346 4005 1424 4080 quod

240 4123 331 4182 modo
353 4121 525 4198 citavimus,
545 4121 673 4198 expresse
695 4123 822 4198 dicitur,
843 4124 925 4199 quod
945 4123 1027 4182 Deus
1048 4122 1084 4180 ab
1106 4119 1141 4180 iis
1153 4117 1297 4195 separabit
1307 4119 1425 4178 rebelles

241 4247 271 4293 et
293 4231 477 4310 deficientem
499 4249 529 4294 et
557 4235 737 4310 Tsephoniae
764 4255 828 4310 cap.
851 4254 878 4312 3.
900 4236 942 4300 vs.
967 4251 1101 4312 12,13.,
1123 4235 1204 4310 qttod
1226 4235 1309 4294 Deus
1330 4232 1422 4309 super·

239 4345 296 4406 bos
323 4346 436 4406 auferet
461 4364 500 4406 ex
525 4347 641 4422 medio,
666 4363 695 4407 et
722 4367 867 4424 pauperes
892 4347 1059 4424 superstites
1084 4346 1188 4422 saciet,
1214 4362 1244 4406 et
1271 4346 1340 4423 quia
1366 4347 1422 4406 hae
