2934 4900
567 351 624 412 De
653 351 749 412 Deo.
1212 364 1248 427 73

55 527 110 588 ubi
138 527 278 604 corporis
304 527 422 589 humani
452 526 589 588 fabricam
618 527 738 602 vident,
765 526 951 606 stupescunt,
980 542 1011 587 et
1033 546 1070 587 ex
1091 545 1146 602 eo,
1167 529 1249 604 quod

54 655 151 702 tantae
172 641 246 702 artie
267 640 366 702 causas
387 639 540 720 ignorant,
562 640 760 714 concludent,
780 641 901 700 eandem
922 658 982 700 non
1003 626 1248 715 mechanica,sed

55 753 163 815 divina
192 754 242 814 vel
270 752 479 830 supernaturali
507 767 568 812 arte
598 751 749 826 fabricari,
776 750 887 827 talique
916 753 1006 812 modo
1034 749 1190 824 constitui,
1215 767 1249 811 ut

57 884 120 926 una
149 883 218 942 pars
246 866 364 926 alteram
393 883 453 925 non
481 865 579 925 ledat.
621 865 723 940 Atque
751 861 820 923 hinc
848 863 898 939 fit,
921 877 954 923 ut
975 861 1027 938 qui
1047 861 1249 923 miraculorum

57 975 163 1038 causas
184 994 272 1038 veras
292 975 413 1053 querit,
441 975 551 1052 quique
573 993 618 1036 res
638 976 787 1035 naturales
807 989 843 1035 ut
864 975 970 1035 doetus
991 972 1168 1052 intelligere,
1188 991 1248 1034 non

58 1104 161 1149 autern
195 1103 229 1149 ut
260 1089 364 1150 slulrua
396 1087 527 1150 admirari
559 1087 676 1164 studet,
711 1089 807 1163 passim
839 1105 894 1163 pro
925 1086 1065 1148 heretico
1097 1104 1127 1149 et
1157 1085 1248 1163 impio

57 1199 209 1259 habeatur
225 1215 256 1258 et
273 1199 469 1274 proclametur
485 1199 521 1257 ab
539 1196 592 1270 iis,
611 1213 687 1273 quot
705 1197 960 1274 vulguatanquaru
970 1195 1091 1256 Naturae
1103 1197 1249 1257 Deorum·

58 1329 120 1386 que
141 1309 322 1385 interpretes
342 1310 454 1370 adorat.
474 1310 550 1369 Nam
571 1307 667 1369 sciunt
688 1310 788 1384 quod,
809 1307 923 1368 sublatd
942 1307 1250 1386 ignotantia,stupor,

57 1421 118 1482 hoe
147 1421 192 1482 est
220 1421 338 1482 unicum
368 1419 586 1500 argumentandi
614 1421 792 1498 tuendaque
820 1420 878 1482 suae
906 1419 1089 1482 auctoritatis
1107 1419 1252 1495 medium,

57 1534 143 1609 quod
176 1532 306 1609 habent,
337 1532 461 1594 tollitur.
501 1535 559 1595 Sed
590 1532 652 1594 haec
684 1532 838 1609 relinquo,
870 1547 901 1593 et
929 1535 966 1594 ad
993 1533 1042 1608 id,
1062 1534 1145 1609 quod
1164 1536 1250 1592 tertio

55 1647 126 1706 loco
147 1645 200 1706 hic
221 1663 307 1724 agere
328 1643 486 1719 constitui,
506 1663 609 1724 pergo.

96 1757 260 1834 Postquam
287 1756 422 1818 homines
448 1755 500 1817 libi
532 1755 752 1832 persuaserunt,
779 1756 894 1833 omnia,
922 1775 987 1834 quae
1016 1756 1107 1833 fiunt,
1128 1771 1252 1833 propter

58 1868 139 1946 ipsos
162 1869 244 1946 fieri;
265 1868 296 1930 id
317 1868 347 1930 in
369 1887 544 1946 unaquaque
564 1888 595 1931 re
616 1869 796 1947 precipuum
813 1867 946 1946 judicare
967 1872 1150 1944 debuerunt,
1168 1873 1251 1946 quod

61 1981 130 2058 ipsra
152 1981 346 2058 utilissimum,
368 1996 400 2042 et
419 1979 467 2043 illa
490 1981 588 2042 omnia
609 1981 832 2058 prestantissima
852 1981 1007 2058 estimare,
1027 2002 1044 2043 a
1065 1981 1174 2059 quibus
1194 2001 1249 2058 op-

60 2093 131 2154 time
163 2093 377 2155 afficiebantur.
418 2097 508 2156 Unde
535 2095 589 2156 har
615 2095 739 2155 formare
767 2097 932 2156 debuerunt
958 2094 1118 2169 notiones,
1144 2093 1252 2170 quibus

64 2225 162 2267 return
184 2221 304 2267 naturas
325 2205 521 2282 explicarent,
542 2205 654 2267 scilicet
674 2209 798 2282 Bonum,
819 2207 950 2283 Malum,
973 2208 1122 2282 Ordinem,
1144 2205 1251 2283 Confu-

60 2318 182 2394 ssunem,
215 2319 363 2394 Calidum,
394 2319 564 2394 Frigidum,
594 2317 861 2396 palchritudinem,
891 2335 922 2380 et
950 2319 1191 2396 Deformitatem.-
1220 2334 1252 2380 et

65 2431 136 2509 quia
159 2431 189 2493 se
209 2431 318 2493 liberos
339 2429 521 2508 existimant,
541 2431 610 2493 inde
629 2433 674 2493 hae
696 2432 836 2494 notiones
858 2446 930 2494 ortae
948 2431 1031 2509 sunt,
1048 2429 1252 2493 seilicetLaus

65 2560 94 2604 ct
117 2545 322 2623 Vituperirrm,
342 2544 491 2604 Peccatum
519 2560 550 2604 et
571 2545 735 2619 Meritum
764 2544 814 2605 sed
841 2546 893 2606 has
921 2544 1013 2621 infra,
1041 2544 1192 2621 postquam
1214 2547 1251 2606 de

64 2672 170 2717 natura
190 2655 316 2716 humana
336 2674 440 2734 egero,
461 2655 524 2716 illas
545 2671 641 2717 autem
663 2656 710 2717 hic
732 2656 862 2718 breviter
882 2656 1047 2733 explicabo.
1088 2658 1202 2733 Nempe
1220 2654 1251 2717 id

65 2785 172 2838 omne,
200 2768 283 2843 quod
304 2770 340 2827 ad
360 2768 558 2829 valetudinem
580 2782 611 2829 et
631 2768 688 2828 Dei
710 2770 823 2830 cultum
842 2768 1004 2844 conducit,
1024 2770 1149 2844 Bonum,
1169 2771 1252 2845 quod

65 2893 166 2939 autem
187 2877 225 2938 iis
245 2879 420 2939 contrarium
443 2879 500 2954 est,
520 2880 636 2941 Malum
658 2895 852 2942 vocaverunt.
872 2878 913 2942 Et
935 2880 1004 2958 quia
1024 2880 1064 2957 ii,
1085 2880 1136 2958 qui
1157 2898 1251 2943 rerum

66 3008 200 3051 naturam
228 3010 288 3051 non
316 2990 502 3070 intelligunt,
530 2990 601 3052 nihil
629 2994 666 3052 de
694 2994 781 3052 rebus
807 2992 965 3067 affirmant,
986 2992 1035 3054 sed
1056 3010 1102 3053 res
1122 3007 1251 3053 tantum·

65 3106 159 3165 modo
190 3102 399 3181 imaginantur,
430 3119 460 3165 et
490 3103 727 3183 imaginationem
759 3122 813 3181 pro
845 3104 995 3167 intellectu
1022 3104 1161 3181 capiunt,
1181 3104 1250 3167 ideo

67 3217 207 3275 Ordinem
227 3215 256 3277 in
278 3218 364 3277 rebus
386 3215 441 3277 else
462 3216 580 3278 firmiter
599 3220 742 3292 credunt,
763 3235 857 3279 rerum
878 3217 996 3294 suaeque
1017 3232 1127 3279 naturae
1150 3216 1251 3297 ignari.

65 3332 144 3391 Nam
165 3348 232 3390 curu
252 3328 293 3389 ita
315 3328 370 3389 srnt
391 3328 555 3405 disposita,
583 3344 633 3405 ut,
658 3348 724 3391 curn
746 3330 833 3391 nobis
855 3348 906 3405 per
926 3330 1025 3391 sensus
1045 3330 1252 3407 representan-

66 3430 135 3514 tur}
164 3458 214 3501 cat
246 3440 330 3503 facile
361 3440 527 3519 imaginari,
559 3457 588 3502 et
621 3442 837 3518 consequenter
867 3460 963 3503 earum
990 3442 1075 3502 facile
1107 3442 1251 3504 recordari

67 3554 223 3630 possimus,
244 3554 356 3615 easdem
377 3556 452 3615 bene
474 3553 639 3629 ordinatam
668 3554 688 3614 sr
711 3571 783 3617 vero
805 3569 925 3629 contra,
944 3554 1020 3630 ipsae
1040 3556 1114 3616 male
1134 3554 1250 3617 ordina-

67 3681 130 3740 tas,
158 3662 219 3727 sive
246 3663 380 3741 confusas
408 3664 463 3725 elle
490 3665 623 3727 dicimus.
664 3666 705 3726 Et
732 3664 871 3742 quoniam
892 3684 925 3726 ea
950 3665 1038 3727 nobis
1058 3684 1117 3743 prae
1138 3667 1251 3728 caetetis

67 3792 147 3855 grata
177 3776 262 3851 sunt,
289 3795 355 3853 quae
383 3777 467 3837 facile
495 3776 642 3856 imaginari
672 3776 837 3854 possumus,
865 3778 934 3839 ideo
961 3778 1095 3839 homines
1120 3778 1251 3840 ordinem

69 3889 235 3951 consersroni
257 3890 432 3967 praelerunt;
453 3890 532 3967 quest
553 3893 627 3952 ordo
649 3889 760 3967 aliquid
781 3888 811 3949 in
832 3891 945 3951 Natura
967 3907 1072 3966 praeter
1092 3891 1251 3968 respectum

70 4005 104 4063 ad
135 4000 261 4063 nostram
299 4000 535 4081 imaginationem
573 4002 661 4077 elset3
700 4001 862 4078 dicuntque
892 4004 989 4063 Deum
1020 4003 1117 4063 omnia
1148 4002 1251 4065 ordine

70 4111 192 4188 creasse,
224 4128 254 4173 et
284 4114 342 4174 hoc
372 4116 461 4175 modo
490 4113 541 4191 ipsr
570 4113 733 4175 nescientes
754 4114 822 4174 Deo
843 4113 1079 4194 imaginationem
1099 4114 1251 4191 tribuunt;

70 4226 119 4287 nisi
138 4228 234 4288 velint
252 4226 345 4302 sorte,
363 4227 475 4303 Deum,
491 4226 622 4289 humana
641 4225 841 4305 imaginationi
860 4226 1078 4303 providentem,
1095 4244 1252 4289 resomnes

70 4358 105 4399 eo
124 4336 294 4416 disposuisse
312 4340 418 4414 modo,
436 4358 496 4416 qno
514 4336 591 4416 ipsas
609 4337 743 4401 facillime
760 4337 908 4419 imaginati
925 4336 1056 4416 possent3
1072 4356 1126 4400 nec
1143 4358 1251 4401 moram
