2934 4900
388 324 525 401 Caput
556 327 607 387 lX.
647 329 692 387 De
715 326 915 389 Aristocrarin.
1187 343 1244 407 353

101 498 125 578 §.
147 500 182 559 11.
224 502 321 562 Urbes
349 502 449 579 itaque
456 547 466 577 ,
494 522 559 579 quae
589 502 729 566 Civitatis
748 502 813 579 jure
835 506 981 581 gaudent,
1002 503 1044 565 ita
1065 506 1193 567 condite
1214 521 1245 568 et

64 610 177 671 munitae
199 610 254 671 elle
276 615 443 689 debent,ut
456 632 638 691 unaquaeque
660 614 720 674 solu
742 614 800 675 fine
821 615 940 693 reliquis
962 614 1108 677 subsistere
1126 616 1244 693 quidem

64 740 118 782 non
140 725 241 800 possit,
267 726 317 787 sed
345 742 446 787 contrn
476 726 579 802 etium,
610 744 643 789 ut
665 746 680 787 a
703 726 822 804 reliquis
844 729 966 789 deficere
988 744 1114 805 nequeat
1135 731 1244 807 absque

63 850 162 911 niagno
194 836 289 897 totius
320 837 431 913 imperii
463 839 656 914 detrimento;
689 839 747 899 hoc
780 840 856 899 enim
889 842 979 901 modo
1011 840 1122 917 semper
1153 840 1243 902 unitae

63 950 225 1008 monebunt.
265 950 307 1009 At
337 969 401 1026 quae
431 950 471 1011 ita
499 951 666 1012 constitutur
690 951 775 1026 sunt,
796 966 830 1012 ut
852 970 906 1013 nec
929 953 958 1013 se
980 953 1168 1029 conservare,
1189 972 1243 1014 nec

60 1059 173 1136 reliquis
194 1062 342 1123 formidini
363 1063 417 1124 else
440 1080 565 1140 queant,
588 1082 629 1124 eae
653 1065 717 1124 sanc
741 1082 800 1123 non
826 1063 885 1139 sui,
909 1065 958 1125 sed
979 1065 1152 1142 reliquarum
1169 1065 1243 1143 juris

61 1173 188 1236 obsolute
210 1174 285 1236 sernr.

97 1286 123 1366 §.
144 1288 196 1347 111.
236 1288 310 1369 Quae
333 1302 429 1349 autem
451 1290 515 1349 Art.
536 1306 565 1365 9.
588 1304 618 1348 er
643 1304 688 1348 10.
710 1307 796 1363 praec.
818 1287 893 1363 Cap.
912 1287 1243 1365 ostendimus,cxcom-

59 1398 133 1457 muni
163 1398 276 1474 imperii
307 1398 506 1460 Aristocrntici
538 1416 640 1461 nutura
673 1402 876 1475 deducuntur;
907 1415 940 1461 ut
969 1416 998 1460 ct
1028 1401 1104 1461 ratio
1132 1403 1243 1463 numeri

58 1510 246 1572 Patriciorum
268 1514 473 1573 adnumerum
496 1511 709 1587 multitudinis,
736 1527 766 1572 et
789 1506 884 1595 qualis
905 1530 1005 1573 eorum
1028 1528 1097 1573 aetas
1119 1528 1149 1572 et
1170 1531 1242 1573 con·

58 1621 130 1681 ditio
159 1622 215 1683 esse
243 1626 366 1697 debent,
395 1624 445 1699 qui
476 1622 592 1683 Patricii
622 1622 688 1684 sunt
710 1622 845 1698 creandi;
866 1623 907 1683 ita
929 1638 963 1683 ut
985 1625 1063 1685 nulla
1083 1625 1158 1684 circa
1178 1626 1242 1685 haec

58 1734 121 1795 oriri
142 1737 228 1811 possit
250 1734 429 1809 differentia,
451 1734 509 1798 sive
531 1734 680 1811 imperium
703 1753 777 1810 rena,
806 1734 865 1797 sive
885 1736 983 1811 plures
1005 1738 1090 1797 urbes
1110 1752 1240 1798 teneant.

57 1849 94 1907 At
121 1847 246 1925 supremi
276 1846 404 1908 Concilii
426 1848 479 1907 alia
502 1848 549 1907 hic
570 1848 659 1907 debet
681 1845 737 1906 esse
759 1845 844 1905 ratio.
885 1848 980 1922 Nam,
1000 1846 1019 1906 sr
1042 1864 1107 1922 quae
1129 1847 1242 1922 imperii

57 1961 132 2020 Urbs
164 1962 298 2036 suprem'o
329 1959 397 2021 huic
428 1958 564 2019 Concilio
596 1960 802 2036 congregando
834 1957 1041 2033 destinaretur,
1063 1928 1124 2018 illa.
1140 1976 1239 2022 revere

18 2114 19 2125 i
55 2070 140 2145 ipsius
173 2072 286 2147 imperii
317 2086 406 2146 caput
438 2070 524 2145 elsct;
557 2086 646 2146 utque
675 2073 749 2131 adeo
778 2071 827 2133 vel
854 2069 936 2132 vices
965 2058 1112 2133 servande
1134 2070 1242 2148 essent,

57 2186 101 2243 vel
121 2184 189 2245 ralis
210 2186 293 2243 locus
313 2181 381 2243 huic
404 2182 540 2242 Concilio
562 2180 632 2242 esset
653 2180 846 2259 designandus
854 2182 927 2257 ,qui
949 2181 1090 2243 Civitatis
1108 2182 1158 2259 jus
1179 2200 1239 2243 non

54 2294 173 2371 habeat,
196 2295 305 2372 quique
328 2297 364 2355 nd
387 2312 487 2353 onrnes
509 2312 592 2369 uque
615 2293 769 2368 pertineat.
805 2293 863 2354 Sed
884 2309 942 2352 tum
963 2294 1022 2353 hoc
1043 2313 1129 2370 qnam
1150 2294 1240 2370 illud,

54 2422 83 2467 ut
104 2408 185 2470 disiu
207 2408 308 2482 fircile,
329 2407 369 2468 itn
393 2408 471 2468 sustu
493 2404 611 2468 difficile
633 2406 691 2481 est,
721 2421 754 2466 ut
776 2404 887 2466 scilicet
909 2422 957 2467 tot
978 2406 1128 2468 hominum
1150 2406 1238 2468 millia

53 2535 129 2580 extra
158 2523 258 2583 Urbes
286 2519 361 2595 saepe
390 2519 448 2592 ire,
476 2519 523 2580 uel
553 2534 586 2578 nt
610 2518 669 2593 jnm
698 2518 756 2577 hoc
774 2518 834 2594 J'am
856 2517 914 2578 alio
935 2518 965 2577 in
986 2520 1056 2578 loco
1078 2519 1237 2581 convenire

53 2633 185 2693 debcant.

88 2742 113 2822 §.
134 2745 188 2804 IV.
231 2745 339 2802 Verum
371 2757 404 2802 ut
436 2745 529 2816 recle,
560 2742 632 2818 quid
665 2741 694 2800 in
725 2741 780 2801 hnc
809 2760 839 2802 re
867 2741 927 2801 fieri
950 2755 1104 2816 oportent,
1126 2756 1155 2801 et
1177 2760 1236 2817 qun

52 2855 159 2915 ratione
187 2855 276 2931 liujus
303 2855 415 2930 imperii
445 2853 578 2914 Concilio
607 2853 782 2914 instituenda
813 2852 884 2928 srnr,
912 2851 1058 2929 exipsius
1079 2867 1183 2912 natura
1204 2869 1234 2913 et

52 2968 220 3028 conditione
242 2968 417 3028 concludere
439 2967 590 3042 possimus,
612 2965 674 3024 haec
697 2964 903 3026 consrderandn
924 2964 1007 3024 sunt:
1030 2983 1133 3040 nempe
1151 2967 1233 3039 quod

51 3093 230 3155 unaquoque
251 3079 331 3138 Urbs
352 3093 438 3137 tanto
461 3078 526 3152 plus
544 3076 619 3152 juris
647 3095 732 3152 qunm
756 3077 801 3137 vir
821 3075 955 3152 privatus
976 3075 1101 3147 habeat,
1121 3090 1234 3150 quanto

51 3185 109 3248 viro
136 3189 256 3265 privato
285 3188 438 3264 potentior
466 3189 507 3248 est
536 3187 606 3267 (per
634 3189 704 3248 Art.
726 3208 755 3267 4.
779 3189 850 3266 Cap.
871 3189 932 3266 2.);
961 3202 990 3248 et
1019 3187 1234 3262 consequenter

51 3317 227 3379 unaquaeque
255 3301 342 3378 hujus
371 3301 483 3377 imperii
509 3303 590 3363 Urbs
620 3301 700 3379 (udde
728 3301 799 3361 Art.
828 3318 856 3360 2.
885 3299 972 3375 nujus
1002 3301 1089 3379 Cap.)
1118 3313 1232 3360 tantum

18 3459 19 3468 ,
46 3406 113 3482 juris
140 3414 214 3476 intra
243 3414 364 3489 muenia,
393 3413 442 3474 seu
470 3412 527 3474 sue
553 3413 765 3490 jurisdidlionis
793 3412 917 3487 limites,
938 3413 1062 3486 habent,
1089 3428 1230 3488 quantum

49 3526 146 3594 potest.
188 3526 321 3601 Deinde,
354 3529 434 3602 quod
466 3545 567 3587 omnes
601 3530 686 3587 urbes
718 3545 778 3586 non
811 3541 845 3586 ut
876 3527 1101 3599 confoederaret,
1126 3524 1176 3586 sed
1197 3541 1230 3586 ut

48 3655 131 3698 unum
149 3640 299 3716 imperium
318 3639 546 3715 constituentes,
564 3640 690 3704 invicem
713 3640 830 3701 sociatae
849 3656 879 3700 et
898 3639 988 3700 unitae
1010 3639 1078 3714 stnt;
1100 3639 1151 3700 sed
1173 3639 1228 3714 ita,

49 3765 78 3808 ut
99 3771 282 3830 unaquaeque
304 3755 372 3813 urbs
394 3767 479 3812 tanto
502 3753 567 3827 plus
585 3751 659 3827 juris
681 3751 710 3812 in
733 3751 883 3826 imperium
902 3771 988 3828 quam
1009 3752 1127 3828 reliquae
1149 3751 1229 3812 obti-

18 3885 19 3890 1
50 3875 129 3936 nent,
151 3879 264 3939 quanto
284 3863 404 3940 reliquis
425 3863 465 3924 est
486 3863 653 3940 potentior;
675 3882 741 3924 num
763 3863 813 3939 qui
835 3862 911 3923 inter
932 3863 1088 3940 inaequales
1110 3863 1228 3939 aequali-

51 3985 134 4032 tatem
155 3975 280 4051 quaerit,
301 3975 453 4037 absurdum
477 3976 547 4052 quid
570 3977 684 4054 quaerit.
726 3976 817 4038 Cives
839 3975 956 4052 quidem
977 3978 1103 4052 aequales
1125 3974 1229 4036 merito

17 4064 20 4077 ’
52 4082 236 4162 aellirnnntur,
257 4088 325 4164 quia
348 4087 575 4165 uniuscnjusque
597 4089 733 4166 potentin
756 4107 821 4149 curn
843 4088 979 4164 potentia
1001 4087 1097 4149 totius
1117 4086 1229 4163 imperii

52 4209 210 4270 comparatu
231 4198 338 4260 nullius
360 4198 400 4259 est
422 4197 672 4262 considerationis.
704 4202 748 4260 At
769 4200 850 4261 urbis
871 4199 1071 4276 cujuscunque
1092 4199 1230 4276 potentia

52 4321 174 4384 ungriam
203 4327 312 4386 partem
341 4313 482 4388 potentia·
511 4313 599 4389 ipsius
627 4313 740 4390 imperii
768 4312 938 4388 constituit,
965 4329 994 4373 ct
1017 4331 1053 4373 eo
1075 4313 1230 4389 majorem,

1097 4423 1129 4469 23
