2934 4900
342 302 831 382 Theologico·Politici
872 301 946 380 Cap.
968 303 1079 366 XVIII.
1243 305 1301 383 587

116 482 257 557 decreta,
284 495 351 557 quae
378 478 496 556 decepti
523 478 657 542 Pharisaei
684 479 768 558 (qui,
796 495 830 542 ut
848 479 995 561 Josephus
1015 481 1045 542 in
1065 480 1305 559 Antiquitatibus

115 592 228 668 habet,
257 609 295 652 ex
326 591 473 654 communi
504 593 590 669 plebe
621 591 746 654 maxime
775 592 961 672 constabant)
988 593 1163 655 traditiones
1188 607 1304 671 patrum

116 707 289 782 vocabant,
318 705 437 767 minim
466 705 655 770 custodienda
686 705 752 767 else.
793 706 943 788 Quicquid
973 706 1078 782 fuerit,
1105 708 1187 768 nullo
1214 709 1304 770 modo

119 813 272 891 pollumus
302 813 454 891 dubitare,
485 814 556 891 quin
586 810 763 877 Pontificum
794 815 941 892 adulatio,
970 815 1120 895 religionis
1149 833 1180 878 et
1209 819 1305 896 legum

120 925 294 1003 corruptio,
321 927 482 1004 harumque
510 927 690 989 incredibilis
710 928 927 1007 augmentatio,
948 945 1080 1008 magnam
1100 933 1255 994 admodum
1276 945 1307 993 et

119 1043 306 1119 frequentem
337 1038 520 1102 occaiionem
550 1041 685 1104 dederint
715 1040 967 1118 disputationibus
995 1057 1026 1104 et
1046 1043 1307 1121 altercationibus,

120 1172 191 1230 quae
217 1171 366 1231 nunquam
395 1153 535 1230 componi
563 1167 746 1230 potuerunt3
774 1171 839 1215 nam
860 1155 911 1215 ubi
932 1154 1065 1216 homines
1086 1158 1188 1218 ardore
1207 1154 1307 1234 supcr-

119 1264 268 1343 stitionis,
294 1265 460 1345 magistratu
488 1267 653 1328 alterutram
681 1281 793 1343 partem
814 1265 973 1344 adjuvante
980 1311 990 1345 ,
1010 1267 1123 1347 litigare
1144 1267 1290 1345 incipiunt
1297 1312 1307 1344 ,

120 1393 308 1454 nequaquam
328 1377 419 1438 sedari
438 1376 573 1453 poliunt,
594 1377 643 1445 sed
663 1377 820 1440 necessario
840 1378 871 1440 in
892 1379 982 1442 sedlas
1001 1379 1185 1444 dividuntur.

165 1489 202 1549 11.
242 1503 350 1550 notatu
380 1489 500 1568 dignum
532 1491 593 1566 est,
625 1493 708 1568 quod
742 1491 918 1569 Prophetae,
948 1491 1005 1554 viri
1033 1491 1144 1554 scilicet
1175 1491 1308 1570 privati,

121 1601 259 1663 libertate
290 1599 340 1662 sua
370 1601 528 1678 monendi,
557 1601 746 1684 increpandi,
767 1617 798 1664 et
818 1603 1032 1681 exprobrandi,
1062 1603 1196 1667 homines
1216 1605 1307 1684 magis

120 1714 312 1777 irritaverunt
341 1731 428 1790 quam
446 1730 666 1792 .correxerunt;
697 1715 749 1792 qui
780 1729 932 1792 tamen,a
958 1715 1091 1797 Regibus
1123 1716 1228 1778 moniti
1259 1718 1307 1779 vel

122 1827 272 1907 castigati,
291 1827 378 1888 facile
398 1828 598 1890 flectebantur.
639 1828 702 1891 Imo
723 1827 875 1907 Regibus,
900 1828 987 1890 etiam
1007 1828 1082 1905 piis,
1102 1827 1179 1905 saepe
1199 1827 1307 1890 intole-

122 1940 228 2004 rabiles
248 1941 383 2017 fuerunt,
402 1955 526 2019 propter
546 1940 770 2018 authoritatem,
791 1959 877 2019 quam
894 1941 1035 2018 habeant,
1049 1941 1216 2018 judicandi,
1234 1941 1307 2019 quid

122 2053 174 2131 pie
200 2054 249 2116 vel
276 2051 365 2130 impie
392 2054 500 2116 fastum
528 2052 614 2131 esset,
641 2068 672 2115 et
699 2054 748 2116 vel
768 2055 869 2132 Reges
888 2053 968 2129 ipsos
988 2051 1163 2132 castigandi,
1182 2052 1203 2112 ii
1225 2054 1308 2129 quod

124 2165 278 2246 negotium
298 2166 449 2243 publicum
471 2169 518 2230 vei
539 2167 687 2244 privatum
708 2183 812 2228 contra
838 2184 939 2228 eorum
956 2164 1101 2243 judicium
1121 2183 1205 2244 agere
1226 2164 1307 2228 susti·

124 2281 244 2342 nebant.
285 2282 354 2340 Rex
382 2280 441 2340 Asa
448 2324 458 2356 ,
486 2279 538 2357 qui
565 2298 602 2340 ex
630 2279 798 2342 testimonio
819 2279 976 2356 scripturae
997 2277 1046 2355 pie
1067 2277 1217 2357 regnavit,
1238 2295 1307 2354 pro·

124 2392 243 2469 phetam
273 2390 436 2454 Hananiam
466 2390 497 2454 in
528 2391 679 2469 pistrinum
710 2391 793 2455 dedit
826 2391 911 2471 (vide
932 2409 961 2453 a.
988 2390 1112 2467 Patalip.
1140 2391 1308 2471 cap.16.),

125 2504 194 2582 quia
224 2504 318 2580 ipsum
347 2504 437 2565 libere
467 2505 678 2581 reprehendere
709 2520 740 2567 et
770 2505 918 2582 increpare
946 2503 1095 2581 sustinuit,
1123 2505 1164 2565 ob
1191 2504 1306 2579 padum

124 2634 191 2679 cum
211 2618 294 2697 Rege
314 2616 459 2679 Arneniae
480 2618 604 2693 facium
624 2632 655 2678 et
675 2632 780 2695 praeter
792 2616 858 2679 'hoc
880 2616 935 2679 alia
955 2616 1140 2694 reperiuntur
1160 2616 1308 2691 exempla,

124 2747 192 2806 quae
218 2729 392 2807 ostendunt,
418 2728 589 2809 religionem
616 2732 682 2806 plus
710 2729 878 2792 detrimenti
899 2748 984 2807 quam
1006 2728 1177 2790 incrementi
1198 2745 1235 2788 ex
1256 2725 1307 2787 tali

123 2842 259 2903 libertate
280 2840 436 2919 accepisse3
456 2858 491 2904 ut
507 2842 568 2920 iam
589 2857 715 2920 taceam,
737 2846 820 2920 quod
839 2842 909 2905 hinc
932 2842 1033 2920 etiam,
1052 2845 1134 2920 quod
1151 2840 1306 2918 Prophete

124 2969 239 3017 tantum
258 2954 311 3015 fibi
328 2954 379 3033 jus
398 2954 589 3032 retinuerint,
608 2974 712 3035 magna
732 2956 808 3017 bella
829 2954 930 3019 civilia
951 2972 1017 3019 orta.
1036 2955 1156 3017 fuerint.

164 3067 216 3129 111.
237 3066 356 3147 dignum
378 3066 464 3129 etiam
485 3082 519 3129 ut
539 3083 661 3131 notetur
681 3068 739 3139 est,
761 3070 860 3145 quod,
882 3067 1021 3145 quamdiu
1039 3068 1169 3144 populus
1186 3084 1306 3147 regnum

124 3176 239 3254 tenuit,
266 3193 326 3238 non
353 3176 404 3238 nlfi
432 3195 523 3238 unum
544 3178 651 3239 bellum
671 3176 760 3239 civile
780 3176 932 3253 habuerit;
953 3178 1034 3253 quod
1055 3192 1152 3237 tamen
1173 3175 1306 3237 absolute

124 3288 286 3351 extinctum
312 3288 387 3366 fuit,
414 3302 444 3349 et
471 3288 598 3351 viatores
624 3289 769 3351 vidiorum
796 3287 838 3349 ita
867 3286 975 3349 miserti
1001 3285 1085 3364 sunt,
1109 3302 1144 3349 ut
1170 3287 1306 3349 omnibus

124 3399 222 3461 modis
240 3400 424 3477 curaverint,
445 3401 562 3463 eosdem
583 3400 615 3462 in
635 3400 786 3477 antiquam
808 3400 887 3462 suam
906 3400 1078 3479 dignitatem
1095 3414 1126 3460 et
1143 3398 1308 3476 potentiam

123 3512 283 3574 restituere.
324 3515 387 3592 At,
407 3512 561 3591 postquam
582 3514 731 3589 populus,
757 3511 875 3591 regibus
895 3512 1011 3573 minime
1032 3510 1176 3589 alluetus,
1195 3510 1308 3589 imperii

123 3625 244 3704 primam
266 3626 386 3686 formam
407 3624 438 3685 in
458 3624 672 3686 monarchicam
692 3623 838 3701 mutavit,
866 3622 1005 3687 civilibus
1024 3622 1109 3685 bellis
1130 3624 1227 3687 nullus
1247 3625 1307 3685 iere

123 3737 191 3799 linis
218 3736 293 3814 fuit,
320 3751 350 3797 et
378 3736 479 3812 prtelia
507 3738 582 3825 adeo
610 3737 722 3798 atrocia
750 3736 972 3814 commiserunt,
999 3751 1033 3799 ut
1054 3737 1182 3799 omnium
1203 3740 1306 3799 famam

124 3850 378 3927 exsuperaverin13
398 3850 429 3911 in
450 3867 512 3912 uno
540 3849 617 3911 enim
636 3850 742 3926 proelio
764 3850 860 3929 (quod
881 3851 966 3913 fidem
988 3852 1048 3912 iere
1069 3850 1200 3930 superat)
1221 3850 1306 3927 quin-

124 3978 213 4043 genta
243 3961 331 4024 millia
362 3960 553 4024 Israelitarum
583 3962 681 4023 necati
711 3961 778 4024 sunt
807 3982 824 4023 a
848 3960 975 4042 Judaeis3
1003 3976 1033 4024 et
1061 3962 1090 4023 in
1119 3962 1177 4023 alio
1205 3979 1308 4025 contra

124 4074 260 4135 Israelita
290 4075 459 4155 Judaeorum
495 4075 605 4135 multos
642 4073 790 4135 trucidant
825 4073 975 4152 (numerus
1005 4073 1036 4135 in
1066 4074 1216 4151 Scriptura
1246 4092 1307 4137 non

124 4185 281 4265 traditur),
307 4183 402 4262 ipsum
429 4188 541 4265 Regem
569 4186 708 4264 capiunt,
736 4184 949 4266 Hierosolymae
977 4203 1088 4249 murum
1116 4187 1176 4248 fere
1204 4187 1305 4249 demo·

124 4296 253 4375 liuntur,
280 4312 310 4358 et
337 4296 430 4373 ipsum
459 4297 612 4373 Templum
639 4298 688 4376 (ut
708 4298 757 4359 irae
777 4299 888 4360 nullum
910 4299 1028 4361 modum
1048 4294 1133 4361 fuisse
1153 4297 1304 4377 noscatur)
