2934 4900
335 334 833 414 Theologico·Politici
856 334 929 411 Cap.
950 336 1004 396 IV.
1213 346 1271 416 425

76 509 198 587 mavit,
218 510 365 589 ultiones,
386 528 508 589 quatum
529 510 606 573 ratio
627 526 746 588 captum
767 510 924 574 humanum
945 512 1072 590 superat.
1093 512 1176 574 Nihil
1196 514 1273 575 enim

77 626 201 687 Lumen
231 626 373 687 Naturale
404 624 514 704 exigit,
544 627 627 702 quod
657 624 751 701 ipsum
781 625 880 687 lumen
911 642 970 686 non
1002 624 1139 704 attingit,
1166 625 1217 687 sed
1244 626 1275 687 id

78 749 218 809 tantum,
245 737 327 811 quod
354 734 442 797 nobit
464 734 610 797 clatillime
631 734 759 797 indicare
782 736 896 813 potest,
917 740 1046 813 bonum,
1066 736 1127 801 stre
1148 738 1273 801 medium

80 851 124 911 ad
151 849 274 911 nostram
302 848 515 911 beatitudinem
537 847 610 924 elle3
630 866 697 926 quae
718 864 816 911 autern
839 868 875 911 ex
898 848 962 912 solo
983 852 1122 911 mandato
1143 866 1174 911 et
1194 849 1274 912 insti-

80 974 156 1023 tuto
176 962 256 1023 bona
275 961 359 1037 sunt,
380 962 428 1023 vel
449 978 487 1021 ex
507 978 566 1037 eo,
587 963 670 1038 quod
690 960 814 1039 alicujus
835 960 907 1023 boni
928 960 984 1023 srnt
1004 962 1277 1039 tepraesentamina,

81 1094 120 1135 ea
141 1075 269 1137 nostrum
295 1073 473 1137 intellectum
501 1074 639 1151 perficere
667 1090 837 1151 nequeunt,
858 1093 913 1137 nec
934 1072 1013 1137 aliud
1033 1073 1086 1136 nili
1106 1092 1190 1137 mera
1212 1094 1274 1137 um-

81 1191 145 1249 brae
166 1186 251 1264 sunt,
270 1206 325 1249 nec
345 1186 423 1249 inter
441 1187 589 1263 actiones,
610 1186 775 1265 quoequali
793 1187 891 1263 proles
908 1202 959 1249 aut
978 1188 1088 1251 nunus
1108 1187 1275 1252 intelledlua

83 1318 117 1363 et
147 1301 222 1363 sana:
253 1299 360 1363 mentia
391 1301 476 1377 sunt,
507 1301 650 1363 numerari
681 1299 811 1378 poliunt.
851 1300 943 1383 Quod
970 1300 1018 1361 hic
1046 1318 1106 1362 non
1135 1318 1212 1377 oput
1233 1302 1274 1363 ell

84 1409 231 1487 prolixius
261 1410 421 1473 ostendere.
462 1410 516 1472 lV.
548 1409 677 1488 denique
707 1410 861 1487 videmus,
892 1410 1031 1473 summum
1061 1409 1134 1490 legis
1165 1411 1274 1475 divina

84 1522 235 1599 premium
263 1522 340 1600 ell'e,
369 1520 458 1600 ipsam
479 1524 589 1602 legem,
617 1540 721 1599 nempe
742 1524 856 1599 Deum,
876 1520 1070 1600 cognoscere,
1091 1540 1216 1600 eumque
1237 1542 1275 1585 ex

84 1656 156 1701 vera
174 1637 327 1714 libertate,
348 1652 379 1699 et
400 1635 499 1699 animo
520 1634 637 1716 integro
659 1651 690 1698 et
710 1634 880 1712 constante,
901 1652 1011 1711 amare;
1028 1652 1145 1713 poenam
1162 1651 1275 1711 autem,

83 1751 189 1811 horum
217 1749 414 1827 privationem
442 1766 473 1813 et
499 1748 596 1811 carnia
621 1748 811 1823 servitutem,
835 1748 895 1811 live
915 1747 1041 1811 animum
1062 1748 1273 1812 inconstantem

83 1879 116 1925 et
137 1864 339 1927 fluduantem.

127 1975 184 2037 Hit
203 1974 241 2037 stc
263 1975 377 2039 notatio
396 1974 603 2053 inquirendum
622 1975 682 2053 jam
701 1976 761 2052 eli,
779 1976 802 2037 1.
815 1993 884 2037 num
894 1975 1018 2037 Lumine
1029 1974 1163 2037 Naturali
1173 1974 1273 2036 conci-

84 2106 155 2164 pere
175 2086 325 2165 possumus
344 2088 462 2163 Deum,
481 2084 576 2150 veluti
596 2086 788 2166 legissatorem
811 2100 862 2147 aut
883 2086 1061 2163 principem,
1080 2087 1160 2166 leges
1179 2084 1273 2147 ltomi-

83 2198 173 2261 nibus
201 2198 451 2276 praescribentem
482 2199 520 2260 11.
552 2198 625 2276 quid
651 2199 739 2259 Sacra
768 2196 918 2275 Scriptura
939 2200 975 2259 de
996 2197 1120 2261 Lumine
1151 2214 1182 2259 et
1209 2199 1273 2278 lege

82 2314 140 2373 lrac
167 2312 292 2373 naturali
319 2314 444 2388 doceat3
474 2312 527 2373 lll.
546 2329 634 2389 quem
657 2313 694 2372 ad
714 2311 806 2390 finem·
823 2309 1003 2372 carentoniae
1034 2311 1104 2373 olim
1133 2310 1273 2373 instituta

84 2424 223 2500 fuerunt3
269 2425 323 2486 tv.
357 2424 502 2502 denique,
528 2422 602 2502 quid
627 2424 736 2486 referat
764 2423 855 2486 sacras
884 2422 1017 2486 historias
1049 2422 1137 2500 scire,
1169 2438 1199 2484 et
1230 2422 1274 2486 eis

85 2539 228 2602 credere?
248 2541 294 2602 De
314 2539 415 2617 primia
437 2541 556 2601 duobus
573 2539 604 2600 in
622 2538 681 2600 hoc
700 2537 825 2615 Capite,
847 2541 883 2600 de
906 2540 1023 2600 duobus
1045 2553 1142 2601 autem
1164 2536 1274 2600 ultimis

85 2651 117 2713 in
138 2651 279 2729 sequente
300 2670 392 2731 agam.

125 2763 209 2846 Quid
238 2765 314 2826 circa
340 2767 468 2844 primam
497 2764 682 2826 statuendum
713 2763 765 2839 lit,
798 2763 883 2826 facile
915 2762 1072 2826 deducitur
1102 2781 1140 2824 ex
1171 2779 1274 2826 natura

86 2876 252 2940 voluntatis
272 2875 346 2954 Dei,
367 2877 529 2954 quaeaDei
545 2875 697 2939 intelledlu
715 2894 776 2938 non
795 2875 846 2938 nisr
864 2875 996 2952 respectu
1014 2875 1117 2938 nostra
1135 2875 1276 2938 Rationis

86 2989 290 3069 distinguitur,
319 2989 379 3051 hoc
410 2989 467 3067 est,
496 2989 554 3050 Dei
585 2989 728 3052 voluntat
749 3003 779 3048 et
801 2987 857 3048 Dei
889 2987 1053 3050 intellectus
1074 2986 1105 3048 in
1126 2985 1155 3046 se
1175 3003 1276 3050 revera

87 3118 178 3162 unum
205 3114 236 3162 et
263 3101 340 3162 idem
369 3101 452 3177 sunt,
473 3119 527 3162 nec
549 3101 768 3180 distinguuntur
789 3097 840 3161 nili
861 3099 993 3176 respedlu
1013 3097 1172 3160 nostrarum
1193 3097 1275 3176 cogi·

87 3212 252 3291 rationum,
273 3233 347 3292 quas
369 3217 406 3275 de
426 3214 482 3275 Dei
504 3215 656 3276 intellediu
677 3215 844 3276 formamus.
865 3210 1000 3288 Exempli
1022 3210 1129 3290 gratia,
1150 3229 1216 3274 cum
1238 3213 1275 3274 ad

87 3325 146 3386 hoc
167 3338 282 3388 tantum
303 3325 502 3404 attendimus,
531 3328 614 3403 quod
634 3340 738 3388 natura
755 3324 911 3404 Trianguli
932 3324 962 3386 in
984 3339 1086 3386 natura
1107 3323 1217 3387 Divina
1238 3326 1274 3386 ab

88 3454 199 3498 aeterno
229 3437 401 3500 continetur
432 3455 571 3516 tanquam
602 3454 711 3500 aeterna
743 3438 853 3502 veritat
865 3483 874 3514 ,
911 3453 974 3499 tum
1006 3434 1149 3512 dicimus,
1178 3438 1275 3499 Deum

88 3547 226 3629 trianguli
254 3549 349 3612 ideam
376 3549 500 3628 habere,
528 3550 589 3614 live
611 3567 741 3613 naturam
764 3549 900 3630 trianguli
919 3547 1090 3628 intelligere.
1130 3549 1189 3610 Sed
1209 3567 1275 3610 cum

88 3659 190 3736 postea
217 3664 254 3723 ad
280 3663 339 3725 hoc
360 3663 557 3740 attendimus,
577 3665 661 3742 quod
681 3679 785 3726 natura
806 3661 942 3741 trianguli
964 3660 1002 3722 lic
1023 3662 1053 3723 in
1074 3675 1178 3723 natura
1197 3661 1274 3724 divi-

88 3792 126 3834 na
153 3773 325 3837 continetur
345 3795 383 3838 ex
410 3775 470 3838 sola
500 3777 665 3838 neceffitate
686 3775 795 3838 divinae
816 3791 946 3852 natura,
966 3791 997 3836 et
1018 3792 1079 3837 non
1100 3793 1138 3836 ex
1158 3776 1274 3836 necellt·

88 3901 151 3946 tate
180 3884 308 3948 ellentiae
336 3902 366 3949 et
396 3903 506 3949 natura
535 3888 690 3968 trianguli3
716 3889 795 3964 imo,
823 3889 904 3964 quod
926 3888 1074 3949 necellttas
1095 3885 1221 3950 ellentiae
1244 3903 1275 3949 et

89 3997 304 4074 proprietatum
336 3999 491 4079 trianguli,
522 4016 669 4078 quatenus
700 3999 788 4062 etiam
819 4015 853 4063 ut
875 4015 989 4062 aeternae
1011 3999 1151 4063 veritates
1172 4001 1273 4062 conci·

90 4111 228 4188 piuntut,
255 4131 272 4172 a
302 4112 361 4173 sola
389 4114 555 4175 neceffitate
575 4112 684 4176 divinae
705 4129 817 4174 naturae
839 4129 869 4174 et
890 4112 1054 4174 intellectus
1075 4114 1221 4189 pendeat,
1242 4129 1273 4176 et

91 4243 151 4284 non
174 4241 211 4284 ex
232 4239 334 4285 natura
356 4225 509 4304 trianguli3
530 4242 592 4287 tum
613 4225 645 4288 id
665 4225 776 4303 ipsum,
797 4227 878 4303 quod
905 4225 961 4288 Dei
982 4225 1160 4288 intellectum
1182 4245 1273 4290 voca·

88 4336 199 4414 vimus,
225 4335 284 4398 Dei
313 4337 496 4399 voluntatem
526 4337 585 4402 stve
613 4341 762 4402 decretum
791 4339 980 4417 appellamus.
1021 4339 1119 4423 Quare
1141 4339 1273 4422 relpedtt
