2934 4900
210 294 268 369 388
684 290 920 365 Tractatus

208 484 257 525 eor
272 478 380 544 purum
399 483 466 524 crea
486 461 559 523 ntihi
576 464 671 536 Deus,
699 476 726 521 ee
753 462 893 539 Spiritum
923 458 967 537 (id
989 458 1029 519 est
1050 459 1229 537 appetitum)
1252 462 1393 519 decentem

209 576 282 653 (save
302 577 497 656 moderatum)
525 581 557 635 in
583 594 625 635 me
653 592 778 645 renova,·
804 593 859 633 non
886 590 929 631 me
955 572 1041 647 rejice
1061 592 1075 631 e
1096 586 1142 631 tuo
1164 573 1322 651 conspedu,
1345 592 1395 631 nec

207 701 324 748 nentem
343 702 399 749 tue
412 686 584 763 [audieatis
604 707 641 747 ex
661 705 703 745 me
722 700 800 765 cape.
841 684 918 766 Quia
940 699 1062 761 peccata
1084 703 1120 744 ex
1142 684 1201 744 sula
1223 703 1309 745 carne
1320 683 1393 743 oriri

209 802 417 876 credebantur,
454 819 535 862 mene
574 816 670 862 autem
702 818 761 860 non
793 798 844 859 nisa
876 801 986 859 bonum
1019 797 1155 873 suadere,
1187 798 1254 858 ideo
1288 816 1395 857 eontra

210 912 303 973 carnis
324 913 488 990 appetitum
509 913 564 974 Dei
593 912 732 974 auxilium
762 911 899 985 invocat,
922 927 1044 971 mentem
1067 926 1180 987 autem,
1202 930 1287 987 quant
1308 914 1396 973 Deus

208 1028 329 1089 Sentius
350 1026 402 1103 ipit
423 1028 522 1101 dedit,
541 1044 557 1085 a
578 1026 644 1085 Deo
665 1022 829 1085 conservari
851 1038 963 1084 tantum
985 1040 1128 1100 precatur.
1149 1026 1228 1103 Jam,
1251 1024 1394 1099 quoniam

208 1139 355 1214 Scriptura
375 1141 469 1201 Deum
489 1138 575 1199 instar
594 1136 721 1197 hominis
743 1134 916 1213 depingere,
935 1137 1061 1211 Deoque
1084 1152 1225 1210 mentem,
1247 1134 1397 1210 animum,

209 1250 354 1328 animique
382 1252 518 1324 affedus,
546 1266 578 1311 ut
606 1265 636 1310 et
662 1248 749 1309 etiam
778 1266 885 1324 corpus
907 1264 936 1309 et
956 1248 1076 1309 halitum
1101 1248 1245 1323 tribuere,
1266 1264 1394 1323 propter
1461 1269 1464 1280 ·

208 1363 289 1441 vulgi
319 1362 559 1438 imbecillitatem,
591 1363 681 1437 solet;
710 1362 778 1421 ideo
812 1377 890 1433 niti*
920 1378 981 1431 llll
1008 1362 1136 1439 Spiritus
1166 1363 1224 1421 Dei
1244 1360 1273 1420 in
1295 1360 1394 1421 Sacris

208 1477 283 1555 sape
305 1478 457 1552 usurpatur
476 1494 531 1553 pro
553 1491 665 1551 mente,
685 1475 796 1537 scilicet
817 1476 931 1549 animo,
953 1474 1075 1551 affeetu,
1096 1474 1147 1549 vi,
1167 1490 1196 1535 et
1217 1474 1311 1535 halitu
1329 1476 1394 1537 oris

208 1590 275 1650 Dei.
315 1590 362 1651 Sic
390 1588 489 1650 Esaias
514 1608 578 1666 cap.
603 1609 651 1669 40.
679 1588 752 1649 vers.
785 1605 831 1666 13.
853 1588 912 1658 ait,
934 1607 956 1659 ,··.
975 1606 1010 1660 ,η’
1035 1605 1097 1659 mn
1120 1606 1167 1661 aaz<
1189 1604 1243 1677 pn
1267 1606 1303 1659 ³2
1325 1594 1393 1665 quis

208 1707 348 1785 disposuit
378 1706 436 1765 Dei
464 1704 606 1782 Spiritum
638 1703 711 1779 (save
744 1704 908 1782 mentem?
940 1705 997 1764 hoc
1019 1705 1075 1779 est,
1098 1704 1164 1782 quis
1184 1704 1390 1765 Dei'mentem

207 1832 313 1893 praeter
338 1817 433 1876 Deum
461 1813 553 1889 ipsum
574 1816 611 1874 ad
638 1813 749 1890 aliquid
772 1816 930 1877 volendum
952 1816 1182 1877 determinavit?
1203 1832 1232 1878 et
1255 1836 1317 1893 cap.
1338 1818 1390 1893 63.

208 1927 281 1989 vers.
315 1944 361 1986 10·
392 1943 479 2019 temp
512 1944 573 1996 ram
603 1943 651 1998 aa
675 1944 769 2003 meua
796 1944 854 1998 mu
878 1945 965 1999 nent
997 1942 1024 1987 et
1053 1928 1107 2007 nst
1137 1932 1332 1989 amaritudine
1364 1946 1390 1989 et

207 2044 331 2122 tristitia
350 2042 510 2121 affecerunt
530 2044 672 2123 Spiritum
686 2046 751 2120 suet
765 2046 946 2120 fertilitatis.
975 2044 1014 2105 Et
1035 2043 1103 2104 hine
1126 2045 1159 2103 fit
1180 2060 1213 2105 ut
1234 2062 1288 2119 pro
1311 2045 1391 2122 Lege

208 2154 300 2215 Musas
331 2152 460 2230 usurpari
490 2156 599 2231 soleat,
630 2156 698 2233 quia
728 2156 786 2215 Dei
818 2156 896 2233 quast
928 2172 1052 2217 mentem
1085 2155 1231 2231 explicat,
1264 2169 1295 2215 ut
1330 2154 1391 2230 ipse

209 2266 309 2327 Esaias
339 2266 369 2326 in
401 2270 504 2328 eodem
536 2287 599 2343 cap.
631 2270 704 2329 vers.
729 2284 775 2329 11,
809 2285 896 2362 pap-,p
927 2287 987 2340 ,πη
1016 2285 1063 2342 pp
1093 2285 1197 2359 msa:
1225 2286 1305 2341 mur.
1330 2286 1391 2341 rap

208 2383 259 2441 ubi
285 2382 362 2463 (ilie)
393 2383 447 2462 est,
477 2388 529 2462 qui
550 2385 649 2464 posuit
676 2388 708 2443 in
735 2386 822 2445 medio
850 2385 910 2461 qus
937 2386 1083 2467 Spiritum
1111 2385 1176 2463 fuet
1203 2382 1392 2460 funditatis,

208 2513 312 2572 nempe
332 2495 441 2574 Legem
462 2497 569 2571 Molis,
592 2511 624 2556 ut
646 2497 720 2557 clare
743 2515 779 2556 ex
801 2511 868 2557 toto
891 2513 1036 2558 contextu
1058 2495 1201 2557 orationis
1230 2495 1393 2576 colligitur;

210 2622 240 2668 et
271 2607 428 2668 menemus
459 2626 522 2684 cap.
553 2627 581 2684 9·
613 2607 687 2670 vers.
720 2627 768 2670 20·
801 2599 956 2684 uiuum&
989 2627 1051 2684 nna
1087 2628 1200 2684 nater.
1232 2627 1336 2706 mmm
1368 2625 1393 2670 et

210 2723 371 2803 Spiritum,
393 2724 455 2802 five
481 2737 611 2798 mentem,
640 2739 719 2784 tuam
748 2725 846 2786 bonam
873 2731 913 2786 eis
941 2727 1054 2806 dedisti,
1080 2741 1114 2788 ut
1140 2747 1183 2786 eos
1202 2729 1392 2802 intelligenter

201 2835 335 2912 facerem
356 2839 391 2898 de
413 2852 543 2913 tempore
565 2837 640 2897 enim
661 2837 751 2916 Legis
772 2840 920 2916 loquitur,
943 2856 972 2901 et
991 2841 1076 2900 etiam
1096 2842 1132 2900 ad
1144 2839 1173 2901 id
1183 2839 1274 2900 Deut.
1287 2858 1353 2916 cap.
1365 2861 1392 2920 4.

208 2948 282 3012 vers.
301 2951 331 3010 6.
353 2949 468 3025 alludit,
489 2949 540 3011 ubi
562 2947 661 3009 Moses
682 2949 740 3026 ait,
761 2955 891 3027 quoniam
913 2951 980 3031 ipsa
1002 2953 1119 3030 (nempe
1140 2953 1218 3032 Lex)
1240 2953 1278 3031 est
1294 2955 1392 3032 uestra

202 3063 329 3138 scientia
349 3064 566 3140 cipridem,
589 3075 645 3136 ete,
663 3061 711 3121 Sic
729 3062 817 3122 etiam
836 3063 864 3124 in
880 3063 991 3124 Psalmo
1018 3081 1081 3144 143.
1104 3064 1176 3126 vers.
1200 3080 1245 3124 10.
1267 3067 1282 3100 *
1306 3083 1391 3160 W*
1455 3139 1464 3150 .

209 3194 301 3249 'taum
323 3193 414 3272 pam
435 3191 527 3247 tamn
554 3191 640 3248 ΠΜ
662 3195 738 3236 mens
759 3190 811 3237 tua
831 3178 902 3238 bana
922 3197 964 3238 me
984 3181 1064 3239 ducet
1083 3183 1114 3237 in
1135 3194 1246 3239 terrun
1257 3182 1392 3260 planant,

208 3291 266 3354 hoc
288 3294 344 3369 est,
364 3311 444 3353 mens
465 3308 517 3355 tua
537 3291 625 3354 nobis
644 3294 772 3354 revelata
795 3311 839 3353 me
861 3293 890 3354 in
911 3297 1015 3356 tedam
1037 3295 1113 3356 viam
1132 3298 1229 3356 ducet.
1241 3296 1392 3374 Significat

209 3404 312 3480 etiam,
333 3405 378 3466 uti
398 3404 540 3481 diximus,
568 3403 693 3480 Spiritus
720 3404 778 3466 Dei
799 3405 856 3466 Dei
876 3406 1016 3483 halitum,
1038 3407 1088 3483 qui
1110 3407 1197 3467 etiam
1220 3406 1393 3484 improprie,

209 3515 293 3577 licuti
313 3536 410 3592 mens,
431 3516 559 3592 animus,
581 3532 611 3577 et
633 3535 757 3591 corpus,
785 3518 850 3577 Deo
872 3517 901 3577 in
923 3518 1071 3593 Scriptura
1092 3518 1247 3595 tribuitur,
1269 3535 1303 3579 ut
1324 3520 1393 3580 Psal.

210 3645 258 3704 33.
290 3628 362 3691 vers.
392 3632 421 3689 6.
452 3627 566 3690 Deinde
598 3627 655 3689 Dei
688 3628 869 3705 potentiam,
901 3629 978 3706 vim,
1008 3629 1067 3692 save
1093 3629 1250 3706 virtutem,
1272 3645 1304 3691 ut
1326 3633 1393 3710 Job.

210 3759 274 3817 cap.
306 3757 354 3817 33.
384 3738 457 3804 vers·
488 3761 516 3820 4·
548 3756 652 3817 ‘tituli’
679 3729 722 3813 ¹3&
746 3749 807 3810 illa
840 3741 972 3820 Spiritus
1001 3743 1059 3802 Dei
1089 3761 1130 3800 me
1154 3741 1246 3816 fecit,
1267 3740 1326 3802 hoc
1356 3741 1393 3802 est
1446 3745 1449 3750 ’

210 3854 305 3915 virtus
335 3854 394 3916 save
427 3855 562 3930 potentia
594 3857 667 3933 Dei,
699 3858 746 3919 vel
773 3857 793 3916 st
823 3857 915 3917 mavis
936 3856 993 3917 Dei
1014 3859 1178 3932 decretum
1200 3875 1264 3917 nam
1287 3857 1394 3918 Psaltea

209 3967 327 4044 poetice
355 3970 505 4044 loquendo
534 3969 621 4030 etiam
649 3969 705 4046 ait,
725 3969 806 4048 juffu
833 3972 890 4030 Dei
919 3971 978 4029 culi
997 3968 1077 4044 fudi
1098 3971 1186 4045 stent,
1218 3985 1246 4028 et
1278 3969 1393 4049 Spiritu

210 4079 270 4142 saue
291 4081 364 4141 flatu
383 4085 443 4141 oris
457 4084 510 4160 saei
531 4081 603 4161 (hoc
626 4083 666 4143 est
687 4085 806 4144 decreto
830 4082 898 4158 suu,
922 4101 982 4143 uno
1004 4080 1082 4159 quast
1102 4082 1174 4142 flatu
1187 4082 1393 4161 pronuntiatu)

213 4229 489 4242 *ιι-

244 4296 256 4324 *
293 4294 339 4342 Ed.
356 4295 412 4342 ΡΜ
429 4295 497 4359 uers.
517 4309 556 4344 11.
