2934 4900
404 323 542 399 Caput
571 324 622 383 tx.
664 326 708 384 De
730 324 929 385 Aristocratia.
1203 336 1262 401 359

66 520 237 577 occupate,
269 517 302 562 ut
334 500 486 579 imperium
519 502 548 562 in
580 501 706 579 reliquas
740 501 884 563 obtineat.
926 502 975 562 Est
1004 502 1132 578 denique
1154 502 1183 562 in
1204 502 1262 563 hoc

67 613 199 690 imperio
219 614 339 675 libertas
360 614 493 690 pluribus
515 615 688 676 communis.
724 618 800 675 Nam
823 616 872 676 ubi
895 635 951 676 una
972 615 1033 677 sola
1056 617 1123 676 ttrbs
1145 632 1262 694 regnat,

68 741 198 787 catenus
210 726 384 803 reliquarum
394 729 476 787 bono
488 725 660 802 consulitur,
671 741 818 802 quatenus
829 725 961 805 regnanti
972 727 1040 788 huic
1054 726 1117 789 urbi
1129 728 1261 803 expedit.

547 918 727 981 CAPUT
769 921 806 981 X.

113 1068 142 1147 §.
171 1070 194 1129 l.
240 1066 355 1143 lmperii
391 1065 541 1142 utriusque
577 1064 779 1125 Aristocratici
817 1065 1014 1126 fundamentis
1047 1066 1202 1141 explicatis
1233 1080 1263 1127 et

69 1182 212 1255 ostende,
244 1180 370 1256 superest
401 1194 435 1240 ut
466 1177 664 1256 inquirimur,
695 1197 731 1239 an
765 1178 862 1254 aliqua
892 1177 976 1239 causa
998 1178 1136 1255 culpabili
1158 1178 1263 1255 possmt

69 1292 211 1367 dissolvi,
240 1306 289 1352 aut
319 1291 348 1352 in
378 1291 461 1351 aliam
483 1292 605 1351 sormam
626 1290 740 1351 mutari.
782 1289 917 1351 Primaria
939 1290 1040 1365 causa,
1062 1293 1140 1352 unde
1161 1289 1263 1367 hujus-

68 1404 155 1465 modi
186 1404 307 1480 imperia
337 1402 550 1478 dissolvuntur,
582 1402 630 1462 illa
662 1402 720 1476 est,
753 1421 839 1479 qutun
872 1402 1045 1463 acutissimus
1075 1402 1263 1463 Florentinus

69 1517 155 1578 llisc.
180 1534 205 1577 1.
226 1516 276 1577 lib.
298 1534 325 1594 3.
353 1516 383 1576 in
410 1516 474 1576 Tit.
502 1515 621 1578 Livium
655 1514 811 1589 observat,
843 1514 984 1577 videlicet
1015 1516 1095 1591 quod
1126 1518 1264 1592 imperio,

70 1629 161 1691 sicuti
190 1630 317 1689 humano
346 1628 482 1703 corpori,
503 1628 629 1705 quotidie
649 1641 835 1702 aggregatur
854 1628 984 1704 aliquid,
1005 1628 1081 1704 quod
1098 1628 1264 1705 quandoque

67 1742 187 1817 indiget
206 1744 372 1812 curatione,·
398 1754 489 1816 atque
509 1741 585 1800 adeo
606 1738 719 1799 necesse
742 1738 813 1815 esse,
835 1739 892 1815 ait,
915 1754 948 1800 ut
970 1740 1129 1816 aliquando
1151 1738 1263 1816 aliquid

71 1855 209 1929 accidat,
237 1872 298 1930 quo
326 1852 477 1929 imperium
504 1855 541 1914 ad
569 1852 650 1913 suum
678 1852 873 1928 principium,
901 1871 962 1929 quo
991 1851 1109 1912 stabiliri
1135 1852 1264 1929 incepit,

72 1968 235 2045 redigatur.
276 1966 367 2047 Quod
393 1964 414 2025 st
443 1964 517 2025 intra
546 1964 678 2026 debitum
706 1980 824 2039 tempus
852 1983 912 2025 non
941 1964 1096 2040 acciderit,
1124 1964 1198 2027 vitia
1226 1984 1263 2025 eo

74 2082 171 2158 usque
199 2080 345 2154 crescent,
374 2095 408 2140 ut
435 2078 501 2140 tolli
528 2094 693 2155 nequeant,
718 2076 770 2138 nist
798 2096 863 2139 cum
892 2077 956 2154 ipso
989 2078 1121 2155 imperio.
1162 2081 1263 2157 Atque

72 2192 154 2267 hoc,
185 2192 299 2268 inquit,
328 2193 376 2254 vel
406 2192 475 2253 casu
505 2190 676 2269 contingere
707 2191 821 2267 potest,
842 2192 890 2255 vel
912 2190 1033 2253 consilio
1055 2208 1085 2253 et
1107 2192 1262 2269 prudentia

74 2304 191 2383 legum,
212 2318 263 2364 aut
285 2304 340 2365 viri
361 2304 474 2365 eximie
502 2304 632 2366 virtutis.
672 2307 738 2365 Nec
766 2304 900 2366 dubitate
921 2304 1086 2382 possumus,
1108 2306 1178 2382 quin
1199 2306 1263 2367 haec

75 2433 123 2477 res
152 2414 270 2476 maximi
297 2416 332 2477 stt
359 2416 516 2494 ponderis,
544 2430 575 2477 et
603 2418 702 2492 quod,
730 2416 781 2478 ubi
809 2416 879 2478 huic
903 2416 1091 2480 incommodo
1114 2418 1262 2494 provisum

76 2548 140 2590 non
163 2528 215 2604 stt,
235 2547 296 2590 non
325 2528 436 2605 poterit
463 2528 615 2605 imperium
637 2529 688 2589 sua
708 2529 837 2604 virtute,
860 2529 908 2591 sed
929 2529 990 2591 sola
1012 2531 1131 2590 fortuna
1152 2549 1262 2606 perma-

76 2661 164 2718 nere3
186 2657 216 2702 et
238 2657 358 2717 contra,
379 2642 430 2703 ubi
450 2641 520 2702 huic
542 2641 618 2702 malo
640 2641 797 2702 remedium
819 2641 958 2702 idoneum
976 2641 1139 2703 adhibitum
1159 2643 1264 2719 suerit,

76 2772 140 2814 non
162 2752 273 2828 poterit
302 2753 395 2828 ipsum
423 2753 476 2814 suo
497 2753 592 2830 vitio,
613 2752 662 2815 sed
684 2754 867 2815 solummodo
889 2753 1055 2816 inevitabili
1077 2753 1176 2832 aliquo
1199 2755 1263 2815 sato

76 2869 199 2940 cadere,
227 2881 260 2926 ut
289 2883 357 2925 mox
386 2865 491 2926 clarius
512 2865 693 2928 docebimus.
735 2866 860 2952 Primum
882 2868 964 2943 quod
985 2865 1053 2927 huic
1075 2867 1150 2926 malo
1172 2885 1262 2927 reme·

74 2978 157 3040 dium
179 2980 366 3052 occurrebat,
386 2976 444 3038 hoc
463 2976 537 3053 fuit,
555 2993 589 3038 ut
608 2977 717 3038 scilicet
735 2975 851 3056 singulis
870 2977 965 3039 lustris
986 2977 1136 3053 supremus
1158 2976 1262 3053 aliquis

76 3089 213 3150 llidator
229 3089 259 3150 in
277 3089 402 3149 mensem
423 3107 512 3150 unum
532 3104 585 3150 aut
606 3091 682 3149 duos
704 3104 849 3150 crearetur
859 3089 885 3164 *,
903 3089 950 3149 cui
965 3089 1014 3166 jus
1033 3087 1101 3150 esset
1119 3090 1154 3149 de
1172 3090 1263 3150 Sena-

73 3218 190 3276 torum,
208 3215 237 3261 et
256 3200 456 3278 cujuscunque
474 3201 610 3277 ministri,
630 3202 712 3263 saitis
731 3201 945 3282 cognoscendi,
963 3201 1134 3280 judicandi,
1156 3219 1185 3264 et
1208 3203 1261 3265 sta-

74 3313 195 3388 tuendi,
223 3329 253 3373 et
282 3313 496 3391 consequenter
523 3313 676 3390 imperium
704 3318 741 3377 ad
770 3315 850 3377 suum
879 3314 1055 3392 principium
1083 3315 1263 3377 restituendi.

73 3429 131 3487 Sed
160 3425 211 3502 qui
239 3424 353 3502 imperii
380 3425 566 3488 incommoda
594 3425 688 3488 vitare
718 3427 830 3502 studet,
851 3427 976 3490 remedia
998 3426 1136 3489 adhibere
1157 3429 1263 3504 debet,

75 3557 140 3614 qua
170 3556 235 3599 cum
262 3536 374 3614 imperii
402 3553 504 3600 natura
534 3538 731 3615 conveniant,
758 3554 788 3599 et
810 3558 876 3616 quae
897 3559 934 3601 ex
956 3541 1044 3618 ipsius
1065 3541 1263 3603 fundamentis

76 3649 184 3712 deduci
211 3665 337 3725 queant;
366 3650 436 3711 alias
464 3652 494 3711 in
522 3652 648 3730 Scyllam
670 3650 799 3728 incidet,
821 3651 945 3728 cupiens
965 3653 1059 3714 vitare
1081 3651 1262 3731 Charybdin.

77 3764 128 3822 Esl
155 3763 273 3839 quidem
302 3764 360 3823 hoc
388 3781 506 3839 verum,
534 3766 616 3839 quod
645 3781 765 3839 omnes,
793 3779 851 3824 tam
880 3763 930 3839 qui
959 3776 1062 3842 regunt
1093 3782 1179 3840 quam
1211 3763 1262 3840 qui

77 3889 234 3955 reguntur,
260 3891 341 3936 metu
368 3873 505 3951 supplicii
533 3891 583 3936 aut
612 3875 709 3936 damni
737 3875 883 3936 contineri
905 3877 1048 3948 debeant,
1070 3893 1106 3936 ne
1127 3875 1245 3952 impune
1253 3921 1263 3951 ,

78 3990 125 4050 vel
146 4006 212 4048 cum
233 3990 315 4048 lucro
336 3987 653 4063 peccarelicea13sed
675 4002 778 4048 contra
800 4003 911 4049 certum
933 3987 1020 4050 etiam
1043 3987 1101 4065 est,
1122 3990 1220 4065 quod,
1242 3987 1261 4048 st

78 4101 125 4161 hic
154 4116 249 4161 metus
276 4099 364 4160 bonis
392 4115 423 4160 et
449 4100 532 4161 malit
562 4099 732 4161 hominibus
754 4099 916 4161 communis
937 4100 1043 4178 suerit,
1062 4099 1192 4162 versetur
1212 4119 1263 4160 ne-

112 4336 125 4366 ’
159 4333 208 4384 Ed.
223 4335 279 4385 ΡΜ
302 4341 412 4384 creetur.
