2934 4900
169 299 230 358 620
473 297 803 358 Annotttiones
834 296 874 356 in
904 296 1046 356 Tract.

732 470 789 531 XX

654 614 702 680 (u¹
718 627 776 682 sss·
791 614 867 682 essi·

211 795 290 854 Ceutr
319 797 370 871 qul
393 795 429 871 se
452 796 523 873 sont
552 792 648 872 meslez
675 794 709 852 de
728 807 894 854 commenter
913 795 942 854 ee
968 791 1072 870 Texte,
1094 793 1166 852 l'ont
1185 797 1305 867 corrige
1323 794 1359 852 de

168 920 238 967 certe
257 905 361 982 sorte.-
387 921 415 967 σε
443 904 599 968 Abrabam
617 904 751 984 sensuit
770 920 798 966 er
811 908 848 983 se
868 910 963 966 rerlra
990 903 1060 966 cloez
1081 905 1220 965 Prolomle
1245 903 1297 983 fils
1324 905 1361 962 de

168 1016 322 1080 Hannibal
338 1019 399 1094 Roy
419 1020 454 1078 le
475 1019 580 1097 Gesur,
600 1021 636 1079 od
655 1019 682 1078 ll
698 1019 833 1078 demeura
854 1021 926 1077 trois
946 1035 1009 1092 nns,
1030 1030 1058 1076 er
1078 1013 1360 1096 Dauldpleurason

167 1131 217 1212 fils
247 1144 308 1192 tour
336 1132 362 1190 le
391 1143 481 1210 temps
511 1133 586 1209 qu'll
604 1129 660 1207 fut
679 1131 700 1190 d
721 1131 832 1208 Gesur.
864 1130 949 1190 Mais
971 1129 998 1207 fi
1024 1129 1087 1208 e'est
1116 1130 1147 1188 ld
1170 1148 1200 1188 re
1226 1147 1282 1205 que
1300 1129 1360 1188 lon

172 1243 282 1322 appelle
307 1245 499 1322 interpreter,
526 1258 555 1303 er
576 1243 639 1320 fll
662 1242 701 1322 est
716 1246 827 1322 permis
846 1243 881 1302 ele
894 1243 930 1320 se
949 1243 1057 1302 donner
1076 1255 1146 1302 certe
1163 1242 1264 1301 licenee
1284 1242 1360 1300 dans

171 1354 347 1434 l’expofin'on
373 1356 407 1415 le
431 1356 626 1432 l'Eserlrnre,
654 1369 682 1415 er
708 1355 743 1414 ele
770 1355 941 1434 transposer
967 1355 1001 1413 de
1020 1354 1051 1413 la
1064 1354 1147 1430 sorte
1165 1355 1215 1412 des
1230 1350 1360 1432 phrases

172 1480 234 1526 tour
262 1469 384 1528 entieres
407 1469 469 1546 solt
499 1487 533 1527 en
562 1467 716 1544 ajodtant,
740 1470 804 1545 solt
830 1486 864 1527 en
891 1466 1083 1529 retranrloant
1115 1469 1232 1544 quelque
1257 1464 1360 1543 chose,

163 1577 290 1654 j'auone'
314 1581 389 1657 qu'll
414 1581 452 1658 est
477 1585 588 1660 pernis
618 1581 653 1640 ele
682 1594 845 1660 corrompre
871 1581 1065 1657 l’Escrlture,
1086 1594 1114 1640 er
1132 1582 1168 1640 de
1185 1581 1232 1654 luy
1251 1581 1361 1639 donner

171 1709 271 1752 contem
290 1691 310 1751 d
329 1711 369 1751 nn
388 1711 517 1752 monceau
537 1693 572 1752 de
591 1696 651 1752 clre
671 1707 777 1753 aurant
797 1694 831 1753 de
844 1692 955 1770 former
975 1713 1031 1771 que
1050 1695 1110 1752 l'on
1129 1695 1250 1753 voudra.

732 1932 801 1993 XXI

659 2077 706 2144 (sd
723 2093 780 2145 oss·
798 2078 871 2142 ⁵04)-

215 2256 273 2317 LB.
294 2258 414 2319 Mune.
455 2256 557 2318 Oritur
584 2255 633 2318 hic
664 2256 849 2333 suspicio‚s1
875 2257 992 2334 quidem
1024 2257 1150 2334 suspicio
1182 2257 1241 2319 dici
1261 2258 1362 2334 potest

175 2369 257 2443 quod
289 2382 399 2427 certum
432 2367 488 2443 est,
520 2384 557 2427 ex
588 2365 765 2428 dedudione
797 2367 976 2445 genealogie
1003 2368 1079 2445 regis
1104 2367 1274 2449 Jechoniae.
1293 2385 1361 2443 quae

173 2478 299 2541 traditur
319 2498 383 2556 cap.
404 2498 432 2557 3.
453 2481 472 2541 l.
494 2496 519 2541 r.
541 2480 632 2539 Paral.
653 2494 684 2539 et
705 2479 881 2556 producitur
902 2479 993 2556 usque
1015 2482 1051 2540 ad
1071 2479 1148 2540 filios
1168 2478 1362 2558 Eljohgenai,

174 2593 225 2671 qui
253 2592 357 2654 decimi
384 2592 462 2655 tertii
490 2596 526 2654 ab
555 2611 592 2653 eo
620 2607 719 2667 erant;
749 2606 779 2652 et
808 2594 986 2667 notandum,
1012 2594 1094 2669 quod
1112 2592 1270 2672 Jechonias
1290 2592 1362 2669 iste,

175 2721 241 2764 cum
261 2700 289 2765 ei
309 2718 420 2763 catenae
441 2702 554 2779 inJedae
583 2701 667 2778 sunt,
693 2701 801 2762 liberos
823 2720 883 2763 non
904 2701 1048 2776 habebat,
1068 2702 1118 2763 sed
1138 2702 1256 2765 videtur
1277 2706 1361 2780 quod

174 2816 283 2876 liberos
312 2816 342 2875 in
374 2833 486 2875 carcere
517 2815 667 2894 genuerit,
698 2830 839 2891 quantum
869 2832 907 2874 ex
939 2812 1107 2875 nominibus
1132 2834 1198 2891 quae
1219 2814 1255 2875 iis
1277 2816 1360 2877 dedit

175 2927 320 3005 conjicere
347 2926 426 2988 licet.
467 2929 509 2987 At
536 2943 680 3002 nepotes,
708 2940 851 3003 quantum
879 2924 966 2986 etiam
996 2945 1033 2986 er
1060 2944 1159 2987 eorum
1191 2927 1360 2989 nominibus

174 3040 320 3117 conjicere
340 3038 431 3115 licet,
451 3040 580 3101 habuisse
602 3039 722 3103 videtur
743 3040 893 3116 postquam
906 3057 922 3099 e
934 3057 1047 3099 carcere
1068 3039 1208 3101 liberatus
1230 3041 1304 3119 fuit;
1326 3062 1359 3103 ac

173 3152 298 3231 proinde
329 3167 414 3227 ,ηπ-πῃ
444 3152 550 3229 Pedaja
582 3153 679 3231 (quod
710 3153 851 3231 significat
878 3153 959 3213 Deus
986 3152 1158 3231 liberauit),
1179 3152 1281 3230 quiin
1302 3156 1359 3215 hoc

175 3270 272 3347 capite
293 3270 401 3332 dicitur
421 3269 503 3331 fuiss'e
523 3285 609 3346 pater
628 3267 853 3342 Zerubbabelis,
875 3283 961 3328 nutus
984 3268 1050 3328 est*
1070 3286 1147 3329 anno
1170 3285 1216 3345 37.
1238 3286 1290 3331 aut
1311 3271 1358 3347 38.

175 3380 357 3456 captivitatis
376 3378 547 3461 Jechoniae,
567 3378 625 3439 hoc
647 3378 687 3438 est
709 3394 757 3454 33.
779 3376 862 3437 annis
884 3392 1039 3454 antequam
1061 3377 1157 3456 Cyrus
1176 3380 1286 3460 Judaeis
1307 3399 1359 3443 ve-

175 3493 250 3553 niam
282 3493 381 3570 dedit,
412 3508 443 3553 et
474 3491 687 3567 consequenter
716 3490 920 3567 Zerubbabel,
951 3508 1038 3567 quern
1068 3488 1165 3569 Cyrus
1191 3492 1302 3571 Judaeis
1327 3492 1360 3528 **

173 3603 384 3681 proposuerat,
408 3619 452 3679 13.
473 3618 525 3663 out
549 3619 594 3682 14.
615 3621 708 3663 annos
729 3603 766 3663 ad
786 3601 926 3663 summum
947 3616 1033 3663 natus
1055 3600 1172 3663 videtur
1192 3600 1286 3663 fuiss'e.
1302 3604 1360 3665 Sed

174 3716 237 3778 haec
265 3716 367 3793 potius
393 3714 508 3776 silentio
529 3715 676 3791 praeterire
703 3714 787 3777 volui
808 3716 848 3775 ob
871 3712 989 3791 causas,
1009 3732 1081 3791 quus
1102 3713 1243 3790 temporis
1263 3718 1360 3796 gravi·

174 3844 220 3890 tas
241 3830 289 3907 *e*
319 3828 464 3905 explicare
495 3846 555 3889 non
586 3827 662 3888 [init.
703 3828 761 3889 Sed
793 3826 988 3903 prudentibus
1008 3845 1068 3887 rem
1087 3828 1214 3891 indicare
1234 3828 1361 3906 sufficit;

176 3942 228 4017 qui
248 3940 269 4001 sr
289 3941 364 4002 hanc
387 3941 537 4022 Jechoniae
565 3941 706 4019 integram
736 3940 922 4019 progeniem,
942 3958 1007 4018 quae
1029 3941 1155 4003 traditur
1175 3962 1238 4019 cap.
1260 3960 1288 4019 3.
1308 3942 1360 4003 lib.

179 4069 204 4112 1.
225 4053 314 4113 Parni.
336 4072 373 4113 ex
393 4054 436 4116 vs.
460 4068 505 4129 17.
527 4052 619 4130 usque
641 4054 677 4113 ad
698 4053 785 4112 finem
806 4050 895 4127 ipsius
916 4052 1038 4128 cupitis,
1060 4052 1155 4131 aliqua
1177 4072 1241 4115 curu
1263 4070 1360 4117 atten-

177 4161 259 4224 tione
280 4182 458 4241 percurrere,
478 4180 509 4225 et
529 4166 684 4225 Hebraeum
705 4179 821 4227 textum
843 4184 908 4226 cum
929 4162 1062 4228 verdone
1083 4182 1148 4242 quae
1167 4167 1361 4245 Septuaginta

177 4273 285 4335 dicitur
314 4276 446 4335 conferre
477 4275 588 4352 veiint,
618 4278 699 4341 nulio
731 4276 855 4357 negotio
886 4276 986 4342 videre
1016 4293 1174 4355 poterent,
1194 4276 1250 4339 hos
1270 4277 1360 4339 libros

838 4366 853 4405 0
