2934 4900
533 321 590 382 De
631 322 783 383 Mente.
1198 343 1254 402 ¹17

49 495 147 556 Mens
175 513 224 556 res
251 495 369 574 appetit
397 497 446 557 vel
466 495 624 558 aversatur.
665 498 709 557 At
729 496 884 574 postquam
905 499 1182 578 demonstravimus,
1201 503 1254 562 has

50 609 216 669 facultates
245 607 392 669 notiones.
415 607 471 668 elle
500 608 694 686 universales,
725 628 791 686 qua
811 631 828 670 a
849 611 1059 692 singularibus,
1086 614 1253 692 exquibus

51 721 172 783 easdem
198 721 374 798 formamus,
401 738 461 782 non
482 720 716 800 distinguuntur,
743 721 948 800 inquirendum
964 723 1024 802 jam
1046 697 1112 803 est,
1125 745 1161 787 an
1181 725 1252 802 ipsae

52 831 225 892 volitiones
245 829 358 907 aliquid
379 829 432 892 srnt
450 846 554 906 praeter
570 829 646 907 ipsas
664 849 758 893 rerum
776 829 866 894 ideas'.
885 834 1108 912 Inquirendum,
1119 836 1253 913 inquam,

53 945 114 1020 csl,
136 963 174 1004 an
197 943 228 1004 in
251 944 355 1004 Mente
377 943 431 1004 alia
452 942 605 1005 affirmatio
627 959 658 1004 et
679 945 799 1024 negatio
822 947 908 1008 detur
927 962 1032 1022 praeter
1052 946 1146 1024 illam,
1167 967 1252 1026 quarn

54 1058 142 1133 idea,
170 1072 321 1135 quatenus
342 1055 406 1118 idea
427 1056 483 1125 est,
504 1054 651 1132 involvit,
673 1075 731 1134 qua
752 1060 788 1118 de
809 1076 839 1119 re
859 1058 929 1122 vide
950 1057 1119 1136 sequentem
1138 1061 1251 1137 Propo-

53 1169 210 1247 sttionem,
232 1185 272 1230 ur
286 1183 317 1230 et
336 1166 546 1230 Definitionem
559 1185 586 1244 3.
597 1166 700 1246 hujus,
718 1188 755 1230 ne
775 1169 920 1251 cogitatio
938 1171 969 1233 in
987 1171 1115 1248 presuras
1132 1172 1252 1234 incidat.

53 1282 128 1340 Non
150 1278 231 1340 enim
253 1296 306 1355 per
327 1277 407 1340 ideas
428 1279 584 1358 imagines,
612 1282 713 1357 quales
735 1281 765 1343 in
787 1283 880 1345 fundo
902 1282 999 1361 oculi,
1027 1300 1075 1362 et,
1097 1283 1117 1345 fi
1137 1285 1253 1362 placet,

53 1391 84 1452 in
108 1390 211 1453 medio
232 1393 353 1453 cerebro
375 1393 553 1469 formantur,
573 1391 623 1454 sed
644 1391 847 1474 Cogitationis
868 1411 1034 1474 conceptus
1054 1395 1198 1476 intelligo.

424 1593 752 1657 PROPOSITIO
792 1596 898 1658 XLIX.

98 1725 138 1783 In
169 1723 275 1783 Mente
303 1721 384 1782 nulla
413 1722 504 1782 datur
531 1723 649 1800 vulfado,
674 1725 739 1802 five
764 1725 920 1801 affirmatio
946 1739 975 1787 et
994 1730 1123 1804 mario,
1140 1739 1253 1807 prater

54 1839 159 1912 illam,
181 1851 269 1913 quam
287 1835 370 1911 idea,
391 1848 530 1912 quatenus
550 1836 616 1896 idea
636 1837 683 1914 ess,
703 1839 838 1898 involvit.

365 2051 367 2054 .
464 2014 858 2060 Duuonsrnnrto

100 2126 134 2185 ln
158 2125 265 2186 Mente
285 2123 357 2204 (per
370 2123 604 2206 Prop.praeced.)
625 2127 704 2188 nulla
724 2129 811 2189 datur
831 2125 963 2188 absoluta
984 2128 1109 2189 facultas
1129 2128 1251 2192 volendi

58 2253 90 2296 et
123 2235 265 2312 nolendi,
295 2234 344 2296 sed
376 2251 489 2298 tantum
520 2235 676 2316 singulares
707 2235 886 2313 volitiones,
917 2256 1021 2314 nempe
1051 2239 1114 2301 haec
1144 2255 1175 2301 et
1204 2239 1252 2302 illa

58 2347 236 2423 affirmatio,
264 2361 294 2408 et
321 2347 384 2409 haec
412 2363 443 2410 et
470 2347 518 2409 illa
546 2348 676 2428 negatio.
716 2349 927 2426 Concipiamus
955 2348 1056 2428 itaque
1082 2350 1252 2432 singularem

58 2462 189 2540 aliquam
218 2460 410 2538 volitionem,
438 2479 541 2538 nempe
569 2465 687 2524 modum
715 2462 883 2542 cogitandi,
911 2481 972 2540 quo
1000 2465 1088 2525 Mens
1115 2464 1252 2539 affirmat,

59 2594 119 2637 tres
154 2576 278 2653 angulos
309 2573 445 2654 trianguli
476 2577 603 2651 aquales
635 2574 691 2635 elle
723 2577 841 2636 duobus
868 2575 964 2638 redis.
1004 2576 1076 2636 Haec
1098 2576 1251 2637 affirmatio

59 2702 242 2763 conceptum
264 2684 322 2748 srve
344 2686 437 2747 ideam
458 2686 594 2766 trianguli
614 2686 761 2761 involvit,
788 2687 847 2748 hoc
869 2687 926 2764 est,
952 2686 1010 2748 stne
1031 2686 1096 2749 idea
1116 2687 1251 2767 trianguli

59 2820 121 2862 non
144 2797 244 2876 potest
264 2798 393 2875 concipi.
423 2800 502 2859 Idem
524 2798 600 2860 enirn
622 2800 679 2874 est,
700 2799 721 2860 fi
743 2799 857 2875 dicam,
879 2802 961 2877 quod
982 2803 1009 2861 A
1030 2815 1208 2877 conceptum
1228 2802 1252 2861 B

59 2916 171 2974 debeat
203 2910 374 2979 involvere.
405 2929 438 2971 ac
469 2913 551 2987 quod
580 2912 607 2970 A
635 2910 695 2971 stne
714 2912 738 2971 B
759 2929 820 2973 non
852 2912 938 2987 possrt
969 2910 1096 2989 concipi.
1136 2912 1253 2973 Deinde

58 3028 124 3087 haec
157 3022 310 3085 affirmatio
343 3022 414 3103 (per
439 3022 554 3083 Axiam.
576 3041 604 3100 3.
625 3021 725 3102 stus'us)
758 3042 819 3085 non
852 3023 949 3099 potest
979 3021 1066 3084 etiam
1097 3022 1156 3084 stne
1186 3022 1251 3084 idea

59 3135 203 3217 trianguli
229 3134 295 3196 else.
337 3136 410 3195 llaec
436 3153 505 3214 ergo
534 3134 687 3196 affirmatio
716 3134 777 3197 sine
804 3135 869 3197 idea
890 3133 1027 3213 trianguli
1047 3152 1100 3195 nec
1121 3133 1178 3195 else
1199 3152 1254 3195 nec

59 3245 183 3324 concipi
206 3245 311 3322 potest.
352 3245 444 3306 Porro
465 3245 528 3305 lraec
549 3244 687 3324 trianguli
708 3246 775 3309 idea
795 3247 870 3308 hanc
891 3248 1012 3307 eandem
1032 3244 1253 3307 affirmationem

60 3360 219 3421 involvere
249 3358 355 3433 debet,
385 3374 490 3432 nempe
520 3358 602 3433 quod
629 3372 688 3418 tres
717 3356 782 3434 ejus
813 3357 911 3437 anguli
946 3370 1100 3433 aequentur
1134 3357 1253 3418 duobus

62 3472 159 3534 redis.
201 3472 299 3554 Quare
330 3485 361 3531 et
391 3468 457 3531 vice
478 3469 559 3533 versa
580 3470 643 3533 haec
663 3470 801 3550 trianguli
821 3469 887 3531 idea
908 3467 966 3529 srne
987 3469 1042 3531 hac
1062 3466 1253 3528 affirmatione

62 3605 118 3647 nec
140 3582 197 3645 esse
217 3602 272 3644 nec
293 3582 411 3659 concipi
431 3582 545 3659 potest,
566 3585 700 3659 adeoque
722 3583 795 3663 (per
813 3581 908 3661 Defin.
920 3598 949 3641 2.
970 3579 1072 3659 hujus)
1094 3578 1156 3639 haec
1177 3578 1251 3640 affir-

64 3697 156 3758 matio
185 3698 223 3756 ad
249 3692 395 3779 essentiam
423 3692 496 3755 ideae
523 3693 661 3773 trianguli
689 3692 834 3770 pertinet,
861 3710 916 3753 nec
937 3690 1017 3754 aliud
1038 3707 1143 3768 praeter
1163 3690 1252 3765 ipsam

64 3810 112 3871 cll.
154 3808 197 3869 Et
218 3809 301 3884 quod
321 3808 358 3867 de
378 3806 432 3867 hac
454 3802 599 3869 volitione
620 3804 748 3867 diximus
770 3803 1024 3884 (quandoquidem
1046 3821 1108 3864 eam
1130 3804 1166 3864 ad
1186 3802 1251 3863 libi·

64 3940 125 3985 tum
148 3918 349 3997 sumpsrmus),
369 3916 525 3981 dicendum
546 3918 634 3980 etiam
655 3918 696 3979 est
717 3920 754 3979 de
775 3936 952 3996 quacunque
973 3916 1134 4002 volitione,
1148 3933 1252 3991 nempe

63 4034 146 4111 quod
169 4046 277 4109 prater
297 4030 391 4093 ideam
413 4028 484 4091 nihil
505 4030 549 4091 lit.
592 4031 626 4107 Q.
648 4031 685 4090 Ε.
706 4030 748 4091 D.

482 4206 843 4251 conotnanrum.

100 4321 255 4383 Voluntas
276 4332 307 4380 et
327 4316 491 4379 intelledlus
513 4335 602 4378 unum
624 4330 653 4377 et
675 4316 751 4378 idem
771 4315 848 4379 sunt.
