<?xml version="1.0" encoding="UTF-8"?>
<!DOCTYPE html PUBLIC "-//W3C//DTD XHTML 1.0 Transitional//EN"
    "http://www.w3.org/TR/xhtml1/DTD/xhtml1-transitional.dtd">
<html xmlns="http://www.w3.org/1999/xhtml" xml:lang="en" lang="en">
 <head>
  <title>
</title>
<meta http-equiv="Content-Type" content="text/html;charset=utf-8" />
  <meta name='ocr-system' content='tesseract 3.04.00' />
  <meta name='ocr-capabilities' content='ocr_page ocr_carea ocr_par ocr_line ocrx_word'/>
</head>
<body>
  <div class='ocr_page' id='page_1' title='image "benedictidespin02landgoog_0211.png"; bbox 0 0 2934 4900; ppageno 0'>
   <div class='ocr_carea' id='block_1_1' title="bbox 351 896 948 1003">
    <p class='ocr_par' dir='ltr' id='par_1_1' title="bbox 351 896 948 1003">
     <span class='ocr_line' id='line_1_1' title="bbox 351 896 948 1003; baseline 0 0"><span class='ocrx_word' id='word_1_1' title='bbox 351 896 948 1003; x_wconf 83' lang='lat' dir='ltr'>ETHICES</span> 
     </span>
    </p>
   </div>
   <div class='ocr_carea' id='block_1_2' title="bbox 453 1205 839 1294">
    <p class='ocr_par' dir='ltr' id='par_1_2' title="bbox 453 1205 839 1294">
     <span class='ocr_line' id='line_1_2' title="bbox 453 1205 839 1294; baseline 0.005 -22"><span class='ocrx_word' id='word_1_2' title='bbox 453 1206 573 1272; x_wconf 85' lang='lat' dir='ltr'>PARS</span> <span class='ocrx_word' id='word_1_3' title='bbox 609 1205 839 1294; x_wconf 81' lang='lat' dir='ltr'><strong>QUARTA,</strong></span> 
     </span>
    </p>
   </div>
   <div class='ocr_carea' id='block_1_3' title="bbox 622 1494 670 1539">
    <p class='ocr_par' dir='ltr' id='par_1_3' title="bbox 622 1494 670 1539">
     <span class='ocr_line' id='line_1_3' title="bbox 622 1494 670 1539; baseline 0 0"><span class='ocrx_word' id='word_1_4' title='bbox 622 1494 670 1539; x_wconf 69' lang='lat' dir='ltr'><em>nt</em></span> 
     </span>
    </p>
   </div>
   <div class='ocr_carea' id='block_1_4' title="bbox 168 1758 1130 1875">
    <p class='ocr_par' dir='ltr' id='par_1_4' title="bbox 168 1758 1130 1875">
     <span class='ocr_line' id='line_1_4' title="bbox 168 1758 1130 1875; baseline 0.005 -7"><span class='ocrx_word' id='word_1_5' title='bbox 168 1759 658 1875; x_wconf 82' lang='lat' dir='ltr'>SERVITUTE</span> <span class='ocrx_word' id='word_1_6' title='bbox 723 1758 1130 1875; x_wconf 81' lang='lat' dir='ltr'>HUMANA,</span> 
     </span>
    </p>
   </div>
   <div class='ocr_carea' id='block_1_5' title="bbox 277 2068 1028 2139">
    <p class='ocr_par' dir='ltr' id='par_1_5' title="bbox 277 2068 1028 2139">
     <span class='ocr_line' id='line_1_5' title="bbox 277 2068 1028 2139; baseline -0.005 0"><span class='ocrx_word' id='word_1_7' title='bbox 277 2071 372 2139; x_wconf 87' lang='lat' dir='ltr'><em>SEU</em></span> <span class='ocrx_word' id='word_1_8' title='bbox 396 2070 468 2137; x_wconf 89' lang='lat' dir='ltr'><em>DE</em></span> <span class='ocrx_word' id='word_1_9' title='bbox 490 2068 801 2137; x_wconf 87' lang='lat' dir='ltr'><em>AFFECTUUM</em></span> <span class='ocrx_word' id='word_1_10' title='bbox 822 2068 1028 2135; x_wconf 87' lang='lat' dir='ltr'><em>VIRIBUS.</em></span> 
     </span>
    </p>
   </div>
   <div class='ocr_carea' id='block_1_6' title="bbox 467 2459 832 2520">
    <p class='ocr_par' dir='ltr' id='par_1_6' title="bbox 467 2459 832 2520">
     <span class='ocr_line' id='line_1_6' title="bbox 467 2459 832 2520; baseline 0 -1"><span class='ocrx_word' id='word_1_11' title='bbox 467 2459 832 2520; x_wconf 77' lang='lat' dir='ltr'>PRAEFATIO.</span> 
     </span>
    </p>
   </div>
   <div class='ocr_carea' id='block_1_7' title="bbox 67 2587 1244 2775">
    <p class='ocr_par' dir='ltr' id='par_1_7' title="bbox 67 2587 1244 2775">
     <span class='ocr_line' id='line_1_7' title="bbox 126 2587 1240 2671; baseline -0.004 -19"><span class='ocrx_word' id='word_1_12' title='bbox 126 2609 260 2652; x_wconf 83' lang='lat' dir='ltr'><em>amanam</em></span> <span class='ocrx_word' id='word_1_13' title='bbox 278 2594 472 2671; x_wconf 79' lang='lat' dir='ltr'><em>impotentiam</em></span> <span class='ocrx_word' id='word_1_14' title='bbox 491 2593 523 2646; x_wconf 93' lang='lat' dir='ltr'><em>in</em></span> <span class='ocrx_word' id='word_1_15' title='bbox 543 2589 722 2651; x_wconf 79' lang='lat' dir='ltr'><em>moderandis</em></span> <span class='ocrx_word' id='word_1_16' title='bbox 743 2603 770 2650; x_wconf 81' lang='lat' dir='ltr'><em>et</em></span> <span class='ocrx_word' id='word_1_17' title='bbox 790 2591 946 2650; x_wconf 80' lang='lat' dir='ltr'><em>coircendis</em></span> <span class='ocrx_word' id='word_1_18' title='bbox 966 2587 1115 2666; x_wconf 69' lang='lat' dir='ltr'><em>affellibus</em></span> <span class='ocrx_word' id='word_1_19' title='bbox 1141 2591 1240 2650; x_wconf 82' lang='lat' dir='ltr'><em>Serui-</em></span> 
     </span>
     <span class='ocr_line' id='line_1_8' title="bbox 67 2609 1244 2775; baseline 0.003 -23"><span class='ocrx_word' id='word_1_20' title='bbox 67 2609 214 2757; x_wconf 80' lang='lat' dir='ltr'><em>Hrutem</em></span> <span class='ocrx_word' id='word_1_21' title='bbox 242 2715 327 2770; x_wconf 80' lang='lat' dir='ltr'><em>uoco,·</em></span> <span class='ocrx_word' id='word_1_22' title='bbox 353 2695 431 2757; x_wconf 84' lang='lat' dir='ltr'><em>Immo</em></span> <span class='ocrx_word' id='word_1_23' title='bbox 457 2703 530 2757; x_wconf 88' lang='lat' dir='ltr'><em>enim</em></span> <span class='ocrx_word' id='word_1_24' title='bbox 553 2695 703 2774; x_wconf 73' lang='lat' dir='ltr'><em>offellibus</em></span> <span class='ocrx_word' id='word_1_25' title='bbox 724 2695 861 2755; x_wconf 83' lang='lat' dir='ltr'><em>obnoxius</em></span> <span class='ocrx_word' id='word_1_26' title='bbox 874 2693 1023 2774; x_wconf 80' lang='lat' dir='ltr'><em>suijuris</em></span> <span class='ocrx_word' id='word_1_27' title='bbox 1044 2715 1098 2756; x_wconf 93' lang='lat' dir='ltr'><em>non</em></span> <span class='ocrx_word' id='word_1_28' title='bbox 1118 2697 1171 2775; x_wconf 87' lang='lat' dir='ltr'><em>est,</em></span> <span class='ocrx_word' id='word_1_29' title='bbox 1186 2697 1244 2774; x_wconf 87' lang='lat' dir='ltr'><em>sed</em></span> 
     </span>
    </p>
   </div>
   <div class='ocr_carea' id='block_1_8' title="bbox 62 2805 1246 4456">
    <p class='ocr_par' dir='ltr' id='par_1_8' title="bbox 62 2805 1246 3331">
     <span class='ocr_line' id='line_1_9' title="bbox 62 2805 1243 2886; baseline 0.003 -22"><span class='ocrx_word' id='word_1_30' title='bbox 62 2805 198 2880; x_wconf 75' lang='lat' dir='ltr'><em>fortunae,·</em></span> <span class='ocrx_word' id='word_1_31' title='bbox 228 2812 261 2866; x_wconf 93' lang='lat' dir='ltr'><em>in</em></span> <span class='ocrx_word' id='word_1_32' title='bbox 290 2807 371 2882; x_wconf 89' lang='lat' dir='ltr'><em>cujus</em></span> <span class='ocrx_word' id='word_1_33' title='bbox 397 2808 534 2886; x_wconf 78' lang='lat' dir='ltr'><em>potestate</em></span> <span class='ocrx_word' id='word_1_34' title='bbox 563 2811 610 2867; x_wconf 82' lang='lat' dir='ltr'><em>lla</em></span> <span class='ocrx_word' id='word_1_35' title='bbox 637 2807 691 2886; x_wconf 76' lang='lat' dir='ltr'><em>est,</em></span> <span class='ocrx_word' id='word_1_36' title='bbox 718 2821 752 2866; x_wconf 86' lang='lat' dir='ltr'><em>ut</em></span> <span class='ocrx_word' id='word_1_37' title='bbox 773 2807 853 2886; x_wconf 80' lang='lat' dir='ltr'><em>sape</em></span> <span class='ocrx_word' id='word_1_38' title='bbox 877 2807 986 2867; x_wconf 66' lang='lat' dir='ltr'><em>corillus</em></span> <span class='ocrx_word' id='word_1_39' title='bbox 1001 2807 1058 2884; x_wconf 78' lang='lat' dir='ltr'><em>stt,</em></span> <span class='ocrx_word' id='word_1_40' title='bbox 1079 2825 1243 2884; x_wconf 79' lang='lat' dir='ltr'><em>quanquam</em></span> 
     </span>
     <span class='ocr_line' id='line_1_10' title="bbox 66 2917 1246 2997; baseline 0.004 -25"><span class='ocrx_word' id='word_1_41' title='bbox 66 2919 170 2978; x_wconf 81' lang='lat' dir='ltr'><em>meliora</em></span> <span class='ocrx_word' id='word_1_42' title='bbox 185 2917 246 2997; x_wconf 82' lang='lat' dir='ltr'><em>fibi</em></span> <span class='ocrx_word' id='word_1_43' title='bbox 263 2920 380 2992; x_wconf 84' lang='lat' dir='ltr'><em>uideat,</em></span> <span class='ocrx_word' id='word_1_44' title='bbox 401 2920 547 2978; x_wconf 71' lang='lat' dir='ltr'><em>deteriora</em></span> <span class='ocrx_word' id='word_1_45' title='bbox 568 2931 662 2978; x_wconf 83' lang='lat' dir='ltr'><em>tamen</em></span> <span class='ocrx_word' id='word_1_46' title='bbox 675 2918 771 2997; x_wconf 88' lang='lat' dir='ltr'><em>sequi.</em></span> <span class='ocrx_word' id='word_1_47' title='bbox 793 2917 889 2995; x_wconf 75' lang='lat' dir='ltr'><em>Hujus</em></span> <span class='ocrx_word' id='word_1_48' title='bbox 911 2923 955 2979; x_wconf 88' lang='lat' dir='ltr'><em>rei</em></span> <span class='ocrx_word' id='word_1_49' title='bbox 975 2919 1105 2996; x_wconf 88' lang='lat' dir='ltr'><em>causam,</em></span> <span class='ocrx_word' id='word_1_50' title='bbox 1125 2932 1153 2978; x_wconf 82' lang='lat' dir='ltr'><em>et</em></span> <span class='ocrx_word' id='word_1_51' title='bbox 1173 2919 1246 2996; x_wconf 88' lang='lat' dir='ltr'><em>quid</em></span> 
     </span>
     <span class='ocr_line' id='line_1_11' title="bbox 65 3025 1242 3108; baseline 0.003 -22"><span class='ocrx_word' id='word_1_52' title='bbox 65 3040 197 3104; x_wconf 72' lang='lat' dir='ltr'><em>preterea</em></span> <span class='ocrx_word' id='word_1_53' title='bbox 218 3025 337 3105; x_wconf 65' lang='lat' dir='ltr'><em>offellus</em></span> <span class='ocrx_word' id='word_1_54' title='bbox 358 3027 423 3089; x_wconf 89' lang='lat' dir='ltr'><em>boni</em></span> <span class='ocrx_word' id='word_1_55' title='bbox 441 3032 491 3089; x_wconf 84' lang='lat' dir='ltr'><em>uel</em></span> <span class='ocrx_word' id='word_1_56' title='bbox 508 3031 579 3090; x_wconf 88' lang='lat' dir='ltr'><em>maii</em></span> <span class='ocrx_word' id='word_1_57' title='bbox 595 3028 718 3105; x_wconf 79' lang='lat' dir='ltr'><em>labem,</em></span> <span class='ocrx_word' id='word_1_58' title='bbox 736 3035 769 3089; x_wconf 93' lang='lat' dir='ltr'><em>in</em></span> <span class='ocrx_word' id='word_1_59' title='bbox 786 3029 841 3090; x_wconf 83' lang='lat' dir='ltr'><em>hnc</em></span> <span class='ocrx_word' id='word_1_60' title='bbox 860 3031 953 3090; x_wconf 82' lang='lat' dir='ltr'><em>Parte</em></span> <span class='ocrx_word' id='word_1_61' title='bbox 969 3031 1159 3108; x_wconf 77' lang='lat' dir='ltr'><em>demonstrare</em></span> <span class='ocrx_word' id='word_1_62' title='bbox 1172 3042 1242 3108; x_wconf 87' lang='lat' dir='ltr'><em>pro·</em></span> 
     </span>
     <span class='ocr_line' id='line_1_12' title="bbox 66 3139 1242 3220; baseline 0.003 -23"><span class='ocrx_word' id='word_1_63' title='bbox 66 3142 145 3215; x_wconf 81' lang='lat' dir='ltr'><em>posui.</em></span> <span class='ocrx_word' id='word_1_64' title='bbox 187 3141 250 3202; x_wconf 90' lang='lat' dir='ltr'><em>Sed</em></span> <span class='ocrx_word' id='word_1_65' title='bbox 266 3153 420 3217; x_wconf 78' lang='lat' dir='ltr'><em>antequam</em></span> <span class='ocrx_word' id='word_1_66' title='bbox 439 3143 593 3219; x_wconf 82' lang='lat' dir='ltr'><em>incipiam,</em></span> <span class='ocrx_word' id='word_1_67' title='bbox 611 3154 708 3220; x_wconf 84' lang='lat' dir='ltr'><em>pauca</em></span> <span class='ocrx_word' id='word_1_68' title='bbox 728 3142 762 3201; x_wconf 89' lang='lat' dir='ltr'><em>de</em></span> <span class='ocrx_word' id='word_1_69' title='bbox 779 3140 953 3220; x_wconf 70' lang='lat' dir='ltr'><em>persedione</em></span> <span class='ocrx_word' id='word_1_70' title='bbox 973 3155 1001 3202; x_wconf 84' lang='lat' dir='ltr'><em>ei</em></span> <span class='ocrx_word' id='word_1_71' title='bbox 1020 3139 1242 3220; x_wconf 80' lang='lat' dir='ltr'><em>imperfelllone,</em></span> 
     </span>
     <span class='ocr_line' id='line_1_13' title="bbox 67 3250 629 3331; baseline 0.011 -25"><span class='ocrx_word' id='word_1_72' title='bbox 67 3251 142 3326; x_wconf 85' lang='lat' dir='ltr'><em>deque</em></span> <span class='ocrx_word' id='word_1_73' title='bbox 162 3253 232 3312; x_wconf 87' lang='lat' dir='ltr'><em>bono</em></span> <span class='ocrx_word' id='word_1_74' title='bbox 252 3266 280 3311; x_wconf 84' lang='lat' dir='ltr'><em>er</em></span> <span class='ocrx_word' id='word_1_75' title='bbox 300 3253 372 3311; x_wconf 89' lang='lat' dir='ltr'><em>malo</em></span> <span class='ocrx_word' id='word_1_76' title='bbox 389 3250 522 3331; x_wconf 81' lang='lat' dir='ltr'><em>prasari</em></span> <span class='ocrx_word' id='word_1_77' title='bbox 543 3254 629 3312; x_wconf 81' lang='lat' dir='ltr'><em>luber.</em></span> 
     </span>
    </p>

    <p class='ocr_par' dir='ltr' id='par_1_9' title="bbox 62 3363 1246 4456">
     <span class='ocr_line' id='line_1_14' title="bbox 102 3363 1241 3445; baseline 0.003 -24"><span class='ocrx_word' id='word_1_78' title='bbox 102 3363 154 3439; x_wconf 80' lang='lat' dir='ltr'><em>Qui</em></span> <span class='ocrx_word' id='word_1_79' title='bbox 173 3382 234 3423; x_wconf 89' lang='lat' dir='ltr'><em>rem</em></span> <span class='ocrx_word' id='word_1_80' title='bbox 253 3363 382 3440; x_wconf 80' lang='lat' dir='ltr'><em>aliquam</em></span> <span class='ocrx_word' id='word_1_81' title='bbox 396 3363 498 3438; x_wconf 85' lang='lat' dir='ltr'><em>faeere</em></span> <span class='ocrx_word' id='word_1_82' title='bbox 519 3363 680 3442; x_wconf 76' lang='lat' dir='ltr'><em>constitnit,</em></span> <span class='ocrx_word' id='word_1_83' title='bbox 699 3383 814 3442; x_wconf 89' lang='lat' dir='ltr'><em>eamque</em></span> <span class='ocrx_word' id='word_1_84' title='bbox 831 3364 957 3444; x_wconf 79' lang='lat' dir='ltr'><em>perfecit</em></span> <span class='ocrx_word' id='word_1_85' title='bbox 963 3409 973 3439; x_wconf 92' lang='lat'>,</span> <span class='ocrx_word' id='word_1_86' title='bbox 996 3383 1055 3426; x_wconf 88' lang='lat' dir='ltr'><em>rem</em></span> <span class='ocrx_word' id='word_1_87' title='bbox 1068 3367 1156 3442; x_wconf 90' lang='lat' dir='ltr'><em>suam</em></span> <span class='ocrx_word' id='word_1_88' title='bbox 1172 3378 1241 3445; x_wconf 78' lang='lat' dir='ltr'><em>per·</em></span> 
     </span>
     <span class='ocr_line' id='line_1_15' title="bbox 62 3471 1243 3555; baseline 0.006 -24"><span class='ocrx_word' id='word_1_89' title='bbox 62 3471 157 3543; x_wconf 73' lang='lat' dir='ltr'><em>seuam</em></span> <span class='ocrx_word' id='word_1_90' title='bbox 187 3476 256 3554; x_wconf 81' lang='lat' dir='ltr'><em>effe,</em></span> <span class='ocrx_word' id='word_1_91' title='bbox 286 3495 340 3534; x_wconf 81' lang='lat' dir='ltr'><em>non</em></span> <span class='ocrx_word' id='word_1_92' title='bbox 371 3489 483 3535; x_wconf 85' lang='lat' dir='ltr'><em>lantum</em></span> <span class='ocrx_word' id='word_1_93' title='bbox 514 3477 591 3555; x_wconf 83' lang='lat' dir='ltr'><em>ipse,</em></span> <span class='ocrx_word' id='word_1_94' title='bbox 613 3477 671 3553; x_wconf 90' lang='lat' dir='ltr'><em>sed</em></span> <span class='ocrx_word' id='word_1_95' title='bbox 697 3482 785 3536; x_wconf 82' lang='lat' dir='ltr'><em>eliam</em></span> <span class='ocrx_word' id='word_1_96' title='bbox 811 3479 1021 3555; x_wconf 77' lang='lat' dir='ltr'><em>unusquisque,</em></span> <span class='ocrx_word' id='word_1_97' title='bbox 1050 3483 1101 3555; x_wconf 90' lang='lat' dir='ltr'><em>qui</em></span> <span class='ocrx_word' id='word_1_98' title='bbox 1126 3491 1243 3538; x_wconf 84' lang='lat' dir='ltr'><em>mentem</em></span> 
     </span>
     <span class='ocr_line' id='line_1_16' title="bbox 70 3583 1244 3669; baseline 0.009 -29"><span class='ocrx_word' id='word_1_99' title='bbox 70 3583 192 3647; x_wconf 72' lang='lat' dir='ltr'><em>Audaris</em></span> <span class='ocrx_word' id='word_1_100' title='bbox 212 3587 293 3646; x_wconf 86' lang='lat' dir='ltr'><em>illius</em></span> <span class='ocrx_word' id='word_1_101' title='bbox 313 3591 407 3667; x_wconf 85' lang='lat' dir='ltr'><em>operis</em></span> <span class='ocrx_word' id='word_1_102' title='bbox 425 3601 453 3646; x_wconf 83' lang='lat' dir='ltr'><em>er</em></span> <span class='ocrx_word' id='word_1_103' title='bbox 464 3590 581 3667; x_wconf 87' lang='lat' dir='ltr'><em>scopum</em></span> <span class='ocrx_word' id='word_1_104' title='bbox 600 3589 672 3648; x_wconf 70' lang='lat' dir='ltr'><em>relle</em></span> <span class='ocrx_word' id='word_1_105' title='bbox 689 3593 818 3664; x_wconf 80' lang='lat' dir='ltr'><em>nouerit,</em></span> <span class='ocrx_word' id='word_1_106' title='bbox 835 3603 888 3648; x_wconf 84' lang='lat' dir='ltr'><em>aut</em></span> <span class='ocrx_word' id='word_1_107' title='bbox 899 3591 935 3666; x_wconf 89' lang='lat' dir='ltr'><em>se</em></span> <span class='ocrx_word' id='word_1_108' title='bbox 952 3591 1056 3669; x_wconf 85' lang='lat' dir='ltr'><em>nouiffe</em></span> <span class='ocrx_word' id='word_1_109' title='bbox 1074 3591 1244 3667; x_wconf 82' lang='lat' dir='ltr'><em>crediderit,</em></span> 
     </span>
     <span class='ocr_line' id='line_1_17' title="bbox 68 3695 1243 3782; baseline 0.009 -32"><span class='ocrx_word' id='word_1_110' title='bbox 68 3695 139 3758; x_wconf 85' lang='lat' dir='ltr'><em>diret.</em></span> <span class='ocrx_word' id='word_1_111' title='bbox 161 3699 220 3758; x_wconf 78' lang='lat' dir='ltr'><em>Ex.</em></span> <span class='ocrx_word' id='word_1_112' title='bbox 228 3716 279 3774; x_wconf 86' lang='lat' dir='ltr'><em>gr.</em></span> <span class='ocrx_word' id='word_1_113' title='bbox 285 3697 313 3775; x_wconf 73' lang='lat' dir='ltr'><em>st</em></span> <span class='ocrx_word' id='word_1_114' title='bbox 329 3702 395 3775; x_wconf 85' lang='lat' dir='ltr'><em>quis</em></span> <span class='ocrx_word' id='word_1_115' title='bbox 413 3701 530 3776; x_wconf 89' lang='lat' dir='ltr'><em>aliquod</em></span> <span class='ocrx_word' id='word_1_116' title='bbox 547 3713 616 3779; x_wconf 84' lang='lat' dir='ltr'><em>opus</em></span> <span class='ocrx_word' id='word_1_117' title='bbox 634 3701 726 3778; x_wconf 89' lang='lat' dir='ltr'><em>(quod</em></span> <span class='ocrx_word' id='word_1_118' title='bbox 733 3701 862 3780; x_wconf 83' lang='lat' dir='ltr'><em>suppono</em></span> <span class='ocrx_word' id='word_1_119' title='bbox 878 3703 998 3762; x_wconf 89' lang='lat' dir='ltr'><em>nondum</em></span> <span class='ocrx_word' id='word_1_120' title='bbox 1017 3703 1068 3781; x_wconf 71' lang='lat' dir='ltr'><em>effe</em></span> <span class='ocrx_word' id='word_1_121' title='bbox 1080 3703 1243 3782; x_wconf 78' lang='lat' dir='ltr'><em>peralluru)</em></span> 
     </span>
     <span class='ocr_line' id='line_1_18' title="bbox 69 3807 1244 3893; baseline 0.011 -33"><span class='ocrx_word' id='word_1_122' title='bbox 69 3807 179 3884; x_wconf 76' lang='lat' dir='ltr'><em>uiderit,</em></span> <span class='ocrx_word' id='word_1_123' title='bbox 197 3815 368 3888; x_wconf 75' lang='lat' dir='ltr'><em>noveritque</em></span> <span class='ocrx_word' id='word_1_124' title='bbox 382 3811 500 3890; x_wconf 89' lang='lat' dir='ltr'><em>scopum</em></span> <span class='ocrx_word' id='word_1_125' title='bbox 522 3811 657 3871; x_wconf 68' lang='lat' dir='ltr'><em>Audaris</em></span> <span class='ocrx_word' id='word_1_126' title='bbox 677 3813 758 3871; x_wconf 88' lang='lat' dir='ltr'><em>illius</em></span> <span class='ocrx_word' id='word_1_127' title='bbox 779 3815 873 3891; x_wconf 77' lang='lat' dir='ltr'><em>operis</em></span> <span class='ocrx_word' id='word_1_128' title='bbox 894 3813 944 3891; x_wconf 84' lang='lat' dir='ltr'><em>effe</em></span> <span class='ocrx_word' id='word_1_129' title='bbox 964 3815 1073 3874; x_wconf 89' lang='lat' dir='ltr'><em>domum</em></span> <span class='ocrx_word' id='word_1_130' title='bbox 1093 3813 1244 3893; x_wconf 79' lang='lat' dir='ltr'><em>adificare,</em></span> 
     </span>
     <span class='ocr_line' id='line_1_19' title="bbox 69 3921 1245 4005; baseline 0.013 -34"><span class='ocrx_word' id='word_1_131' title='bbox 69 3921 90 3974; x_wconf 88' lang='lat' dir='ltr'><em>is</em></span> <span class='ocrx_word' id='word_1_132' title='bbox 107 3921 214 3980; x_wconf 88' lang='lat' dir='ltr'><em>domum</em></span> <span class='ocrx_word' id='word_1_133' title='bbox 233 3921 429 4000; x_wconf 76' lang='lat' dir='ltr'><em>impersellam</em></span> <span class='ocrx_word' id='word_1_134' title='bbox 450 3923 502 4001; x_wconf 79' lang='lat' dir='ltr'><em>effe</em></span> <span class='ocrx_word' id='word_1_135' title='bbox 521 3924 612 3998; x_wconf 84' lang='lat' dir='ltr'><em>dicer,</em></span> <span class='ocrx_word' id='word_1_136' title='bbox 633 3937 661 3982; x_wconf 82' lang='lat' dir='ltr'><em>er</em></span> <span class='ocrx_word' id='word_1_137' title='bbox 682 3937 782 3983; x_wconf 86' lang='lat' dir='ltr'><em>contra</em></span> <span class='ocrx_word' id='word_1_138' title='bbox 800 3923 973 4004; x_wconf 78' lang='lat' dir='ltr'><em>perfellam,</em></span> <span class='ocrx_word' id='word_1_139' title='bbox 988 3925 1160 4003; x_wconf 84' lang='lat' dir='ltr'><em>fimulalque</em></span> <span class='ocrx_word' id='word_1_140' title='bbox 1176 3939 1245 4005; x_wconf 78' lang='lat' dir='ltr'><em>opus</em></span> 
     </span>
     <span class='ocr_line' id='line_1_20' title="bbox 69 4024 1243 4117; baseline 0.008 -27"><span class='ocrx_word' id='word_1_141' title='bbox 69 4032 104 4089; x_wconf 87' lang='lat' dir='ltr'><em>ad</em></span> <span class='ocrx_word' id='word_1_142' title='bbox 116 4024 213 4110; x_wconf 78' lang='lat' dir='ltr'><em>finem,</em></span> <span class='ocrx_word' id='word_1_143' title='bbox 230 4053 310 4112; x_wconf 85' lang='lat' dir='ltr'><em>quem</em></span> <span class='ocrx_word' id='word_1_144' title='bbox 327 4035 389 4110; x_wconf 84' lang='lat' dir='ltr'><em>ejus</em></span> <span class='ocrx_word' id='word_1_145' title='bbox 405 4035 516 4095; x_wconf 75' lang='lat' dir='ltr'><em>Audor</em></span> <span class='ocrx_word' id='word_1_146' title='bbox 532 4037 620 4096; x_wconf 85' lang='lat' dir='ltr'><em>eidem</em></span> <span class='ocrx_word' id='word_1_147' title='bbox 636 4037 709 4096; x_wconf 87' lang='lat' dir='ltr'><em>dare</em></span> <span class='ocrx_word' id='word_1_148' title='bbox 726 4037 926 4115; x_wconf 76' lang='lat' dir='ltr'><em>constituerat,</em></span> <span class='ocrx_word' id='word_1_149' title='bbox 939 4039 1107 4117; x_wconf 79' lang='lat' dir='ltr'><em>perdullum</em></span> <span class='ocrx_word' id='word_1_150' title='bbox 1124 4039 1243 4099; x_wconf 78' lang='lat' dir='ltr'><em>uiderit.</em></span> 
     </span>
     <span class='ocr_line' id='line_1_21' title="bbox 72 4143 1246 4225; baseline 0.006 -24"><span class='ocrx_word' id='word_1_151' title='bbox 72 4143 168 4203; x_wconf 88' lang='lat' dir='ltr'><em>Verum</em></span> <span class='ocrx_word' id='word_1_152' title='bbox 183 4145 211 4223; x_wconf 72' lang='lat' dir='ltr'><em>fi</em></span> <span class='ocrx_word' id='word_1_153' title='bbox 229 4150 294 4223; x_wconf 86' lang='lat' dir='ltr'><em>quis</em></span> <span class='ocrx_word' id='word_1_154' title='bbox 320 4158 389 4225; x_wconf 78' lang='lat' dir='ltr'><em>opus</em></span> <span class='ocrx_word' id='word_1_155' title='bbox 408 4148 527 4224; x_wconf 90' lang='lat' dir='ltr'><em>aliquod</em></span> <span class='ocrx_word' id='word_1_156' title='bbox 544 4149 641 4223; x_wconf 75' lang='lat' dir='ltr'><em>uldel,</em></span> <span class='ocrx_word' id='word_1_157' title='bbox 670 4149 751 4223; x_wconf 87' lang='lat' dir='ltr'><em>cujus</em></span> <span class='ocrx_word' id='word_1_158' title='bbox 767 4148 857 4225; x_wconf 81' lang='lat' dir='ltr'><em>fimile</em></span> <span class='ocrx_word' id='word_1_159' title='bbox 877 4167 1021 4225; x_wconf 87' lang='lat' dir='ltr'><em>nunquam</em></span> <span class='ocrx_word' id='word_1_160' title='bbox 1042 4150 1177 4224; x_wconf 82' lang='lat' dir='ltr'><em>viderat,</em></span> <span class='ocrx_word' id='word_1_161' title='bbox 1196 4169 1246 4209; x_wconf 86' lang='lat' dir='ltr'><em>nec</em></span> 
     </span>
     <span class='ocr_line' id='line_1_22' title="bbox 71 4257 1245 4341; baseline 0.007 -29"><span class='ocrx_word' id='word_1_162' title='bbox 71 4270 176 4315; x_wconf 76' lang='lat' dir='ltr'><em>mentem</em></span> <span class='ocrx_word' id='word_1_163' title='bbox 193 4257 301 4337; x_wconf 75' lang='lat' dir='ltr'><em>opificis</em></span> <span class='ocrx_word' id='word_1_164' title='bbox 317 4263 411 4334; x_wconf 84' lang='lat' dir='ltr'><em>nouit,</em></span> <span class='ocrx_word' id='word_1_165' title='bbox 429 4263 456 4318; x_wconf 88' lang='lat' dir='ltr'><em>is</em></span> <span class='ocrx_word' id='word_1_166' title='bbox 468 4261 543 4335; x_wconf 77' lang='lat' dir='ltr'><em>soree</em></span> <span class='ocrx_word' id='word_1_167' title='bbox 554 4261 636 4336; x_wconf 90' lang='lat' dir='ltr'><em>scire</em></span> <span class='ocrx_word' id='word_1_168' title='bbox 650 4280 704 4318; x_wconf 92' lang='lat' dir='ltr'><em>non</em></span> <span class='ocrx_word' id='word_1_169' title='bbox 710 4265 835 4339; x_wconf 78' lang='lat' dir='ltr'><em>poterii,</em></span> <span class='ocrx_word' id='word_1_170' title='bbox 846 4263 949 4340; x_wconf 87' lang='lat' dir='ltr'><em>opusne</em></span> <span class='ocrx_word' id='word_1_171' title='bbox 958 4262 1032 4322; x_wconf 90' lang='lat' dir='ltr'><em>illud</em></span> <span class='ocrx_word' id='word_1_172' title='bbox 1036 4261 1196 4341; x_wconf 66' lang='lat' dir='ltr'><em>persedum</em></span> <span class='ocrx_word' id='word_1_173' title='bbox 1206 4281 1245 4321; x_wconf 91' lang='lat' dir='ltr'><em>an</em></span> 
     </span>
     <span class='ocr_line' id='line_1_23' title="bbox 71 4367 1244 4456; baseline 0.014 -34"><span class='ocrx_word' id='word_1_174' title='bbox 71 4367 252 4447; x_wconf 71' lang='lat' dir='ltr'><em>impersellum</em></span> <span class='ocrx_word' id='word_1_175' title='bbox 266 4370 316 4451; x_wconf 75' lang='lat' dir='ltr'><em>fir,</em></span> <span class='ocrx_word' id='word_1_176' title='bbox 359 4371 455 4449; x_wconf 79' lang='lat' dir='ltr'><em>Atque</em></span> <span class='ocrx_word' id='word_1_177' title='bbox 479 4370 539 4434; x_wconf 80' lang='lat' dir='ltr'><em>loeo</em></span> <span class='ocrx_word' id='word_1_178' title='bbox 562 4373 681 4435; x_wconf 79' lang='lat' dir='ltr'><em>uidetur</em></span> <span class='ocrx_word' id='word_1_179' title='bbox 697 4377 799 4453; x_wconf 78' lang='lat' dir='ltr'><em>prima</em></span> <span class='ocrx_word' id='word_1_180' title='bbox 813 4373 902 4456; x_wconf 74' lang='lat' dir='ltr'><em>fniffi</em></span> <span class='ocrx_word' id='word_1_181' title='bbox 923 4373 1025 4439; x_wconf 80' lang='lat' dir='ltr'><em>noram</em></span> <span class='ocrx_word' id='word_1_182' title='bbox 1044 4373 1244 4440; x_wconf 82' lang='lat' dir='ltr'><em>uocabulorum</em></span> 
     </span>
    </p>
   </div>
   <div class='ocr_carea' id='block_1_9' title="bbox 0 0 1479 4900">
    <p class='ocr_par' dir='ltr' id='par_1_10' title="bbox 0 0 1479 4900">
     <span class='ocr_line' id='line_1_24' title="bbox 0 0 1479 4900; baseline 0 0"><span class='ocrx_word' id='word_1_183' title='bbox 0 0 1479 4900; x_wconf 95' lang='lat' dir='ltr'><em> </em></span> 
     </span>
    </p>
   </div>
  </div>
 </body>
</html>
