<?xml version="1.0" encoding="UTF-8"?>
<!DOCTYPE html PUBLIC "-//W3C//DTD XHTML 1.0 Transitional//EN"
    "http://www.w3.org/TR/xhtml1/DTD/xhtml1-transitional.dtd">
<html xmlns="http://www.w3.org/1999/xhtml" xml:lang="en" lang="en">
 <head>
  <title>
</title>
<meta http-equiv="Content-Type" content="text/html;charset=utf-8" />
  <meta name='ocr-system' content='tesseract 3.04.00' />
  <meta name='ocr-capabilities' content='ocr_page ocr_carea ocr_par ocr_line ocrx_word'/>
</head>
<body>
  <div class='ocr_page' id='page_1' title='image "benedictidespin02landgoog_0056.png"; bbox 0 0 2934 4900; ppageno 0'>
   <div class='ocr_carea' id='block_1_1' title="bbox 199 328 966 412">
    <p class='ocr_par' dir='ltr' id='par_1_1' title="bbox 199 328 966 412">
     <span class='ocr_line' id='line_1_1' title="bbox 199 328 966 412; baseline -0.004 -17"><span class='ocrx_word' id='word_1_1' title='bbox 199 350 237 412; x_wconf 80' lang='lat'>32</span> <span class='ocrx_word' id='word_1_2' title='bbox 612 336 666 397; x_wconf 94' lang='lat' dir='ltr'>De</span> <span class='ocrx_word' id='word_1_3' title='bbox 698 328 966 395; x_wconf 82' lang='lat' dir='ltr'>Intellectus</span> 
     </span>
    </p>
   </div>
   <div class='ocr_carea' id='block_1_2' title="bbox 190 508 1385 4381">
    <p class='ocr_par' dir='ltr' id='par_1_2' title="bbox 195 508 1385 1035">
     <span class='ocr_line' id='line_1_2' title="bbox 237 508 1385 586; baseline -0.001 -15"><span class='ocrx_word' id='word_1_4' title='bbox 237 513 259 571; x_wconf 92' lang='lat' dir='ltr'>l.</span> <span class='ocrx_word' id='word_1_5' title='bbox 300 512 331 573; x_wconf 87' lang='lat' dir='ltr'>si</span> <span class='ocrx_word' id='word_1_6' title='bbox 351 528 396 573; x_wconf 89' lang='lat' dir='ltr'>res</span> <span class='ocrx_word' id='word_1_7' title='bbox 416 511 451 572; x_wconf 84' lang='lat' dir='ltr'>srt</span> <span class='ocrx_word' id='word_1_8' title='bbox 472 527 581 586; x_wconf 88' lang='lat' dir='ltr'>creata,</span> <span class='ocrx_word' id='word_1_9' title='bbox 601 510 736 572; x_wconf 87' lang='lat' dir='ltr'>definitio</span> <span class='ocrx_word' id='word_1_10' title='bbox 757 508 892 585; x_wconf 86' lang='lat' dir='ltr'>debebit,</span> <span class='ocrx_word' id='word_1_11' title='bbox 912 509 958 571; x_wconf 91' lang='lat' dir='ltr'>uti</span> <span class='ocrx_word' id='word_1_12' title='bbox 978 508 1385 586; x_wconf 87' lang='lat' dir='ltr'>diximus,comprehendere</span> 
     </span>
     <span class='ocr_line' id='line_1_3' title="bbox 197 620 1385 701; baseline -0.001 -18"><span class='ocrx_word' id='word_1_13' title='bbox 197 624 309 684; x_wconf 90' lang='lat' dir='ltr'>causam</span> <span class='ocrx_word' id='word_1_14' title='bbox 336 622 505 699; x_wconf 83' lang='lat' dir='ltr'>proximam.</span> <span class='ocrx_word' id='word_1_15' title='bbox 546 623 603 683; x_wconf 89' lang='lat' dir='ltr'>Ex.</span> <span class='ocrx_word' id='word_1_16' title='bbox 624 642 664 701; x_wconf 89' lang='lat' dir='ltr'>gr.</span> <span class='ocrx_word' id='word_1_17' title='bbox 685 622 812 683; x_wconf 88' lang='lat' dir='ltr'>circulus</span> <span class='ocrx_word' id='word_1_18' title='bbox 838 621 995 683; x_wconf 89' lang='lat' dir='ltr'>secundum</span> <span class='ocrx_word' id='word_1_19' title='bbox 1024 623 1098 683; x_wconf 90' lang='lat' dir='ltr'>lmnc</span> <span class='ocrx_word' id='word_1_20' title='bbox 1126 624 1219 701; x_wconf 85' lang='lat' dir='ltr'>legem</span> <span class='ocrx_word' id='word_1_21' title='bbox 1250 622 1289 683; x_wconf 86' lang='lat' dir='ltr'>sle</span> <span class='ocrx_word' id='word_1_22' title='bbox 1310 620 1385 683; x_wconf 82' lang='lat' dir='ltr'>eliet</span> 
     </span>
     <span class='ocr_line' id='line_1_4' title="bbox 197 732 1384 813; baseline -0.001 -18"><span class='ocrx_word' id='word_1_23' title='bbox 197 733 394 796; x_wconf 85' lang='lat' dir='ltr'>definiendus:</span> <span class='ocrx_word' id='word_1_24' title='bbox 423 752 488 795; x_wconf 91' lang='lat' dir='ltr'>eum</span> <span class='ocrx_word' id='word_1_25' title='bbox 517 732 574 794; x_wconf 81' lang='lat' dir='ltr'>else</span> <span class='ocrx_word' id='word_1_26' title='bbox 601 734 737 813; x_wconf 85' lang='lat' dir='ltr'>figuram,</span> <span class='ocrx_word' id='word_1_27' title='bbox 766 752 832 809; x_wconf 84' lang='lat' dir='ltr'>quae</span> <span class='ocrx_word' id='word_1_28' title='bbox 860 732 1033 794; x_wconf 86' lang='lat' dir='ltr'>describitur</span> <span class='ocrx_word' id='word_1_29' title='bbox 1053 752 1069 793; x_wconf 90' lang='lat' dir='ltr'>a</span> <span class='ocrx_word' id='word_1_30' title='bbox 1089 732 1166 794; x_wconf 88' lang='lat' dir='ltr'>linea</span> <span class='ocrx_word' id='word_1_31' title='bbox 1187 751 1384 810; x_wconf 90' lang='lat' dir='ltr'>quacunque,</span> 
     </span>
     <span class='ocr_line' id='line_1_5' title="bbox 196 844 1382 922; baseline -0.001 -16"><span class='ocrx_word' id='word_1_32' title='bbox 196 844 280 921; x_wconf 91' lang='lat' dir='ltr'>cujus</span> <span class='ocrx_word' id='word_1_33' title='bbox 302 845 356 906; x_wconf 89' lang='lat' dir='ltr'>alia</span> <span class='ocrx_word' id='word_1_34' title='bbox 377 845 545 907; x_wconf 79' lang='lat' dir='ltr'>extremitas</span> <span class='ocrx_word' id='word_1_35' title='bbox 566 846 607 907; x_wconf 86' lang='lat' dir='ltr'>est</span> <span class='ocrx_word' id='word_1_36' title='bbox 627 846 701 921; x_wconf 88' lang='lat' dir='ltr'>lixa,</span> <span class='ocrx_word' id='word_1_37' title='bbox 723 844 778 906; x_wconf 86' lang='lat' dir='ltr'>alia</span> <span class='ocrx_word' id='word_1_38' title='bbox 799 844 936 922; x_wconf 81' lang='lat' dir='ltr'>mobilis3</span> <span class='ocrx_word' id='word_1_39' title='bbox 959 864 1025 922; x_wconf 87' lang='lat' dir='ltr'>quae</span> <span class='ocrx_word' id='word_1_40' title='bbox 1045 844 1181 907; x_wconf 87' lang='lat' dir='ltr'>definitio</span> <span class='ocrx_word' id='word_1_41' title='bbox 1202 847 1278 906; x_wconf 88' lang='lat' dir='ltr'>clare</span> <span class='ocrx_word' id='word_1_42' title='bbox 1299 863 1382 907; x_wconf 90' lang='lat' dir='ltr'>com·</span> 
     </span>
     <span class='ocr_line' id='line_1_6' title="bbox 195 958 672 1035; baseline -0.002 -17"><span class='ocrx_word' id='word_1_43' title='bbox 195 958 348 1032; x_wconf 85' lang='lat' dir='ltr'>prehendit</span> <span class='ocrx_word' id='word_1_44' title='bbox 369 958 480 1019; x_wconf 87' lang='lat' dir='ltr'>caulam</span> <span class='ocrx_word' id='word_1_45' title='bbox 503 958 672 1035; x_wconf 87' lang='lat' dir='ltr'>proximam.</span> 
     </span>
    </p>

    <p class='ocr_par' dir='ltr' id='par_1_3' title="bbox 193 1068 1382 2262">
     <span class='ocr_line' id='line_1_7' title="bbox 234 1068 1382 1146; baseline -0.003 -18"><span class='ocrx_word' id='word_1_46' title='bbox 234 1070 271 1129; x_wconf 88' lang='lat'>11.</span> <span class='ocrx_word' id='word_1_47' title='bbox 312 1069 394 1130; x_wconf 87' lang='lat' dir='ltr'>Talis</span> <span class='ocrx_word' id='word_1_48' title='bbox 421 1068 577 1146; x_wconf 86' lang='lat' dir='ltr'>requiritur</span> <span class='ocrx_word' id='word_1_49' title='bbox 602 1084 767 1145; x_wconf 88' lang='lat' dir='ltr'>conceptus</span> <span class='ocrx_word' id='word_1_50' title='bbox 794 1068 852 1144; x_wconf 88' lang='lat' dir='ltr'>rei,</span> <span class='ocrx_word' id='word_1_51' title='bbox 879 1068 939 1132; x_wconf 85' lang='lat' dir='ltr'>slve</span> <span class='ocrx_word' id='word_1_52' title='bbox 959 1069 1111 1145; x_wconf 80' lang='lat' dir='ltr'>delinitio,</span> <span class='ocrx_word' id='word_1_53' title='bbox 1132 1086 1166 1131; x_wconf 93' lang='lat' dir='ltr'>ut</span> <span class='ocrx_word' id='word_1_54' title='bbox 1187 1088 1290 1131; x_wconf 87' lang='lat' dir='ltr'>omnes</span> <span class='ocrx_word' id='word_1_55' title='bbox 1310 1087 1382 1146; x_wconf 93' lang='lat' dir='ltr'>pro.</span> 
     </span>
     <span class='ocr_line' id='line_1_8' title="bbox 195 1180 1379 1258; baseline 0.003 -18"><span class='ocrx_word' id='word_1_56' title='bbox 195 1180 333 1255; x_wconf 86' lang='lat' dir='ltr'>prietates</span> <span class='ocrx_word' id='word_1_57' title='bbox 360 1180 417 1255; x_wconf 91' lang='lat' dir='ltr'>rei,</span> <span class='ocrx_word' id='word_1_58' title='bbox 445 1183 513 1243; x_wconf 93' lang='lat' dir='ltr'>dum</span> <span class='ocrx_word' id='word_1_59' title='bbox 542 1180 618 1255; x_wconf 88' lang='lat' dir='ltr'>sola,</span> <span class='ocrx_word' id='word_1_60' title='bbox 646 1200 706 1243; x_wconf 89' lang='lat' dir='ltr'>non</span> <span class='ocrx_word' id='word_1_61' title='bbox 732 1198 829 1243; x_wconf 89' lang='lat' dir='ltr'>autem</span> <span class='ocrx_word' id='word_1_62' title='bbox 849 1200 914 1243; x_wconf 92' lang='lat' dir='ltr'>cum</span> <span class='ocrx_word' id='word_1_63' title='bbox 939 1181 1003 1243; x_wconf 83' lang='lat' dir='ltr'>aliis</span> <span class='ocrx_word' id='word_1_64' title='bbox 1030 1181 1187 1258; x_wconf 75' lang='lat' dir='ltr'>conjurata</span> <span class='ocrx_word' id='word_1_65' title='bbox 1215 1182 1379 1258; x_wconf 72' lang='lat' dir='ltr'>spedatur,</span> 
     </span>
     <span class='ocr_line' id='line_1_9' title="bbox 195 1292 1380 1369; baseline 0 -16"><span class='ocrx_word' id='word_1_66' title='bbox 195 1311 232 1353; x_wconf 90' lang='lat' dir='ltr'>ex</span> <span class='ocrx_word' id='word_1_67' title='bbox 253 1310 286 1353; x_wconf 88' lang='lat' dir='ltr'>ea</span> <span class='ocrx_word' id='word_1_68' title='bbox 307 1292 443 1355; x_wconf 90' lang='lat' dir='ltr'>concludi</span> <span class='ocrx_word' id='word_1_69' title='bbox 465 1292 586 1369; x_wconf 89' lang='lat' dir='ltr'>polsrnt,</span> <span class='ocrx_word' id='word_1_70' title='bbox 609 1292 652 1355; x_wconf 89' lang='lat' dir='ltr'>uti</span> <span class='ocrx_word' id='word_1_71' title='bbox 673 1293 702 1353; x_wconf 90' lang='lat' dir='ltr'>in</span> <span class='ocrx_word' id='word_1_72' title='bbox 725 1294 778 1353; x_wconf 88' lang='lat' dir='ltr'>hac</span> <span class='ocrx_word' id='word_1_73' title='bbox 800 1292 972 1355; x_wconf 87' lang='lat' dir='ltr'>delinitione</span> <span class='ocrx_word' id='word_1_74' title='bbox 993 1292 1094 1354; x_wconf 90' lang='lat' dir='ltr'>circuli</span> <span class='ocrx_word' id='word_1_75' title='bbox 1114 1293 1215 1355; x_wconf 90' lang='lat' dir='ltr'>videre</span> <span class='ocrx_word' id='word_1_76' title='bbox 1237 1292 1287 1354; x_wconf 87' lang='lat' dir='ltr'>est.</span> <span class='ocrx_word' id='word_1_77' title='bbox 1302 1295 1380 1354; x_wconf 89' lang='lat' dir='ltr'>Nam</span> 
     </span>
     <span class='ocr_line' id='line_1_10' title="bbox 195 1403 1379 1489; baseline 0.001 -24"><span class='ocrx_word' id='word_1_78' title='bbox 195 1423 232 1465; x_wconf 93' lang='lat' dir='ltr'>ex</span> <span class='ocrx_word' id='word_1_79' title='bbox 261 1424 294 1465; x_wconf 89' lang='lat' dir='ltr'>en</span> <span class='ocrx_word' id='word_1_80' title='bbox 321 1406 396 1467; x_wconf 90' lang='lat' dir='ltr'>clare</span> <span class='ocrx_word' id='word_1_81' title='bbox 424 1404 629 1489; x_wconf 86' lang='lat' dir='ltr'>concluditur,</span> <span class='ocrx_word' id='word_1_82' title='bbox 653 1424 754 1467; x_wconf 85' lang='lat' dir='ltr'>omnes</span> <span class='ocrx_word' id='word_1_83' title='bbox 774 1403 866 1468; x_wconf 88' lang='lat' dir='ltr'>lineas</span> <span class='ocrx_word' id='word_1_84' title='bbox 888 1426 905 1467; x_wconf 92' lang='lat' dir='ltr'>a</span> <span class='ocrx_word' id='word_1_85' title='bbox 925 1422 1027 1469; x_wconf 90' lang='lat' dir='ltr'>centro</span> <span class='ocrx_word' id='word_1_86' title='bbox 1055 1409 1091 1469; x_wconf 91' lang='lat' dir='ltr'>ad</span> <span class='ocrx_word' id='word_1_87' title='bbox 1119 1405 1379 1467; x_wconf 81' lang='lat' dir='ltr'>circumferentiam</span> 
     </span>
     <span class='ocr_line' id='line_1_11' title="bbox 195 1516 1379 1595; baseline 0 -18"><span class='ocrx_word' id='word_1_88' title='bbox 195 1518 296 1577; x_wconf 78' lang='lat' dir='ltr'>dulles</span> <span class='ocrx_word' id='word_1_89' title='bbox 324 1518 450 1593; x_wconf 87' lang='lat' dir='ltr'>aequales</span> <span class='ocrx_word' id='word_1_90' title='bbox 478 1516 551 1592; x_wconf 80' lang='lat' dir='ltr'>elle;</span> <span class='ocrx_word' id='word_1_91' title='bbox 579 1520 720 1594; x_wconf 86' lang='lat' dir='ltr'>quodque</span> <span class='ocrx_word' id='word_1_92' title='bbox 748 1519 805 1579; x_wconf 88' lang='lat' dir='ltr'>hoc</span> <span class='ocrx_word' id='word_1_93' title='bbox 826 1517 861 1580; x_wconf 88' lang='lat' dir='ltr'>fit</span> <span class='ocrx_word' id='word_1_94' title='bbox 882 1517 1067 1580; x_wconf 84' lang='lat' dir='ltr'>necellarium</span> <span class='ocrx_word' id='word_1_95' title='bbox 1087 1517 1255 1595; x_wconf 79' lang='lat' dir='ltr'>requiritum</span> <span class='ocrx_word' id='word_1_96' title='bbox 1276 1516 1379 1578; x_wconf 92' lang='lat' dir='ltr'>delini·</span> 
     </span>
     <span class='ocr_line' id='line_1_12' title="bbox 194 1626 1381 1705; baseline 0 -18"><span class='ocrx_word' id='word_1_97' title='bbox 194 1626 304 1702; x_wconf 91' lang='lat' dir='ltr'>rionis,</span> <span class='ocrx_word' id='word_1_98' title='bbox 338 1631 412 1689; x_wconf 89' lang='lat' dir='ltr'>adeo</span> <span class='ocrx_word' id='word_1_99' title='bbox 443 1646 496 1705; x_wconf 89' lang='lat' dir='ltr'>per</span> <span class='ocrx_word' id='word_1_100' title='bbox 526 1628 554 1689; x_wconf 91' lang='lat' dir='ltr'>se</span> <span class='ocrx_word' id='word_1_101' title='bbox 587 1628 628 1689; x_wconf 90' lang='lat' dir='ltr'>est</span> <span class='ocrx_word' id='word_1_102' title='bbox 659 1628 825 1691; x_wconf 87' lang='lat' dir='ltr'>attendenti</span> <span class='ocrx_word' id='word_1_103' title='bbox 855 1629 1055 1704; x_wconf 84' lang='lat' dir='ltr'>manifestum,</span> <span class='ocrx_word' id='word_1_104' title='bbox 1086 1646 1121 1690; x_wconf 94' lang='lat' dir='ltr'>ut</span> <span class='ocrx_word' id='word_1_105' title='bbox 1153 1647 1213 1690; x_wconf 90' lang='lat' dir='ltr'>non</span> <span class='ocrx_word' id='word_1_106' title='bbox 1243 1627 1381 1690; x_wconf 88' lang='lat' dir='ltr'>videatur</span> 
     </span>
     <span class='ocr_line' id='line_1_13' title="bbox 195 1736 1379 1813; baseline 0.001 -17"><span class='ocrx_word' id='word_1_107' title='bbox 195 1754 290 1812; x_wconf 87' lang='lat' dir='ltr'>operae</span> <span class='ocrx_word' id='word_1_108' title='bbox 312 1736 436 1811; x_wconf 88' lang='lat' dir='ltr'>pretium</span> <span class='ocrx_word' id='word_1_109' title='bbox 465 1736 494 1797; x_wconf 91' lang='lat' dir='ltr'>in</span> <span class='ocrx_word' id='word_1_110' title='bbox 522 1736 610 1812; x_wconf 82' lang='lat' dir='ltr'>ipsius</span> <span class='ocrx_word' id='word_1_111' title='bbox 633 1736 879 1800; x_wconf 87' lang='lat' dir='ltr'>demonstratione</span> <span class='ocrx_word' id='word_1_112' title='bbox 899 1738 1020 1813; x_wconf 89' lang='lat' dir='ltr'>morari,</span> <span class='ocrx_word' id='word_1_113' title='bbox 1043 1756 1097 1799; x_wconf 88' lang='lat' dir='ltr'>nec</span> <span class='ocrx_word' id='word_1_114' title='bbox 1118 1738 1205 1799; x_wconf 89' lang='lat' dir='ltr'>etiam</span> <span class='ocrx_word' id='word_1_115' title='bbox 1227 1738 1379 1801; x_wconf 90' lang='lat' dir='ltr'>ostendere</span> 
     </span>
     <span class='ocr_line' id='line_1_14' title="bbox 194 1847 1378 1925; baseline 0.002 -16"><span class='ocrx_word' id='word_1_116' title='bbox 194 1866 231 1909; x_wconf 92' lang='lat' dir='ltr'>ex</span> <span class='ocrx_word' id='word_1_117' title='bbox 258 1850 315 1910; x_wconf 90' lang='lat' dir='ltr'>hoc</span> <span class='ocrx_word' id='word_1_118' title='bbox 341 1848 468 1911; x_wconf 91' lang='lat' dir='ltr'>secundo</span> <span class='ocrx_word' id='word_1_119' title='bbox 490 1847 645 1925; x_wconf 85' lang='lat' dir='ltr'>requisrto,</span> <span class='ocrx_word' id='word_1_120' title='bbox 667 1868 782 1912; x_wconf 90' lang='lat' dir='ltr'>omnem</span> <span class='ocrx_word' id='word_1_121' title='bbox 802 1849 1003 1912; x_wconf 87' lang='lat' dir='ltr'>definitionem</span> <span class='ocrx_word' id='word_1_122' title='bbox 1025 1853 1131 1913; x_wconf 89' lang='lat' dir='ltr'>debere</span> <span class='ocrx_word' id='word_1_123' title='bbox 1152 1850 1210 1911; x_wconf 87' lang='lat' dir='ltr'>elle</span> <span class='ocrx_word' id='word_1_124' title='bbox 1230 1850 1378 1911; x_wconf 85' lang='lat' dir='ltr'>affirmari·</span> 
     </span>
     <span class='ocr_line' id='line_1_15' title="bbox 193 1940 1378 2037; baseline 0.001 -17"><span class='ocrx_word' id='word_1_125' title='bbox 193 1978 268 2021; x_wconf 91' lang='lat' dir='ltr'>vam.</span> <span class='ocrx_word' id='word_1_126' title='bbox 309 1961 432 2036; x_wconf 92' lang='lat' dir='ltr'>Loquor</span> <span class='ocrx_word' id='word_1_127' title='bbox 451 1962 488 2021; x_wconf 92' lang='lat' dir='ltr'>de</span> <span class='ocrx_word' id='word_1_128' title='bbox 509 1940 699 2021; x_wconf 86' lang='lat' dir='ltr'>affirmatione</span> <span class='ocrx_word' id='word_1_129' title='bbox 720 1960 917 2037; x_wconf 76' lang='lat' dir='ltr'>intellelliva,</span> <span class='ocrx_word' id='word_1_130' title='bbox 938 1980 1038 2037; x_wconf 90' lang='lat' dir='ltr'>parum</span> <span class='ocrx_word' id='word_1_131' title='bbox 1060 1965 1189 2023; x_wconf 89' lang='lat' dir='ltr'>curando</span> <span class='ocrx_word' id='word_1_132' title='bbox 1211 1963 1378 2037; x_wconf 85' lang='lat' dir='ltr'>verbalem,</span> 
     </span>
     <span class='ocr_line' id='line_1_16' title="bbox 193 2072 1379 2152; baseline 0.003 -21"><span class='ocrx_word' id='word_1_133' title='bbox 193 2090 258 2148; x_wconf 82' lang='lat' dir='ltr'>quae</span> <span class='ocrx_word' id='word_1_134' title='bbox 280 2086 400 2147; x_wconf 90' lang='lat' dir='ltr'>propter</span> <span class='ocrx_word' id='word_1_135' title='bbox 425 2075 581 2135; x_wconf 89' lang='lat' dir='ltr'>verborum</span> <span class='ocrx_word' id='word_1_136' title='bbox 608 2073 756 2148; x_wconf 90' lang='lat' dir='ltr'>penuriam</span> <span class='ocrx_word' id='word_1_137' title='bbox 786 2072 898 2148; x_wconf 91' lang='lat' dir='ltr'>poterit</span> <span class='ocrx_word' id='word_1_138' title='bbox 920 2072 1037 2135; x_wconf 81' lang='lat' dir='ltr'>fortalse</span> <span class='ocrx_word' id='word_1_139' title='bbox 1059 2073 1217 2151; x_wconf 89' lang='lat' dir='ltr'>aliquando</span> <span class='ocrx_word' id='word_1_140' title='bbox 1238 2074 1379 2152; x_wconf 85' lang='lat' dir='ltr'>negative</span> 
     </span>
     <span class='ocr_line' id='line_1_17' title="bbox 193 2182 887 2262; baseline -0.001 -18"><span class='ocrx_word' id='word_1_141' title='bbox 193 2182 332 2259; x_wconf 88' lang='lat' dir='ltr'>exprimi,</span> <span class='ocrx_word' id='word_1_142' title='bbox 354 2183 487 2259; x_wconf 88' lang='lat' dir='ltr'>quamvis</span> <span class='ocrx_word' id='word_1_143' title='bbox 509 2182 679 2247; x_wconf 84' lang='lat' dir='ltr'>affimtative</span> <span class='ocrx_word' id='word_1_144' title='bbox 699 2183 887 2262; x_wconf 82' lang='lat' dir='ltr'>intelligatur.</span> 
     </span>
    </p>

    <p class='ocr_par' dir='ltr' id='par_1_4' title="bbox 231 2294 1063 2372">
     <span class='ocr_line' id='line_1_18' title="bbox 231 2294 1063 2372; baseline 0 -17"><span class='ocrx_word' id='word_1_145' title='bbox 231 2294 419 2356; x_wconf 82' lang='lat' dir='ltr'>Definitionis</span> <span class='ocrx_word' id='word_1_146' title='bbox 441 2313 511 2356; x_wconf 90' lang='lat' dir='ltr'>vero</span> <span class='ocrx_word' id='word_1_147' title='bbox 533 2294 573 2355; x_wconf 90' lang='lat' dir='ltr'>rei</span> <span class='ocrx_word' id='word_1_148' title='bbox 595 2295 728 2357; x_wconf 91' lang='lat' dir='ltr'>increatae</span> <span class='ocrx_word' id='word_1_149' title='bbox 749 2296 811 2356; x_wconf 84' lang='lat' dir='ltr'>haec</span> <span class='ocrx_word' id='word_1_150' title='bbox 833 2295 899 2357; x_wconf 89' lang='lat' dir='ltr'>sunt</span> <span class='ocrx_word' id='word_1_151' title='bbox 918 2294 1063 2372; x_wconf 80' lang='lat' dir='ltr'>requisita.</span> 
     </span>
    </p>

    <p class='ocr_par' dir='ltr' id='par_1_5' title="bbox 194 2406 1372 2597">
     <span class='ocr_line' id='line_1_19' title="bbox 231 2406 1372 2484; baseline 0.002 -16"><span class='ocrx_word' id='word_1_152' title='bbox 231 2408 254 2468; x_wconf 91' lang='lat'>1.</span> <span class='ocrx_word' id='word_1_153' title='bbox 297 2409 342 2470; x_wconf 90' lang='lat' dir='ltr'>Ut</span> <span class='ocrx_word' id='word_1_154' title='bbox 372 2425 485 2469; x_wconf 88' lang='lat' dir='ltr'>omnem</span> <span class='ocrx_word' id='word_1_155' title='bbox 516 2407 628 2470; x_wconf 86' lang='lat' dir='ltr'>caulam</span> <span class='ocrx_word' id='word_1_156' title='bbox 659 2406 807 2481; x_wconf 88' lang='lat' dir='ltr'>secludat,</span> <span class='ocrx_word' id='word_1_157' title='bbox 836 2407 894 2468; x_wconf 89' lang='lat' dir='ltr'>hoc</span> <span class='ocrx_word' id='word_1_158' title='bbox 926 2408 986 2482; x_wconf 88' lang='lat' dir='ltr'>est,</span> <span class='ocrx_word' id='word_1_159' title='bbox 1017 2406 1164 2484; x_wconf 73' lang='lat' dir='ltr'>objelium</span> <span class='ocrx_word' id='word_1_160' title='bbox 1196 2408 1278 2469; x_wconf 89' lang='lat' dir='ltr'>nullo</span> <span class='ocrx_word' id='word_1_161' title='bbox 1312 2407 1372 2470; x_wconf 89' lang='lat' dir='ltr'>alio</span> 
     </span>
     <span class='ocr_line' id='line_1_20' title="bbox 194 2517 958 2597; baseline 0.001 -19"><span class='ocrx_word' id='word_1_162' title='bbox 194 2534 298 2594; x_wconf 86' lang='lat' dir='ltr'>praeter</span> <span class='ocrx_word' id='word_1_163' title='bbox 318 2519 398 2581; x_wconf 90' lang='lat' dir='ltr'>suum</span> <span class='ocrx_word' id='word_1_164' title='bbox 420 2517 476 2580; x_wconf 90' lang='lat' dir='ltr'>else</span> <span class='ocrx_word' id='word_1_165' title='bbox 497 2535 581 2597; x_wconf 87' lang='lat' dir='ltr'>egeat</span> <span class='ocrx_word' id='word_1_166' title='bbox 601 2521 638 2580; x_wconf 84' lang='lat' dir='ltr'>acl</span> <span class='ocrx_word' id='word_1_167' title='bbox 658 2517 701 2580; x_wconf 92' lang='lat' dir='ltr'>sui</span> <span class='ocrx_word' id='word_1_168' title='bbox 722 2517 958 2594; x_wconf 88' lang='lat' dir='ltr'>explicationem.</span> 
     </span>
    </p>

    <p class='ocr_par' dir='ltr' id='par_1_6' title="bbox 192 2627 1377 2803">
     <span class='ocr_line' id='line_1_21' title="bbox 233 2627 1377 2708; baseline 0 -18"><span class='ocrx_word' id='word_1_169' title='bbox 233 2631 269 2690; x_wconf 92' lang='lat' dir='ltr'>ll.</span> <span class='ocrx_word' id='word_1_170' title='bbox 311 2633 356 2694; x_wconf 90' lang='lat' dir='ltr'>Ut</span> <span class='ocrx_word' id='word_1_171' title='bbox 383 2633 450 2692; x_wconf 89' lang='lat' dir='ltr'>data</span> <span class='ocrx_word' id='word_1_172' title='bbox 478 2630 542 2707; x_wconf 89' lang='lat' dir='ltr'>ejus</span> <span class='ocrx_word' id='word_1_173' title='bbox 569 2629 610 2690; x_wconf 88' lang='lat' dir='ltr'>rei</span> <span class='ocrx_word' id='word_1_174' title='bbox 637 2627 809 2690; x_wconf 80' lang='lat' dir='ltr'>delinitione</span> <span class='ocrx_word' id='word_1_175' title='bbox 835 2630 933 2691; x_wconf 88' lang='lat' dir='ltr'>nullus</span> <span class='ocrx_word' id='word_1_176' title='bbox 954 2645 1067 2693; x_wconf 88' lang='lat' dir='ltr'>maneat</span> <span class='ocrx_word' id='word_1_177' title='bbox 1087 2632 1172 2692; x_wconf 89' lang='lat' dir='ltr'>locus</span> <span class='ocrx_word' id='word_1_178' title='bbox 1203 2629 1377 2708; x_wconf 80' lang='lat' dir='ltr'>quaestioni,</span> 
     </span>
     <span class='ocr_line' id='line_1_22' title="bbox 192 2741 319 2803; baseline -0.008 0"><span class='ocrx_word' id='word_1_179' title='bbox 192 2743 240 2803; x_wconf 87' lang='lat' dir='ltr'>An</span> <span class='ocrx_word' id='word_1_180' title='bbox 262 2741 319 2803; x_wconf 80' lang='lat' dir='ltr'>snt?</span> 
     </span>
    </p>

    <p class='ocr_par' dir='ltr' id='par_1_7' title="bbox 192 2852 1376 3041">
     <span class='ocr_line' id='line_1_23' title="bbox 231 2852 1376 2930; baseline 0 -16"><span class='ocrx_word' id='word_1_181' title='bbox 231 2855 283 2914; x_wconf 89' lang='lat'>111.</span> <span class='ocrx_word' id='word_1_182' title='bbox 324 2857 369 2916; x_wconf 92' lang='lat' dir='ltr'>Ut</span> <span class='ocrx_word' id='word_1_183' title='bbox 396 2856 490 2929; x_wconf 91' lang='lat' dir='ltr'>nulla,</span> <span class='ocrx_word' id='word_1_184' title='bbox 518 2855 616 2930; x_wconf 89' lang='lat' dir='ltr'>quoad</span> <span class='ocrx_word' id='word_1_185' title='bbox 645 2867 787 2928; x_wconf 90' lang='lat' dir='ltr'>mentem,</span> <span class='ocrx_word' id='word_1_186' title='bbox 814 2852 921 2913; x_wconf 86' lang='lat' dir='ltr'>habeat</span> <span class='ocrx_word' id='word_1_187' title='bbox 950 2853 1144 2930; x_wconf 89' lang='lat' dir='ltr'>substantiva,</span> <span class='ocrx_word' id='word_1_188' title='bbox 1172 2872 1238 2930; x_wconf 84' lang='lat' dir='ltr'>qua</span> <span class='ocrx_word' id='word_1_189' title='bbox 1267 2855 1376 2929; x_wconf 79' lang='lat' dir='ltr'>peffint</span> 
     </span>
     <span class='ocr_line' id='line_1_24' title="bbox 192 2946 1126 3041; baseline 0 -15"><span class='ocrx_word' id='word_1_190' title='bbox 192 2963 373 3041; x_wconf 78' lang='lat' dir='ltr'>adjetlivarl,</span> <span class='ocrx_word' id='word_1_191' title='bbox 392 2965 450 3026; x_wconf 87' lang='lat' dir='ltr'>lroc</span> <span class='ocrx_word' id='word_1_192' title='bbox 470 2964 510 3024; x_wconf 91' lang='lat' dir='ltr'>est</span> <span class='ocrx_word' id='word_1_193' title='bbox 520 3009 530 3039; x_wconf 90' lang='lat'>,</span> <span class='ocrx_word' id='word_1_194' title='bbox 551 2983 587 3024; x_wconf 90' lang='lat' dir='ltr'>ne</span> <span class='ocrx_word' id='word_1_195' title='bbox 608 2982 660 3040; x_wconf 89' lang='lat' dir='ltr'>per</span> <span class='ocrx_word' id='word_1_196' title='bbox 680 2964 776 3040; x_wconf 87' lang='lat' dir='ltr'>aliqua</span> <span class='ocrx_word' id='word_1_197' title='bbox 797 2963 933 3025; x_wconf 70' lang='lat' dir='ltr'>abstracta</span> <span class='ocrx_word' id='word_1_198' title='bbox 954 2946 1126 3041; x_wconf 79' lang='lat' dir='ltr'>explicetur.</span> 
     </span>
    </p>

    <p class='ocr_par' dir='ltr' id='par_1_8' title="bbox 191 3075 1376 3384">
     <span class='ocr_line' id='line_1_25' title="bbox 231 3075 1376 3156; baseline 0.002 -20"><span class='ocrx_word' id='word_1_199' title='bbox 231 3079 284 3136; x_wconf 90' lang='lat' dir='ltr'>IV.</span> <span class='ocrx_word' id='word_1_200' title='bbox 324 3077 364 3137; x_wconf 89' lang='lat' dir='ltr'>Et</span> <span class='ocrx_word' id='word_1_201' title='bbox 390 3077 493 3138; x_wconf 92' lang='lat' dir='ltr'>ultimo</span> <span class='ocrx_word' id='word_1_202' title='bbox 523 3075 670 3154; x_wconf 87' lang='lat' dir='ltr'>(quamvis</span> <span class='ocrx_word' id='word_1_203' title='bbox 696 3075 755 3135; x_wconf 91' lang='lat' dir='ltr'>hoc</span> <span class='ocrx_word' id='word_1_204' title='bbox 783 3091 885 3136; x_wconf 87' lang='lat' dir='ltr'>notare</span> <span class='ocrx_word' id='word_1_205' title='bbox 911 3093 974 3137; x_wconf 92' lang='lat' dir='ltr'>non</span> <span class='ocrx_word' id='word_1_206' title='bbox 1002 3075 1037 3136; x_wconf 84' lang='lat' dir='ltr'>sit</span> <span class='ocrx_word' id='word_1_207' title='bbox 1059 3079 1145 3138; x_wconf 89' lang='lat' dir='ltr'>valde</span> <span class='ocrx_word' id='word_1_208' title='bbox 1171 3076 1376 3156; x_wconf 74' lang='lat' dir='ltr'>necessarlum)</span> 
     </span>
     <span class='ocr_line' id='line_1_26' title="bbox 191 3187 1371 3265; baseline 0.003 -17"><span class='ocrx_word' id='word_1_209' title='bbox 191 3188 357 3264; x_wconf 86' lang='lat' dir='ltr'>requiritur,</span> <span class='ocrx_word' id='word_1_210' title='bbox 377 3205 410 3249; x_wconf 92' lang='lat' dir='ltr'>ut</span> <span class='ocrx_word' id='word_1_211' title='bbox 432 3192 467 3249; x_wconf 84' lang='lat' dir='ltr'>ab</span> <span class='ocrx_word' id='word_1_212' title='bbox 489 3187 552 3264; x_wconf 86' lang='lat' dir='ltr'>ejus</span> <span class='ocrx_word' id='word_1_213' title='bbox 573 3187 744 3248; x_wconf 80' lang='lat' dir='ltr'>delinitione</span> <span class='ocrx_word' id='word_1_214' title='bbox 765 3205 867 3248; x_wconf 89' lang='lat' dir='ltr'>omnes</span> <span class='ocrx_word' id='word_1_215' title='bbox 887 3187 950 3264; x_wconf 90' lang='lat' dir='ltr'>ejus</span> <span class='ocrx_word' id='word_1_216' title='bbox 971 3189 1167 3265; x_wconf 87' lang='lat' dir='ltr'>proprietates</span> <span class='ocrx_word' id='word_1_217' title='bbox 1189 3192 1371 3252; x_wconf 91' lang='lat' dir='ltr'>concludan-</span> 
     </span>
     <span class='ocr_line' id='line_1_27' title="bbox 192 3299 1201 3384; baseline 0.002 -24"><span class='ocrx_word' id='word_1_218' title='bbox 192 3316 247 3360; x_wconf 87' lang='lat' dir='ltr'>tur.</span> <span class='ocrx_word' id='word_1_219' title='bbox 287 3302 361 3384; x_wconf 83' lang='lat' dir='ltr'>Quae</span> <span class='ocrx_word' id='word_1_220' title='bbox 383 3299 469 3362; x_wconf 90' lang='lat' dir='ltr'>etiam</span> <span class='ocrx_word' id='word_1_221' title='bbox 491 3299 588 3361; x_wconf 89' lang='lat' dir='ltr'>omnia</span> <span class='ocrx_word' id='word_1_222' title='bbox 609 3299 772 3360; x_wconf 90' lang='lat' dir='ltr'>attendenti</span> <span class='ocrx_word' id='word_1_223' title='bbox 793 3315 929 3362; x_wconf 90' lang='lat' dir='ltr'>accurate</span> <span class='ocrx_word' id='word_1_224' title='bbox 949 3301 1023 3362; x_wconf 80' lang='lat' dir='ltr'>liunt</span> <span class='ocrx_word' id='word_1_225' title='bbox 1043 3301 1201 3362; x_wconf 88' lang='lat' dir='ltr'>manifesta.</span> 
     </span>
    </p>

    <p class='ocr_par' dir='ltr' id='par_1_9' title="bbox 191 3410 1377 3825">
     <span class='ocr_line' id='line_1_28' title="bbox 230 3410 1377 3491; baseline 0 -17"><span class='ocrx_word' id='word_1_226' title='bbox 230 3413 302 3474; x_wconf 85' lang='lat' dir='ltr'>Dixi</span> <span class='ocrx_word' id='word_1_227' title='bbox 327 3413 430 3488; x_wconf 88' lang='lat' dir='ltr'>etiam,</span> <span class='ocrx_word' id='word_1_228' title='bbox 458 3415 539 3489; x_wconf 91' lang='lat' dir='ltr'>quod</span> <span class='ocrx_word' id='word_1_229' title='bbox 568 3411 677 3491; x_wconf 88' lang='lat' dir='ltr'>optima</span> <span class='ocrx_word' id='word_1_230' title='bbox 706 3410 855 3474; x_wconf 77' lang='lat' dir='ltr'>conclusio</span> <span class='ocrx_word' id='word_1_231' title='bbox 883 3411 938 3473; x_wconf 91' lang='lat' dir='ltr'>erit</span> <span class='ocrx_word' id='word_1_232' title='bbox 965 3415 1162 3490; x_wconf 79' lang='lat' dir='ltr'>depromenda</span> <span class='ocrx_word' id='word_1_233' title='bbox 1188 3415 1225 3473; x_wconf 92' lang='lat' dir='ltr'>ab</span> <span class='ocrx_word' id='word_1_234' title='bbox 1253 3411 1377 3474; x_wconf 86' lang='lat' dir='ltr'>ellentia</span> 
     </span>
     <span class='ocr_line' id='line_1_29' title="bbox 191 3522 1375 3604; baseline 0.002 -19"><span class='ocrx_word' id='word_1_235' title='bbox 191 3524 286 3601; x_wconf 86' lang='lat' dir='ltr'>aliqua</span> <span class='ocrx_word' id='word_1_236' title='bbox 305 3523 480 3602; x_wconf 88' lang='lat' dir='ltr'>particulari</span> <span class='ocrx_word' id='word_1_237' title='bbox 505 3523 691 3585; x_wconf 86' lang='lat' dir='ltr'>affirmativa:</span> <span class='ocrx_word' id='word_1_238' title='bbox 720 3524 790 3604; x_wconf 86' lang='lat' dir='ltr'>Quo</span> <span class='ocrx_word' id='word_1_239' title='bbox 819 3522 895 3583; x_wconf 88' lang='lat' dir='ltr'>enim</span> <span class='ocrx_word' id='word_1_240' title='bbox 924 3523 1075 3600; x_wconf 90' lang='lat' dir='ltr'>specialior</span> <span class='ocrx_word' id='word_1_241' title='bbox 1104 3526 1144 3585; x_wconf 89' lang='lat' dir='ltr'>est</span> <span class='ocrx_word' id='word_1_242' title='bbox 1165 3525 1247 3600; x_wconf 89' lang='lat' dir='ltr'>idea,</span> <span class='ocrx_word' id='word_1_243' title='bbox 1268 3544 1306 3586; x_wconf 90' lang='lat' dir='ltr'>eo</span> <span class='ocrx_word' id='word_1_244' title='bbox 1329 3527 1375 3587; x_wconf 89' lang='lat' dir='ltr'>di·</span> 
     </span>
     <span class='ocr_line' id='line_1_30' title="bbox 191 3635 1375 3715; baseline 0 -19"><span class='ocrx_word' id='word_1_245' title='bbox 191 3636 334 3712; x_wconf 68' lang='lat' dir='ltr'>stinctior,</span> <span class='ocrx_word' id='word_1_246' title='bbox 361 3655 393 3698; x_wconf 88' lang='lat' dir='ltr'>nc</span> <span class='ocrx_word' id='word_1_247' title='bbox 422 3635 544 3712; x_wconf 89' lang='lat' dir='ltr'>proinde</span> <span class='ocrx_word' id='word_1_248' title='bbox 572 3635 674 3697; x_wconf 85' lang='lat' dir='ltr'>clarior</span> <span class='ocrx_word' id='word_1_249' title='bbox 695 3635 745 3696; x_wconf 90' lang='lat' dir='ltr'>est.</span> <span class='ocrx_word' id='word_1_250' title='bbox 786 3637 876 3698; x_wconf 86' lang='lat' dir='ltr'>Unde</span> <span class='ocrx_word' id='word_1_251' title='bbox 895 3636 1029 3715; x_wconf 84' lang='lat' dir='ltr'>cognitio</span> <span class='ocrx_word' id='word_1_252' title='bbox 1050 3637 1264 3712; x_wconf 86' lang='lat' dir='ltr'>particularium</span> <span class='ocrx_word' id='word_1_253' title='bbox 1286 3656 1375 3714; x_wconf 87' lang='lat' dir='ltr'>quam</span> 
     </span>
     <span class='ocr_line' id='line_1_31' title="bbox 191 3747 667 3825; baseline -0.006 -16"><span class='ocrx_word' id='word_1_254' title='bbox 191 3748 313 3810; x_wconf 85' lang='lat' dir='ltr'>maxime</span> <span class='ocrx_word' id='word_1_255' title='bbox 335 3747 422 3812; x_wconf 90' lang='lat' dir='ltr'>nobis</span> <span class='ocrx_word' id='word_1_256' title='bbox 443 3750 597 3825; x_wconf 69' lang='lat' dir='ltr'>querenda</span> <span class='ocrx_word' id='word_1_257' title='bbox 619 3747 667 3808; x_wconf 84' lang='lat' dir='ltr'>est.</span> 
     </span>
    </p>

    <p class='ocr_par' dir='ltr' id='par_1_10' title="bbox 190 3857 1376 4381">
     <span class='ocr_line' id='line_1_32' title="bbox 231 3857 1376 3942; baseline -0.003 -20"><span class='ocrx_word' id='word_1_258' title='bbox 231 3862 339 3942; x_wconf 87' lang='lat' dir='ltr'>Quoad</span> <span class='ocrx_word' id='word_1_259' title='bbox 360 3860 489 3922; x_wconf 90' lang='lat' dir='ltr'>ordinem</span> <span class='ocrx_word' id='word_1_260' title='bbox 510 3875 599 3935; x_wconf 90' lang='lat' dir='ltr'>vero,</span> <span class='ocrx_word' id='word_1_261' title='bbox 621 3873 650 3918; x_wconf 90' lang='lat' dir='ltr'>et</span> <span class='ocrx_word' id='word_1_262' title='bbox 672 3874 705 3919; x_wconf 90' lang='lat' dir='ltr'>ut</span> <span class='ocrx_word' id='word_1_263' title='bbox 727 3875 829 3918; x_wconf 87' lang='lat' dir='ltr'>omnes</span> <span class='ocrx_word' id='word_1_264' title='bbox 849 3857 951 3919; x_wconf 75' lang='lat' dir='ltr'>nostrae</span> <span class='ocrx_word' id='word_1_265' title='bbox 972 3859 1179 3936; x_wconf 85' lang='lat' dir='ltr'>perceptiones</span> <span class='ocrx_word' id='word_1_266' title='bbox 1200 3857 1376 3922; x_wconf 90' lang='lat' dir='ltr'>ordinentur</span> 
     </span>
     <span class='ocr_line' id='line_1_33' title="bbox 191 3969 1374 4048; baseline -0.002 -14"><span class='ocrx_word' id='word_1_267' title='bbox 191 3989 221 4034; x_wconf 90' lang='lat' dir='ltr'>et</span> <span class='ocrx_word' id='word_1_268' title='bbox 243 3972 395 4048; x_wconf 79' lang='lat' dir='ltr'>sarriuntur,</span> <span class='ocrx_word' id='word_1_269' title='bbox 416 3971 588 4048; x_wconf 88' lang='lat' dir='ltr'>requiritur,</span> <span class='ocrx_word' id='word_1_270' title='bbox 609 3984 660 4044; x_wconf 90' lang='lat' dir='ltr'>ut,</span> <span class='ocrx_word' id='word_1_271' title='bbox 681 3969 890 4046; x_wconf 88' lang='lat' dir='ltr'>quamprimum</span> <span class='ocrx_word' id='word_1_272' title='bbox 911 3970 971 4031; x_wconf 89' lang='lat' dir='ltr'>sreri</span> <span class='ocrx_word' id='word_1_273' title='bbox 992 3971 1089 4047; x_wconf 88' lang='lat' dir='ltr'>potest</span> <span class='ocrx_word' id='word_1_274' title='bbox 1116 3989 1147 4032; x_wconf 91' lang='lat' dir='ltr'>et</span> <span class='ocrx_word' id='word_1_275' title='bbox 1173 3970 1249 4031; x_wconf 88' lang='lat' dir='ltr'>ratio</span> <span class='ocrx_word' id='word_1_276' title='bbox 1271 3971 1374 4046; x_wconf 87' lang='lat' dir='ltr'>postu-</span> 
     </span>
     <span class='ocr_line' id='line_1_34' title="bbox 190 4081 1375 4161; baseline -0.002 -15"><span class='ocrx_word' id='word_1_277' title='bbox 190 4088 248 4160; x_wconf 90' lang='lat' dir='ltr'>lat,</span> <span class='ocrx_word' id='word_1_278' title='bbox 276 4085 470 4161; x_wconf 86' lang='lat' dir='ltr'>inquiramus,</span> <span class='ocrx_word' id='word_1_279' title='bbox 498 4103 533 4144; x_wconf 90' lang='lat' dir='ltr'>an</span> <span class='ocrx_word' id='word_1_280' title='bbox 563 4087 648 4144; x_wconf 88' lang='lat' dir='ltr'>detur</span> <span class='ocrx_word' id='word_1_281' title='bbox 676 4083 824 4157; x_wconf 88' lang='lat' dir='ltr'>quoddam</span> <span class='ocrx_word' id='word_1_282' title='bbox 844 4081 921 4155; x_wconf 88' lang='lat' dir='ltr'>Ens,</span> <span class='ocrx_word' id='word_1_283' title='bbox 951 4098 980 4142; x_wconf 91' lang='lat' dir='ltr'>et</span> <span class='ocrx_word' id='word_1_284' title='bbox 1008 4083 1089 4144; x_wconf 83' lang='lat' dir='ltr'>fimul</span> <span class='ocrx_word' id='word_1_285' title='bbox 1110 4086 1213 4160; x_wconf 87' lang='lat' dir='ltr'>quale,</span> <span class='ocrx_word' id='word_1_286' title='bbox 1234 4085 1317 4159; x_wconf 89' lang='lat' dir='ltr'>quod</span> <span class='ocrx_word' id='word_1_287' title='bbox 1339 4083 1375 4144; x_wconf 84' lang='lat' dir='ltr'>stt</span> 
     </span>
     <span class='ocr_line' id='line_1_35' title="bbox 191 4191 1372 4271; baseline -0.003 -13"><span class='ocrx_word' id='word_1_288' title='bbox 191 4198 318 4259; x_wconf 92' lang='lat' dir='ltr'>omnium</span> <span class='ocrx_word' id='word_1_289' title='bbox 348 4217 439 4259; x_wconf 90' lang='lat' dir='ltr'>rerum</span> <span class='ocrx_word' id='word_1_290' title='bbox 468 4197 568 4271; x_wconf 85' lang='lat' dir='ltr'>cntrlrt,</span> <span class='ocrx_word' id='word_1_291' title='bbox 590 4211 623 4257; x_wconf 90' lang='lat' dir='ltr'>ut</span> <span class='ocrx_word' id='word_1_292' title='bbox 646 4193 709 4270; x_wconf 89' lang='lat' dir='ltr'>ejus</span> <span class='ocrx_word' id='word_1_293' title='bbox 732 4191 851 4253; x_wconf 76' lang='lat' dir='ltr'>essentia</span> <span class='ocrx_word' id='word_1_294' title='bbox 872 4193 1018 4270; x_wconf 69' lang='lat' dir='ltr'>objectiva</span> <span class='ocrx_word' id='word_1_295' title='bbox 1039 4195 1072 4255; x_wconf 90' lang='lat' dir='ltr'>lit</span> <span class='ocrx_word' id='word_1_296' title='bbox 1094 4196 1180 4256; x_wconf 89' lang='lat' dir='ltr'>etiam</span> <span class='ocrx_word' id='word_1_297' title='bbox 1202 4195 1286 4255; x_wconf 82' lang='lat' dir='ltr'>cntrsa</span> <span class='ocrx_word' id='word_1_298' title='bbox 1309 4214 1372 4254; x_wconf 89' lang='lat' dir='ltr'>om-</span> 
     </span>
     <span class='ocr_line' id='line_1_36' title="bbox 192 4303 1372 4381; baseline -0.005 -11"><span class='ocrx_word' id='word_1_299' title='bbox 192 4309 269 4370; x_wconf 89' lang='lat' dir='ltr'>nium</span> <span class='ocrx_word' id='word_1_300' title='bbox 299 4309 455 4370; x_wconf 87' lang='lat' dir='ltr'>nostrarum</span> <span class='ocrx_word' id='word_1_301' title='bbox 485 4310 628 4381; x_wconf 80' lang='lat' dir='ltr'>idearum3</span> <span class='ocrx_word' id='word_1_302' title='bbox 657 4321 686 4366; x_wconf 90' lang='lat' dir='ltr'>et</span> <span class='ocrx_word' id='word_1_303' title='bbox 715 4320 777 4365; x_wconf 89' lang='lat' dir='ltr'>tum</span> <span class='ocrx_word' id='word_1_304' title='bbox 806 4321 886 4364; x_wconf 85' lang='lat' dir='ltr'>mens</span> <span class='ocrx_word' id='word_1_305' title='bbox 915 4305 1025 4380; x_wconf 87' lang='lat' dir='ltr'>nostra,</span> <span class='ocrx_word' id='word_1_306' title='bbox 1053 4305 1097 4366; x_wconf 87' lang='lat' dir='ltr'>uti</span> <span class='ocrx_word' id='word_1_307' title='bbox 1118 4303 1262 4379; x_wconf 86' lang='lat' dir='ltr'>diximus,</span> <span class='ocrx_word' id='word_1_308' title='bbox 1284 4324 1372 4380; x_wconf 77' lang='lat' dir='ltr'>quma</span> 
     </span>
    </p>
   </div>
   <div class='ocr_carea' id='block_1_3' title="bbox 0 0 1472 4900">
    <p class='ocr_par' dir='ltr' id='par_1_11' title="bbox 0 0 1472 4900">
     <span class='ocr_line' id='line_1_37' title="bbox 0 0 1472 4900; baseline 0 2"><span class='ocrx_word' id='word_1_309' title='bbox 0 0 1472 4900; x_wconf 95' lang='lat' dir='ltr'> </span> 
     </span>
    </p>
   </div>
  </div>
 </body>
</html>
