2934 4900
448 335 504 395 D'e
544 332 817 394 Affectibus.
1168 347 1222 410 137

34 509 121 568 nollni
144 509 292 586 Corporis
313 509 433 571 affellus
455 527 541 586 quam
562 525 718 585 corporum
737 523 925 569 externorum
942 523 1073 570 naturam
1092 507 1223 570 indicant

34 621 102 699 (per
130 621 241 680 Caroli.
263 639 292 681 2.
313 621 402 698 Prop.
427 622 472 681 16.
496 634 529 701 p.
550 621 610 700 2.):
636 637 706 699 ergo
734 620 755 680 fi
783 620 919 696 Corpus,
949 637 980 681 et
1010 619 1223 698 consequenter

34 732 119 791 Mens
152 731 234 810 (vid.
254 731 349 811 Dessn.
371 749 398 809 3.
419 730 537 811 liujus),
568 734 686 794 duobus
716 731 868 794 affeetibus
899 730 985 792 semel
1013 730 1114 792 alletia
1147 731 1222 805 fuit,

34 841 81 902 ubi
103 843 212 918 postea
233 861 334 906 eorum
355 846 495 905 alterutro
516 843 675 920 afficietur,
696 843 840 904 afficietur
861 843 948 904 etiam
965 843 1067 904 altero,
1086 846 1120 920 Q.
1132 844 1169 904 Ε.
1179 845 1221 904 D.

419 1003 748 1065 PROPOSITIO
779 1002 846 1064 XV.

73 1132 132 1190 Res
160 1147 336 1208 quacunque
357 1130 447 1210 potest
472 1129 524 1209 effe
547 1145 604 1210 per
629 1133 760 1191 accidens
787 1133 877 1207 causa
896 1127 1039 1208 aarum,
1066 1133 1223 1210 Tristitia,

36 1245 81 1300 vel
99 1244 295 1322 Cupiditatt's.

434 1373 830 1440 nmuoueuunatu

72 1469 211 1531 Ponatur
230 1471 318 1531 Mens
338 1472 456 1532 duobus
477 1469 629 1532 allellibus
650 1470 731 1532 fimul
751 1468 842 1545 affici,
865 1488 926 1531 uno
943 1468 1068 1544 scilicet,
1086 1469 1137 1545 qui
1159 1467 1223 1545 elus

37 1582 138 1660 agendi
159 1583 328 1660 potentiam
350 1601 445 1660 neque
467 1600 556 1662 auget
576 1601 672 1660 neque
694 1581 817 1659 minuit,
843 1597 874 1643 et
895 1583 1005 1659 altero,
1030 1581 1081 1658 qui
1102 1584 1222 1644 eandem

39 1694 82 1753 vel
103 1709 198 1774 auget
218 1696 268 1756 vel
287 1693 394 1756 minuit
425 1694 507 1772 (vide
526 1694 601 1773 Post.
625 1714 651 1754 1.
672 1693 782 1773 husius).
822 1694 870 1754 Ex
890 1692 1067 1770 praecedenti
1087 1693 1222 1770 Proposi-

40 1804 117 1866 tlone
139 1821 245 1883 patet,
265 1809 348 1883 quod
370 1806 420 1868 ubi
441 1806 529 1867 Mens
550 1807 649 1882 postea
669 1805 720 1875 illq
742 1825 759 1867 a
779 1803 829 1867 sua
850 1823 918 1869 vera
940 1806 1042 1881 caula,
1063 1825 1128 1883 quae
1148 1804 1222 1886 (per

40 1913 218 1996 hypothesin)
247 1934 298 1992 per
326 1916 353 1978 se
382 1916 445 1994 ejus
473 1916 623 1996 cogitandi
650 1917 815 1994 potentiam
843 1936 896 1979 nec
920 1933 1008 1998 auget
1028 1937 1082 1980 nec
1102 1919 1225 1996 minuit,

43 2027 202 2105 afficietur,
223 2029 316 2090 statim
338 2043 369 2090 et
388 2029 445 2090 hoc
466 2030 579 2106 altem,
600 2029 652 2105 qui
671 2027 761 2106 ipllut
781 2029 932 2109 cogitandi
952 2030 1115 2106 potentiam
1136 2045 1224 2110 auget

43 2141 85 2198 vel
104 2139 233 2216 minuit,
254 2140 311 2202 hoc
333 2141 375 2201 ell
397 2141 468 2220 (per
487 2141 577 2202 Schol.
598 2144 688 2221 Prop.
712 2158 745 2202 ιι
769 2140 868 2221 liujus)
889 2141 1008 2204 Laetltil
1025 2144 1074 2205 vel
1093 2142 1225 2204 Tristitia

16 2315 17 2324 χ
44 2251 186 2313 afficietur
194 2271 203 2327 ;
230 2267 319 2329 atque
347 2253 422 2314 adeo
450 2253 496 2314 illa
523 2271 567 2312 res
597 2272 656 2315 non
684 2272 736 2330 per
764 2254 809 2330 se,
836 2255 884 2315 sed
912 2272 965 2330 per
984 2255 1118 2316 accidens
1139 2254 1224 2315 caula

44 2360 90 2422 erit
110 2361 244 2424 Laetitiae
265 2365 312 2426 vel
332 2363 480 2424 Tristitia.
500 2365 600 2441 Atque
621 2365 675 2425 hac
692 2367 792 2427 eadem
811 2365 860 2428 via
878 2366 961 2427 facile
979 2365 1091 2428 ostendi
1110 2365 1223 2442 potest,

45 2490 95 2533 tem
116 2474 197 2536 illam
219 2473 298 2551 polle
318 2494 371 2552 per
391 2476 525 2539 accidens
545 2477 658 2539 causam
680 2476 737 2540 elle
758 2477 947 2557 cupiditatis.
989 2483 1024 2559 Q.
1045 2482 1082 2543 E.
1102 2483 1143 2542 D.

456 2637 816 2686 cououunutum.

79 2728 125 2789 Ex
147 2746 187 2791 eo
209 2729 289 2806 solo,
310 2733 392 2807 quod
412 2749 470 2793 rem
492 2732 616 2810 aliquam
637 2735 743 2797 affeetu
763 2736 889 2797 Laetitiae
907 2738 956 2800 vel
972 2736 1223 2816 Tristitiae,cujus

47 2838 99 2913 ipsa
128 2858 193 2902 non
221 2842 262 2902 est
289 2843 374 2904 caula
402 2843 547 2923 efficiens,
574 2847 765 2923 contemplati
788 2848 903 2927 sumus,
923 2850 1042 2911 eandem
1062 2868 1156 2911 amare
1176 2852 1224 2914 vel

46 2951 110 3013 odio
131 2954 240 3015 habere
261 2952 419 3029 pollumus.

444 3102 835 3151 nmmonsannaam

81 3198 157 3257 Nam
186 3214 224 3256 ex
252 3195 309 3257 hoc
336 3195 399 3257 solo
426 3198 460 3258 fit
489 3197 560 3277 (per
586 3197 1223 3278 Prop.14lmjus)‚utMenshancrem

50 3306 142 3379 postea
172 3308 375 3387 imaginando,
402 3308 508 3371 affetlu
534 3308 662 3371 Laetitiae
692 3310 740 3371 vel
767 3309 905 3370 Tristitia
926 3309 1083 3386 afficiatur,
1103 3309 1161 3372 hoc
1182 3309 1223 3369 est

52 3416 114 3496 (per
129 3417 513 3498 Schol.l³r0p.11.hujus),
535 3435 568 3481 ut
588 3418 700 3481 Mentis
720 3436 751 3482 et
769 3420 911 3496 eorporis
931 3419 1065 3496 potentia
1085 3436 1226 3499 augeatur

51 3532 275 3607 minitantur,
295 3548 352 3593 etc.
382 3532 422 3593 Et
444 3531 657 3609 consequenter
677 3534 748 3613 (per
767 3535 856 3611 Prop.
881 3550 926 3593 12.
947 3532 1062 3612 husius),
1083 3550 1117 3595 ut
1137 3534 1224 3594 Mens

51 3648 165 3705 eandem
185 3643 334 3723 imaginari
354 3644 454 3721 cupiat
476 3646 523 3707 vel
544 3644 615 3723 (per
635 3645 739 3705 Caroli.
760 3646 849 3725 Prop.
873 3662 919 3723 13.
939 3643 1041 3725 hujus)
1061 3645 1224 3721 aversetur;

50 3750 100 3814 hoc
131 3754 174 3815 eli
205 3752 278 3835 (per
304 3754 394 3818 Sahal.
421 3757 719 3837 Prop.13.ltujus)‚
752 3774 785 3819 ut
816 3761 936 3821 eandem
967 3774 1044 3820 amet
1073 3759 1122 3822 vel
1151 3760 1223 3820 odio

50 3864 159 3928 habeat.
202 3869 236 3945 Q.
257 3868 295 3928 Ε.
315 3870 356 3929 D.

509 3998 763 4045 tenuatum,

85 4091 162 4153 llinc
190 4091 395 4170 intelligimus,
423 4094 474 4170 qul
501 4092 561 4155 lieri
590 4094 701 4171 potest,
727 4110 762 4155 ut
782 4096 915 4171 quaedam
936 4112 1063 4156 amemus
1083 4096 1131 4157 vel
1152 4094 1224 4156 odio

53 4202 202 4265 habeamus
223 4202 332 4279 absque
353 4205 410 4265 ulla
431 4204 515 4267 causa
536 4205 623 4266 nobis
644 4205 781 4285 cognitam
802 4206 851 4267 sed
868 4221 982 4269 tantum
1000 4226 1037 4269 ex
1053 4207 1224 4287 sympathia

54 4316 94 4391 (ut
121 4316 219 4397 ajunt)
248 4332 279 4377 et
306 4316 491 4393 Antipathia.
531 4320 632 4396 Atque
660 4318 717 4380 huc
746 4320 895 4381 referenda
922 4318 1009 4381 etiam
1038 4337 1071 4381 ea
1093 4317 1225 4398 objecta,
