<?xml version="1.0" encoding="UTF-8"?>
<!DOCTYPE html PUBLIC "-//W3C//DTD XHTML 1.0 Transitional//EN"
    "http://www.w3.org/TR/xhtml1/DTD/xhtml1-transitional.dtd">
<html xmlns="http://www.w3.org/1999/xhtml" xml:lang="en" lang="en">
 <head>
  <title>
</title>
<meta http-equiv="Content-Type" content="text/html;charset=utf-8" />
  <meta name='ocr-system' content='tesseract 3.04.00' />
  <meta name='ocr-capabilities' content='ocr_page ocr_carea ocr_par ocr_line ocrx_word'/>
</head>
<body>
  <div class='ocr_page' id='page_1' title='image "benedictidespin02landgoog_0337.png"; bbox 0 0 2934 4900; ppageno 0'>
   <div class='ocr_carea' id='block_1_1' title="bbox 378 333 1316 411">
    <p class='ocr_par' dir='ltr' id='par_1_1' title="bbox 378 333 1316 411">
     <span class='ocr_line' id='line_1_1' title="bbox 378 333 1316 411; baseline -0.004 -17"><span class='ocrx_word' id='word_1_1' title='bbox 378 334 516 411; x_wconf 90' lang='lat' dir='ltr'>Caput</span> <span class='ocrx_word' id='word_1_2' title='bbox 546 334 599 393; x_wconf 91' lang='lat' dir='ltr'>Vl.</span> <span class='ocrx_word' id='word_1_3' title='bbox 639 335 684 393; x_wconf 92' lang='lat' dir='ltr'>De</span> <span class='ocrx_word' id='word_1_4' title='bbox 706 333 887 395; x_wconf 84' lang='lat' dir='ltr'>Monarchia.</span> <span class='ocrx_word' id='word_1_5' title='bbox 1171 350 1227 409; x_wconf 84' lang='lat'>313</span> <span class='ocrx_word' id='word_1_6' title='bbox 1310 379 1316 390; x_wconf 37' lang='grc' dir='ltr'><em>Ι</em></span> 
     </span>
    </p>
   </div>
   <div class='ocr_carea' id='block_1_2' title="bbox 36 498 1233 4400">
    <p class='ocr_par' dir='ltr' id='par_1_2' title="bbox 36 498 1230 1144">
     <span class='ocr_line' id='line_1_2' title="bbox 37 498 1228 586; baseline -0.001 -19"><span class='ocrx_word' id='word_1_7' title='bbox 37 509 182 586; x_wconf 86' lang='lat' dir='ltr'>regrinum</span> <span class='ocrx_word' id='word_1_8' title='bbox 206 508 283 569; x_wconf 87' lang='lat' dir='ltr'>infra</span> <span class='ocrx_word' id='word_1_9' title='bbox 305 498 495 569; x_wconf 69' lang='lat' dir='ltr'>constitutum</span> <span class='ocrx_word' id='word_1_10' title='bbox 517 505 640 581; x_wconf 90' lang='lat' dir='ltr'>pretium</span> <span class='ocrx_word' id='word_1_11' title='bbox 660 504 689 565; x_wconf 92' lang='lat' dir='ltr'>in</span> <span class='ocrx_word' id='word_1_12' title='bbox 710 524 859 567; x_wconf 90' lang='lat' dir='ltr'>numerum</span> <span class='ocrx_word' id='word_1_13' title='bbox 881 506 997 567; x_wconf 92' lang='lat' dir='ltr'>suorum</span> <span class='ocrx_word' id='word_1_14' title='bbox 1020 506 1128 568; x_wconf 86' lang='lat' dir='ltr'>ciuium</span> <span class='ocrx_word' id='word_1_15' title='bbox 1149 524 1228 567; x_wconf 88' lang='lat' dir='ltr'>rece·</span> 
     </span>
     <span class='ocr_line' id='line_1_3' title="bbox 37 601 1228 698; baseline 0.001 -20"><span class='ocrx_word' id='word_1_16' title='bbox 37 620 149 695; x_wconf 86' lang='lat' dir='ltr'>perint,</span> <span class='ocrx_word' id='word_1_17' title='bbox 182 620 308 698; x_wconf 90' lang='lat' dir='ltr'>aliquod</span> <span class='ocrx_word' id='word_1_18' title='bbox 338 621 405 681; x_wconf 88' lang='lat' dir='ltr'>iude</span> <span class='ocrx_word' id='word_1_19' title='bbox 437 618 641 681; x_wconf 80' lang='lat' dir='ltr'>detrimentum</span> <span class='ocrx_word' id='word_1_20' title='bbox 675 618 743 678; x_wconf 89' lang='lat' dir='ltr'>oriri</span> <span class='ocrx_word' id='word_1_21' title='bbox 775 618 888 695; x_wconf 89' lang='lat' dir='ltr'>potest;</span> <span class='ocrx_word' id='word_1_22' title='bbox 919 619 969 680; x_wconf 91' lang='lat' dir='ltr'>sed</span> <span class='ocrx_word' id='word_1_23' title='bbox 1001 635 1103 679; x_wconf 89' lang='lat' dir='ltr'>contra</span> <span class='ocrx_word' id='word_1_24' title='bbox 1135 601 1228 680; x_wconf 76' lang='lat' dir='ltr'>media</span> 
     </span>
     <span class='ocr_line' id='line_1_4' title="bbox 37 730 1229 810; baseline 0.003 -23"><span class='ocrx_word' id='word_1_25' title='bbox 37 730 257 809; x_wconf 78' lang='lat' dir='ltr'>excogitanda,</span> <span class='ocrx_word' id='word_1_26' title='bbox 279 731 386 808; x_wconf 91' lang='lat' dir='ltr'>quibus</span> <span class='ocrx_word' id='word_1_27' title='bbox 407 730 522 792; x_wconf 85' lang='lat' dir='ltr'>facilius</span> <span class='ocrx_word' id='word_1_28' title='bbox 544 730 652 793; x_wconf 82' lang='lat' dir='ltr'>civIum</span> <span class='ocrx_word' id='word_1_29' title='bbox 674 730 774 809; x_wconf 83' lang='lat' dir='ltr'><strong>augeri</strong></span> <span class='ocrx_word' id='word_1_30' title='bbox 796 732 881 807; x_wconf 87' lang='lat' dir='ltr'>pollrt</span> <span class='ocrx_word' id='word_1_31' title='bbox 902 749 1055 805; x_wconf 90' lang='lat' dir='ltr'>numerus,</span> <span class='ocrx_word' id='word_1_32' title='bbox 1076 747 1107 791; x_wconf 92' lang='lat' dir='ltr'>et</span> <span class='ocrx_word' id='word_1_33' title='bbox 1127 750 1229 810; x_wconf 88' lang='lat' dir='ltr'>magna</span> 
     </span>
     <span class='ocr_line' id='line_1_5' title="bbox 36 842 1229 921; baseline 0.002 -20"><span class='ocrx_word' id='word_1_34' title='bbox 36 842 191 905; x_wconf 89' lang='lat' dir='ltr'>hominum</span> <span class='ocrx_word' id='word_1_35' title='bbox 223 847 309 905; x_wconf 91' lang='lat' dir='ltr'>detur</span> <span class='ocrx_word' id='word_1_36' title='bbox 335 842 524 905; x_wconf 83' lang='lat' dir='ltr'>confluentia.</span> <span class='ocrx_word' id='word_1_37' title='bbox 565 844 624 917; x_wconf 86' lang='lat' dir='ltr'>At,</span> <span class='ocrx_word' id='word_1_38' title='bbox 653 842 704 919; x_wconf 91' lang='lat' dir='ltr'>qui</span> <span class='ocrx_word' id='word_1_39' title='bbox 734 843 764 903; x_wconf 90' lang='lat' dir='ltr'>iu</span> <span class='ocrx_word' id='word_1_40' title='bbox 786 845 952 921; x_wconf 81' lang='lat' dir='ltr'>catalogum</span> <span class='ocrx_word' id='word_1_41' title='bbox 975 842 1083 904; x_wconf 87' lang='lat' dir='ltr'>civium</span> <span class='ocrx_word' id='word_1_42' title='bbox 1104 860 1165 903; x_wconf 90' lang='lat' dir='ltr'>non</span> <span class='ocrx_word' id='word_1_43' title='bbox 1185 860 1229 903; x_wconf 92' lang='lat' dir='ltr'>re·</span> 
     </span>
     <span class='ocr_line' id='line_1_6' title="bbox 38 950 1230 1032; baseline 0.003 -19"><span class='ocrx_word' id='word_1_44' title='bbox 38 955 192 1029; x_wconf 81' lang='lat' dir='ltr'>seruntur,</span> <span class='ocrx_word' id='word_1_45' title='bbox 222 974 337 1032; x_wconf 80' lang='lat' dir='ltr'>aequum</span> <span class='ocrx_word' id='word_1_46' title='bbox 366 954 423 1030; x_wconf 86' lang='lat' dir='ltr'>est,</span> <span class='ocrx_word' id='word_1_47' title='bbox 449 970 581 1029; x_wconf 90' lang='lat' dir='ltr'>tempore</span> <span class='ocrx_word' id='word_1_48' title='bbox 611 953 709 1015; x_wconf 89' lang='lat' dir='ltr'>saltem</span> <span class='ocrx_word' id='word_1_49' title='bbox 729 950 807 1015; x_wconf 89' lang='lat' dir='ltr'>&#39;belli</span> <span class='ocrx_word' id='word_1_50' title='bbox 836 954 930 1016; x_wconf 88' lang='lat' dir='ltr'>otium</span> <span class='ocrx_word' id='word_1_51' title='bbox 956 954 1038 1016; x_wconf 83' lang='lat' dir='ltr'>strum</span> <span class='ocrx_word' id='word_1_52' title='bbox 1058 957 1157 1016; x_wconf 88' lang='lat' dir='ltr'>labore</span> <span class='ocrx_word' id='word_1_53' title='bbox 1179 972 1230 1017; x_wconf 90' lang='lat' dir='ltr'>aut</span> 
     </span>
     <span class='ocr_line' id='line_1_7' title="bbox 39 1066 539 1144; baseline 0.008 -21"><span class='ocrx_word' id='word_1_54' title='bbox 39 1068 199 1127; x_wconf 72' lang='lat' dir='ltr'>euac‘tIone</span> <span class='ocrx_word' id='word_1_55' title='bbox 223 1066 319 1143; x_wconf 89' lang='lat' dir='ltr'>aliqua</span> <span class='ocrx_word' id='word_1_56' title='bbox 340 1066 539 1144; x_wconf 89' lang='lat' dir='ltr'>compensent.</span> 
     </span>
    </p>

    <p class='ocr_par' dir='ltr' id='par_1_3' title="bbox 40 1178 1232 1594">
     <span class='ocr_line' id='line_1_8' title="bbox 76 1178 1230 1257; baseline 0.001 -18"><span class='ocrx_word' id='word_1_57' title='bbox 76 1178 102 1257; x_wconf 70' lang='lat' dir='ltr'><strong>S.</strong></span> <span class='ocrx_word' id='word_1_58' title='bbox 124 1180 270 1240; x_wconf 84' lang='lat' dir='ltr'><strong>XXXIII.</strong></span> <span class='ocrx_word' id='word_1_59' title='bbox 310 1179 431 1257; x_wconf 89' lang='lat' dir='ltr'>Legati,</span> <span class='ocrx_word' id='word_1_60' title='bbox 463 1178 515 1254; x_wconf 91' lang='lat' dir='ltr'>qui</span> <span class='ocrx_word' id='word_1_61' title='bbox 545 1193 679 1255; x_wconf 88' lang='lat' dir='ltr'>tempore</span> <span class='ocrx_word' id='word_1_62' title='bbox 710 1180 792 1255; x_wconf 83' lang='lat' dir='ltr'>pacis</span> <span class='ocrx_word' id='word_1_63' title='bbox 814 1182 851 1241; x_wconf 86' lang='lat' dir='ltr'>ad</span> <span class='ocrx_word' id='word_1_64' title='bbox 879 1180 949 1241; x_wconf 89' lang='lat' dir='ltr'>alias</span> <span class='ocrx_word' id='word_1_65' title='bbox 982 1180 1128 1252; x_wconf 83' lang='lat' dir='ltr'>CIvitates</span> <span class='ocrx_word' id='word_1_66' title='bbox 1150 1180 1230 1257; x_wconf 89' lang='lat' dir='ltr'>pacis</span> 
     </span>
     <span class='ocr_line' id='line_1_9' title="bbox 40 1290 1231 1366; baseline 0.003 -16"><span class='ocrx_word' id='word_1_67' title='bbox 40 1294 253 1355; x_wconf 75' lang='lat' dir='ltr'>contrahendae</span> <span class='ocrx_word' id='word_1_68' title='bbox 275 1295 323 1355; x_wconf 87' lang='lat' dir='ltr'>vel</span> <span class='ocrx_word' id='word_1_69' title='bbox 343 1291 551 1353; x_wconf 85' lang='lat' dir='ltr'>conservandae</span> <span class='ocrx_word' id='word_1_70' title='bbox 573 1291 658 1351; x_wconf 90' lang='lat' dir='ltr'>causa</span> <span class='ocrx_word' id='word_1_71' title='bbox 680 1290 758 1351; x_wconf 87' lang='lat' dir='ltr'>mitti</span> <span class='ocrx_word' id='word_1_72' title='bbox 780 1293 905 1366; x_wconf 84' lang='lat' dir='ltr'>debent,</span> <span class='ocrx_word' id='word_1_73' title='bbox 922 1311 960 1352; x_wconf 85' lang='lat' dir='ltr'>ex</span> <span class='ocrx_word' id='word_1_74' title='bbox 981 1292 1050 1353; x_wconf 86' lang='lat' dir='ltr'>solis</span> <span class='ocrx_word' id='word_1_75' title='bbox 1071 1292 1231 1353; x_wconf 84' lang='lat' dir='ltr'><strong>Nobilibus</strong></span> 
     </span>
     <span class='ocr_line' id='line_1_10' title="bbox 40 1399 1232 1483; baseline -0.001 -21"><span class='ocrx_word' id='word_1_76' title='bbox 40 1404 167 1483; x_wconf 80' lang='lat' dir='ltr'>eligendi</span> <span class='ocrx_word' id='word_1_77' title='bbox 198 1404 281 1479; x_wconf 89' lang='lat' dir='ltr'>sunt,</span> <span class='ocrx_word' id='word_1_78' title='bbox 308 1418 338 1463; x_wconf 92' lang='lat' dir='ltr'>et</span> <span class='ocrx_word' id='word_1_79' title='bbox 366 1420 404 1463; x_wconf 85' lang='lat' dir='ltr'>err</span> <span class='ocrx_word' id='word_1_80' title='bbox 431 1400 572 1465; x_wconf 89' lang='lat' dir='ltr'>Civitatis</span> <span class='ocrx_word' id='word_1_81' title='bbox 604 1401 704 1461; x_wconf 85' lang='lat' dir='ltr'>aerario</span> <span class='ocrx_word' id='word_1_82' title='bbox 735 1399 868 1477; x_wconf 89' lang='lat' dir='ltr'>sumptus</span> <span class='ocrx_word' id='word_1_83' title='bbox 888 1400 987 1462; x_wconf 88' lang='lat' dir='ltr'>iisdem</span> <span class='ocrx_word' id='word_1_84' title='bbox 1009 1402 1232 1478; x_wconf 86' lang='lat' dir='ltr'>suppeditandi,</span> 
     </span>
     <span class='ocr_line' id='line_1_11' title="bbox 41 1513 714 1594; baseline 0 -20"><span class='ocrx_word' id='word_1_85' title='bbox 41 1534 96 1575; x_wconf 91' lang='lat' dir='ltr'>uon</span> <span class='ocrx_word' id='word_1_86' title='bbox 119 1531 224 1577; x_wconf 87' lang='lat' dir='ltr'>autem</span> <span class='ocrx_word' id='word_1_87' title='bbox 247 1534 284 1575; x_wconf 87' lang='lat' dir='ltr'>ex</span> <span class='ocrx_word' id='word_1_88' title='bbox 305 1515 396 1594; x_wconf 88' lang='lat' dir='ltr'>Regis</span> <span class='ocrx_word' id='word_1_89' title='bbox 417 1513 577 1576; x_wconf 85' lang='lat' dir='ltr'>domestico</span> <span class='ocrx_word' id='word_1_90' title='bbox 600 1513 714 1574; x_wconf 85' lang='lat' dir='ltr'>aerari0.</span> 
     </span>
    </p>

    <p class='ocr_par' dir='ltr' id='par_1_4' title="bbox 43 1624 1233 2265">
     <span class='ocr_line' id='line_1_12' title="bbox 78 1624 1229 1707; baseline -0.003 -18"><span class='ocrx_word' id='word_1_91' title='bbox 78 1627 104 1706; x_wconf 59' lang='grc' dir='ltr'>ἕ.</span> <span class='ocrx_word' id='word_1_92' title='bbox 126 1629 271 1689; x_wconf 91' lang='lat' dir='ltr'><strong>XXXIV.</strong></span> <span class='ocrx_word' id='word_1_93' title='bbox 312 1627 373 1707; x_wconf 88' lang='lat' dir='ltr'>Qui</span> <span class='ocrx_word' id='word_1_94' title='bbox 393 1627 484 1687; x_wconf 90' lang='lat' dir='ltr'>aulam</span> <span class='ocrx_word' id='word_1_95' title='bbox 503 1626 705 1702; x_wconf 83' lang='lat' dir='ltr'>frequentant,</span> <span class='ocrx_word' id='word_1_96' title='bbox 727 1640 758 1684; x_wconf 89' lang='lat' dir='ltr'>et</span> <span class='ocrx_word' id='word_1_97' title='bbox 780 1624 872 1702; x_wconf 89' lang='lat' dir='ltr'>Regis</span> <span class='ocrx_word' id='word_1_98' title='bbox 892 1625 1041 1686; x_wconf 89' lang='lat' dir='ltr'>domestici</span> <span class='ocrx_word' id='word_1_99' title='bbox 1062 1625 1143 1700; x_wconf 91' lang='lat' dir='ltr'>suut,</span> <span class='ocrx_word' id='word_1_100' title='bbox 1164 1625 1229 1701; x_wconf 91' lang='lat' dir='ltr'>qui-</span> 
     </span>
     <span class='ocr_line' id='line_1_13' title="bbox 43 1736 1232 1817; baseline 0.002 -22"><span class='ocrx_word' id='word_1_101' title='bbox 43 1741 154 1817; x_wconf 86' lang='lat' dir='ltr'>busque</span> <span class='ocrx_word' id='word_1_102' title='bbox 179 1758 217 1801; x_wconf 81' lang='lat' dir='ltr'>ex</span> <span class='ocrx_word' id='word_1_103' title='bbox 239 1740 292 1801; x_wconf 89' lang='lat' dir='ltr'>suo</span> <span class='ocrx_word' id='word_1_104' title='bbox 315 1738 415 1800; x_wconf 89' lang='lat' dir='ltr'>aerario</span> <span class='ocrx_word' id='word_1_105' title='bbox 445 1736 604 1799; x_wconf 88' lang='lat' dir='ltr'>domestico</span> <span class='ocrx_word' id='word_1_106' title='bbox 633 1736 775 1813; x_wconf 89' lang='lat' dir='ltr'>stipendia</span> <span class='ocrx_word' id='word_1_107' title='bbox 805 1737 911 1812; x_wconf 83' lang='lat' dir='ltr'>solvit,</span> <span class='ocrx_word' id='word_1_108' title='bbox 933 1740 969 1798; x_wconf 90' lang='lat' dir='ltr'>ab</span> <span class='ocrx_word' id='word_1_109' title='bbox 992 1736 1070 1798; x_wconf 90' lang='lat' dir='ltr'>omni</span> <span class='ocrx_word' id='word_1_110' title='bbox 1091 1736 1232 1799; x_wconf 88' lang='lat' dir='ltr'>Civitatis</span> 
     </span>
     <span class='ocr_line' id='line_1_14' title="bbox 43 1849 1233 1928; baseline 0.003 -21"><span class='ocrx_word' id='word_1_111' title='bbox 43 1850 204 1912; x_wconf 85' lang='lat' dir='ltr'>ministerio</span> <span class='ocrx_word' id='word_1_112' title='bbox 226 1851 276 1912; x_wconf 87' lang='lat' dir='ltr'>seu</span> <span class='ocrx_word' id='word_1_113' title='bbox 297 1850 396 1910; x_wconf 90' lang='lat' dir='ltr'>officio</span> <span class='ocrx_word' id='word_1_114' title='bbox 418 1850 584 1910; x_wconf 88' lang='lat' dir='ltr'>secludendi</span> <span class='ocrx_word' id='word_1_115' title='bbox 607 1850 682 1910; x_wconf 89' lang='lat' dir='ltr'>suut.</span> <span class='ocrx_word' id='word_1_116' title='bbox 724 1849 802 1911; x_wconf 91' lang='lat' dir='ltr'>Dico</span> <span class='ocrx_word' id='word_1_117' title='bbox 823 1850 966 1927; x_wconf 68' lang='lat' dir='ltr'>expelle,</span> <span class='ocrx_word' id='word_1_118' title='bbox 987 1852 1091 1928; x_wconf 79' lang='lat' dir='ltr'>quibus</span> <span class='ocrx_word' id='word_1_119' title='bbox 1111 1854 1177 1911; x_wconf 79' lang='lat' dir='ltr'>Rex</span> <span class='ocrx_word' id='word_1_120' title='bbox 1196 1872 1233 1911; x_wconf 81' lang='lat' dir='ltr'>ex</span> 
     </span>
     <span class='ocr_line' id='line_1_15' title="bbox 45 1962 1231 2041; baseline 0.004 -22"><span class='ocrx_word' id='word_1_121' title='bbox 45 1968 154 2023; x_wconf 77' lang='lat' dir='ltr'>aerurt&#39;o</span> <span class='ocrx_word' id='word_1_122' title='bbox 170 1967 227 2041; x_wconf 82' lang='lat' dir='ltr'>suo</span> <span class='ocrx_word' id='word_1_123' title='bbox 255 1962 395 2040; x_wconf 78' lang='lat' dir='ltr'>domestr‘co</span> <span class='ocrx_word' id='word_1_124' title='bbox 416 1963 563 2040; x_wconf 78' lang='lat' dir='ltr'>stipendia</span> <span class='ocrx_word' id='word_1_125' title='bbox 577 1962 688 2038; x_wconf 81' lang='lat' dir='ltr'>soluit,</span> <span class='ocrx_word' id='word_1_126' title='bbox 710 1978 744 2022; x_wconf 90' lang='lat' dir='ltr'>ut</span> <span class='ocrx_word' id='word_1_127' title='bbox 764 1962 897 2038; x_wconf 89' lang='lat' dir='ltr'>corporis</span> <span class='ocrx_word' id='word_1_128' title='bbox 917 1963 1053 2025; x_wconf 88' lang='lat' dir='ltr'>custodes</span> <span class='ocrx_word' id='word_1_129' title='bbox 1075 1966 1110 2024; x_wconf 89' lang='lat' dir='ltr'>ab</span> <span class='ocrx_word' id='word_1_130' title='bbox 1132 1963 1231 2025; x_wconf 88' lang='lat' dir='ltr'>iisdem</span> 
     </span>
     <span class='ocr_line' id='line_1_16' title="bbox 44 2072 1232 2153; baseline 0.007 -24"><span class='ocrx_word' id='word_1_131' title='bbox 44 2072 201 2136; x_wconf 84' lang='lat' dir='ltr'>secludam.</span> <span class='ocrx_word' id='word_1_132' title='bbox 242 2076 317 2134; x_wconf 91' lang='lat' dir='ltr'>Nam</span> <span class='ocrx_word' id='word_1_133' title='bbox 345 2072 477 2147; x_wconf 90' lang='lat' dir='ltr'>corporis</span> <span class='ocrx_word' id='word_1_134' title='bbox 507 2072 643 2133; x_wconf 88' lang='lat' dir='ltr'>custodes</span> <span class='ocrx_word' id='word_1_135' title='bbox 672 2073 743 2135; x_wconf 89' lang='lat' dir='ltr'>nulli</span> <span class='ocrx_word' id='word_1_136' title='bbox 772 2090 877 2149; x_wconf 88' lang='lat' dir='ltr'>praeter</span> <span class='ocrx_word' id='word_1_137' title='bbox 902 2075 983 2137; x_wconf 85' lang='lat' dir='ltr'>cives</span> <span class='ocrx_word' id='word_1_138' title='bbox 1003 2076 1131 2153; x_wconf 85' lang='lat' dir='ltr'>ejnsdem</span> <span class='ocrx_word' id='word_1_139' title='bbox 1152 2077 1232 2137; x_wconf 91' lang='lat' dir='ltr'>urbis</span> 
     </span>
     <span class='ocr_line' id='line_1_17' title="bbox 45 2186 1131 2265; baseline 0.006 -22"><span class='ocrx_word' id='word_1_140' title='bbox 45 2186 70 2245; x_wconf 92' lang='lat' dir='ltr'>iu</span> <span class='ocrx_word' id='word_1_141' title='bbox 93 2192 180 2263; x_wconf 89' lang='lat' dir='ltr'>aula,</span> <span class='ocrx_word' id='word_1_142' title='bbox 201 2187 322 2250; x_wconf 89' lang='lat' dir='ltr'>servatis</span> <span class='ocrx_word' id='word_1_143' title='bbox 345 2186 476 2261; x_wconf 85' lang='lat' dir='ltr'>vicibus,</span> <span class='ocrx_word' id='word_1_144' title='bbox 497 2186 617 2265; x_wconf 85' lang='lat' dir='ltr'>vigilare</span> <span class='ocrx_word' id='word_1_145' title='bbox 639 2204 693 2261; x_wconf 91' lang='lat' dir='ltr'>pro</span> <span class='ocrx_word' id='word_1_146' title='bbox 717 2188 799 2265; x_wconf 83' lang='lat' dir='ltr'>Rege</span> <span class='ocrx_word' id='word_1_147' title='bbox 821 2188 990 2248; x_wconf 82' lang='lat' dir='ltr'>anteferes</span> <span class='ocrx_word' id='word_1_148' title='bbox 1013 2191 1131 2249; x_wconf 88' lang='lat' dir='ltr'>debent.</span> 
     </span>
    </p>

    <p class='ocr_par' dir='ltr' id='par_1_5' title="bbox 46 2298 1233 3036">
     <span class='ocr_line' id='line_1_18' title="bbox 83 2298 1231 2379; baseline 0.001 -18"><span class='ocrx_word' id='word_1_149' title='bbox 83 2300 109 2379; x_wconf 54' lang='grc' dir='ltr'>ᾗ.</span> <span class='ocrx_word' id='word_1_150' title='bbox 132 2300 258 2363; x_wconf 93' lang='lat' dir='ltr'><strong>XXXV.</strong></span> <span class='ocrx_word' id='word_1_151' title='bbox 299 2300 408 2359; x_wconf 89' lang='lat' dir='ltr'>Bellum</span> <span class='ocrx_word' id='word_1_152' title='bbox 433 2317 493 2359; x_wconf 91' lang='lat' dir='ltr'>non</span> <span class='ocrx_word' id='word_1_153' title='bbox 523 2298 573 2359; x_wconf 86' lang='lat' dir='ltr'>nilr</span> <span class='ocrx_word' id='word_1_154' title='bbox 602 2298 682 2374; x_wconf 84' lang='lat' dir='ltr'>pacis</span> <span class='ocrx_word' id='word_1_155' title='bbox 710 2298 794 2359; x_wconf 88' lang='lat' dir='ltr'>causa</span> <span class='ocrx_word' id='word_1_156' title='bbox 815 2299 1013 2376; x_wconf 86' lang='lat' dir='ltr'>iulerendum,</span> <span class='ocrx_word' id='word_1_157' title='bbox 1034 2316 1067 2360; x_wconf 91' lang='lat' dir='ltr'>ut</span> <span class='ocrx_word' id='word_1_158' title='bbox 1088 2320 1124 2361; x_wconf 89' lang='lat' dir='ltr'>eo</span> <span class='ocrx_word' id='word_1_159' title='bbox 1146 2302 1231 2363; x_wconf 89' lang='lat' dir='ltr'>linito</span> 
     </span>
     <span class='ocr_line' id='line_1_19' title="bbox 46 2409 1231 2492; baseline 0.008 -24"><span class='ocrx_word' id='word_1_160' title='bbox 46 2428 119 2472; x_wconf 84' lang='lat' dir='ltr'>arma</span> <span class='ocrx_word' id='word_1_161' title='bbox 152 2411 270 2472; x_wconf 88' lang='lat' dir='ltr'>celleut.</span> <span class='ocrx_word' id='word_1_162' title='bbox 312 2409 444 2473; x_wconf 88' lang='lat' dir='ltr'>Urbibus</span> <span class='ocrx_word' id='word_1_163' title='bbox 475 2409 564 2489; x_wconf 90' lang='lat' dir='ltr'>igitur</span> <span class='ocrx_word' id='word_1_164' title='bbox 593 2410 663 2492; x_wconf 87' lang='lat' dir='ltr'>Jure</span> <span class='ocrx_word' id='word_1_165' title='bbox 694 2411 763 2471; x_wconf 90' lang='lat' dir='ltr'>belli</span> <span class='ocrx_word' id='word_1_166' title='bbox 796 2411 907 2488; x_wconf 89' lang='lat' dir='ltr'>captis,</span> <span class='ocrx_word' id='word_1_167' title='bbox 929 2429 959 2473; x_wconf 88' lang='lat' dir='ltr'>et</span> <span class='ocrx_word' id='word_1_168' title='bbox 979 2413 1061 2474; x_wconf 88' lang='lat' dir='ltr'>hoste</span> <span class='ocrx_word' id='word_1_169' title='bbox 1094 2414 1231 2491; x_wconf 76' lang='lat' dir='ltr'>sabaeo,</span> 
     </span>
     <span class='ocr_line' id='line_1_20' title="bbox 48 2522 1231 2601; baseline 0.004 -20"><span class='ocrx_word' id='word_1_170' title='bbox 48 2524 124 2596; x_wconf 86' lang='lat' dir='ltr'>pacis</span> <span class='ocrx_word' id='word_1_171' title='bbox 155 2523 343 2585; x_wconf 88' lang='lat' dir='ltr'>conditiones</span> <span class='ocrx_word' id='word_1_172' title='bbox 371 2522 556 2583; x_wconf 86' lang='lat' dir='ltr'>instituendae</span> <span class='ocrx_word' id='word_1_173' title='bbox 585 2522 666 2597; x_wconf 91' lang='lat' dir='ltr'>sunt,</span> <span class='ocrx_word' id='word_1_174' title='bbox 696 2538 730 2584; x_wconf 94' lang='lat' dir='ltr'>ut</span> <span class='ocrx_word' id='word_1_175' title='bbox 759 2540 854 2600; x_wconf 82' lang='lat' dir='ltr'>captae</span> <span class='ocrx_word' id='word_1_176' title='bbox 881 2527 968 2584; x_wconf 91' lang='lat' dir='ltr'>urbes</span> <span class='ocrx_word' id='word_1_177' title='bbox 996 2527 1077 2586; x_wconf 91' lang='lat' dir='ltr'>nullo</span> <span class='ocrx_word' id='word_1_178' title='bbox 1098 2526 1231 2601; x_wconf 84' lang='lat' dir='ltr'>praelrdio</span> 
     </span>
     <span class='ocr_line' id='line_1_21' title="bbox 48 2635 1232 2714; baseline 0.005 -22"><span class='ocrx_word' id='word_1_179' title='bbox 48 2636 149 2700; x_wconf 85' lang='lat' dir='ltr'>l&#39;crvari</span> <span class='ocrx_word' id='word_1_180' title='bbox 183 2639 325 2712; x_wconf 87' lang='lat' dir='ltr'>debeant;</span> <span class='ocrx_word' id='word_1_181' title='bbox 356 2636 406 2697; x_wconf 87' lang='lat' dir='ltr'>sed</span> <span class='ocrx_word' id='word_1_182' title='bbox 438 2638 486 2696; x_wconf 90' lang='lat' dir='ltr'>vel</span> <span class='ocrx_word' id='word_1_183' title='bbox 517 2651 550 2696; x_wconf 91' lang='lat' dir='ltr'>ut</span> <span class='ocrx_word' id='word_1_184' title='bbox 580 2635 672 2711; x_wconf 86' lang='lat' dir='ltr'>hosti,</span> <span class='ocrx_word' id='word_1_185' title='bbox 704 2635 785 2712; x_wconf 88' lang='lat' dir='ltr'>pacis</span> <span class='ocrx_word' id='word_1_186' title='bbox 808 2639 916 2697; x_wconf 81' lang='lat' dir='ltr'>foedere</span> <span class='ocrx_word' id='word_1_187' title='bbox 938 2653 1081 2714; x_wconf 89' lang='lat' dir='ltr'>accepto,</span> <span class='ocrx_word' id='word_1_188' title='bbox 1103 2639 1232 2714; x_wconf 86' lang='lat' dir='ltr'>potestas</span> 
     </span>
     <span class='ocr_line' id='line_1_22' title="bbox 48 2747 1233 2827; baseline 0.005 -23"><span class='ocrx_word' id='word_1_189' title='bbox 48 2752 227 2810; x_wconf 81' lang='lat' dir='ltr'>concedatur</span> <span class='ocrx_word' id='word_1_190' title='bbox 247 2749 360 2809; x_wconf 87' lang='lat' dir='ltr'>easdem</span> <span class='ocrx_word' id='word_1_191' title='bbox 380 2747 476 2824; x_wconf 86' lang='lat' dir='ltr'>pretio</span> <span class='ocrx_word' id='word_1_192' title='bbox 498 2747 672 2823; x_wconf 89' lang='lat' dir='ltr'>redimendi,</span> <span class='ocrx_word' id='word_1_193' title='bbox 694 2751 742 2810; x_wconf 90' lang='lat' dir='ltr'>vel</span> <span class='ocrx_word' id='word_1_194' title='bbox 764 2747 798 2827; x_wconf 88' lang='lat' dir='ltr'>(lr</span> <span class='ocrx_word' id='word_1_195' title='bbox 820 2749 990 2810; x_wconf 85' lang='lat' dir='ltr'>curatione</span> <span class='ocrx_word' id='word_1_196' title='bbox 1013 2749 1101 2811; x_wconf 91' lang='lat' dir='ltr'>timor</span> <span class='ocrx_word' id='word_1_197' title='bbox 1122 2750 1233 2826; x_wconf 88' lang='lat' dir='ltr'>semper</span> 
     </span>
     <span class='ocr_line' id='line_1_23' title="bbox 48 2859 1229 2941; baseline 0.003 -23"><span class='ocrx_word' id='word_1_198' title='bbox 48 2879 62 2918; x_wconf 87' lang='lat' dir='ltr'>a</span> <span class='ocrx_word' id='word_1_199' title='bbox 82 2878 168 2941; x_wconf 88' lang='lat' dir='ltr'>tergo</span> <span class='ocrx_word' id='word_1_200' title='bbox 189 2876 304 2922; x_wconf 87' lang='lat' dir='ltr'>maneat</span> <span class='ocrx_word' id='word_1_201' title='bbox 325 2859 479 2922; x_wconf 87' lang='lat' dir='ltr'>formidine</span> <span class='ocrx_word' id='word_1_202' title='bbox 500 2859 573 2940; x_wconf 86' lang='lat' dir='ltr'>loci)</span> <span class='ocrx_word' id='word_1_203' title='bbox 597 2860 713 2935; x_wconf 90' lang='lat' dir='ltr'>prorsus</span> <span class='ocrx_word' id='word_1_204' title='bbox 736 2862 866 2922; x_wconf 87' lang='lat' dir='ltr'>delendae</span> <span class='ocrx_word' id='word_1_205' title='bbox 888 2862 973 2937; x_wconf 93' lang='lat' dir='ltr'>sunt,</span> <span class='ocrx_word' id='word_1_206' title='bbox 995 2878 1025 2922; x_wconf 86' lang='lat' dir='ltr'>et</span> <span class='ocrx_word' id='word_1_207' title='bbox 1045 2862 1150 2922; x_wconf 89' lang='lat' dir='ltr'>iucolae</span> <span class='ocrx_word' id='word_1_208' title='bbox 1172 2861 1229 2923; x_wconf 90' lang='lat' dir='ltr'>alio</span> 
     </span>
     <span class='ocr_line' id='line_1_24' title="bbox 49 2973 336 3036; baseline 0.01 -8"><span class='ocrx_word' id='word_1_209' title='bbox 49 2973 178 3036; x_wconf 88' lang='lat' dir='ltr'>locorum</span> <span class='ocrx_word' id='word_1_210' title='bbox 201 2973 336 3035; x_wconf 88' lang='lat' dir='ltr'>ducendi.</span> 
     </span>
    </p>

    <p class='ocr_par' dir='ltr' id='par_1_6' title="bbox 50 3085 1233 3609">
     <span class='ocr_line' id='line_1_25' title="bbox 88 3085 1232 3166; baseline 0.003 -22"><span class='ocrx_word' id='word_1_211' title='bbox 88 3085 115 3166; x_wconf 84' lang='lat'><strong>§.</strong></span> <span class='ocrx_word' id='word_1_212' title='bbox 137 3087 273 3145; x_wconf 92' lang='lat' dir='ltr'><strong>XXXVI.</strong></span> <span class='ocrx_word' id='word_1_213' title='bbox 316 3085 391 3163; x_wconf 84' lang='lat' dir='ltr'>Regi</span> <span class='ocrx_word' id='word_1_214' title='bbox 420 3086 525 3144; x_wconf 89' lang='lat' dir='ltr'>nullam</span> <span class='ocrx_word' id='word_1_215' title='bbox 554 3100 719 3145; x_wconf 83' lang='lat' dir='ltr'>extraneam</span> <span class='ocrx_word' id='word_1_216' title='bbox 748 3085 932 3148; x_wconf 88' lang='lat' dir='ltr'>matrimonio</span> <span class='ocrx_word' id='word_1_217' title='bbox 955 3087 1007 3147; x_wconf 89' lang='lat' dir='ltr'>lrbi</span> <span class='ocrx_word' id='word_1_218' title='bbox 1023 3087 1162 3166; x_wconf 86' lang='lat' dir='ltr'>jungere,</span> <span class='ocrx_word' id='word_1_219' title='bbox 1183 3087 1232 3148; x_wconf 86' lang='lat' dir='ltr'>led</span> 
     </span>
     <span class='ocr_line' id='line_1_26' title="bbox 51 3197 1232 3275; baseline 0.003 -21"><span class='ocrx_word' id='word_1_220' title='bbox 51 3213 163 3258; x_wconf 87' lang='lat' dir='ltr'>rantum</span> <span class='ocrx_word' id='word_1_221' title='bbox 195 3217 231 3258; x_wconf 87' lang='lat' dir='ltr'>ex</span> <span class='ocrx_word' id='word_1_222' title='bbox 264 3197 488 3275; x_wconf 84' lang='lat' dir='ltr'>consanguineis</span> <span class='ocrx_word' id='word_1_223' title='bbox 520 3199 568 3258; x_wconf 87' lang='lat' dir='ltr'>vel</span> <span class='ocrx_word' id='word_1_224' title='bbox 599 3197 716 3258; x_wconf 90' lang='lat' dir='ltr'>civibus</span> <span class='ocrx_word' id='word_1_225' title='bbox 752 3198 877 3275; x_wconf 89' lang='lat' dir='ltr'>aliquam</span> <span class='ocrx_word' id='word_1_226' title='bbox 908 3199 937 3260; x_wconf 91' lang='lat' dir='ltr'>in</span> <span class='ocrx_word' id='word_1_227' title='bbox 971 3218 1091 3260; x_wconf 83' lang='lat' dir='ltr'>uxorem</span> <span class='ocrx_word' id='word_1_228' title='bbox 1127 3203 1232 3261; x_wconf 88' lang='lat' dir='ltr'>ducere</span> 
     </span>
     <span class='ocr_line' id='line_1_27' title="bbox 50 3307 1233 3387; baseline 0.004 -21"><span class='ocrx_word' id='word_1_229' title='bbox 50 3308 152 3386; x_wconf 88' lang='lat' dir='ltr'>liccat;</span> <span class='ocrx_word' id='word_1_230' title='bbox 181 3330 213 3370; x_wconf 90' lang='lat' dir='ltr'>ea</span> <span class='ocrx_word' id='word_1_231' title='bbox 242 3324 338 3370; x_wconf 86' lang='lat' dir='ltr'>tamen</span> <span class='ocrx_word' id='word_1_232' title='bbox 368 3307 558 3382; x_wconf 89' lang='lat' dir='ltr'>conditione,</span> <span class='ocrx_word' id='word_1_233' title='bbox 588 3308 608 3368; x_wconf 91' lang='lat' dir='ltr'>sr</span> <span class='ocrx_word' id='word_1_234' title='bbox 636 3307 746 3369; x_wconf 86' lang='lat' dir='ltr'>scilicet</span> <span class='ocrx_word' id='word_1_235' title='bbox 775 3309 869 3371; x_wconf 88' lang='lat' dir='ltr'>civem</span> <span class='ocrx_word' id='word_1_236' title='bbox 899 3311 1023 3387; x_wconf 89' lang='lat' dir='ltr'>aliquam</span> <span class='ocrx_word' id='word_1_237' title='bbox 1046 3310 1178 3386; x_wconf 87' lang='lat' dir='ltr'>duxerit,</span> <span class='ocrx_word' id='word_1_238' title='bbox 1199 3327 1233 3371; x_wconf 90' lang='lat' dir='ltr'>ut</span> 
     </span>
     <span class='ocr_line' id='line_1_28' title="bbox 51 3419 1231 3512; baseline 0.005 -36"><span class='ocrx_word' id='word_1_239' title='bbox 51 3423 99 3496; x_wconf 89' lang='lat' dir='ltr'>qui</span> <span class='ocrx_word' id='word_1_240' title='bbox 129 3422 216 3482; x_wconf 85' lang='lat' dir='ltr'>uxori</span> <span class='ocrx_word' id='word_1_241' title='bbox 244 3421 381 3499; x_wconf 89' lang='lat' dir='ltr'>sanguine</span> <span class='ocrx_word' id='word_1_242' title='bbox 410 3420 463 3480; x_wconf 78' lang='lat' dir='ltr'>sint</span> <span class='ocrx_word' id='word_1_243' title='bbox 493 3419 635 3512; x_wconf 79' lang='lat' dir='ltr'>proxImi,</span> <span class='ocrx_word' id='word_1_244' title='bbox 665 3422 775 3481; x_wconf 90' lang='lat' dir='ltr'>nullum</span> <span class='ocrx_word' id='word_1_245' title='bbox 797 3421 937 3483; x_wconf 87' lang='lat' dir='ltr'>Civitatis</span> <span class='ocrx_word' id='word_1_246' title='bbox 958 3421 1087 3483; x_wconf 87' lang='lat' dir='ltr'>officium</span> <span class='ocrx_word' id='word_1_247' title='bbox 1110 3423 1231 3484; x_wconf 88' lang='lat' dir='ltr'>admini-</span> 
     </span>
     <span class='ocr_line' id='line_1_29' title="bbox 52 3533 271 3609; baseline 0.005 -18"><span class='ocrx_word' id='word_1_248' title='bbox 52 3533 135 3594; x_wconf 87' lang='lat' dir='ltr'>strare</span> <span class='ocrx_word' id='word_1_249' title='bbox 156 3533 271 3609; x_wconf 87' lang='lat' dir='ltr'>pollrnt.</span> 
     </span>
    </p>

    <p class='ocr_par' dir='ltr' id='par_1_7' title="bbox 52 3641 1233 4266">
     <span class='ocr_line' id='line_1_30' title="bbox 89 3641 1233 3723; baseline 0.001 -19"><span class='ocrx_word' id='word_1_250' title='bbox 89 3644 116 3723; x_wconf 88' lang='lat'><strong>§.</strong></span> <span class='ocrx_word' id='word_1_251' title='bbox 137 3643 289 3704; x_wconf 91' lang='lat' dir='ltr'><strong>XXXVII.</strong></span> <span class='ocrx_word' id='word_1_252' title='bbox 330 3641 483 3717; x_wconf 88' lang='lat' dir='ltr'>Imperium</span> <span class='ocrx_word' id='word_1_253' title='bbox 502 3641 674 3704; x_wconf 85' lang='lat' dir='ltr'>iudivisrbile</span> <span class='ocrx_word' id='word_1_254' title='bbox 696 3642 751 3703; x_wconf 82' lang='lat' dir='ltr'>elle</span> <span class='ocrx_word' id='word_1_255' title='bbox 773 3646 870 3705; x_wconf 89' lang='lat' dir='ltr'>debet.</span> <span class='ocrx_word' id='word_1_256' title='bbox 892 3643 922 3704; x_wconf 85' lang='lat' dir='ltr'>si</span> <span class='ocrx_word' id='word_1_257' title='bbox 943 3644 1032 3722; x_wconf 91' lang='lat' dir='ltr'>igitur</span> <span class='ocrx_word' id='word_1_258' title='bbox 1052 3647 1118 3704; x_wconf 86' lang='lat' dir='ltr'>Rex</span> <span class='ocrx_word' id='word_1_259' title='bbox 1136 3646 1233 3720; x_wconf 88' lang='lat' dir='ltr'>plures</span> 
     </span>
     <span class='ocr_line' id='line_1_31' title="bbox 52 3753 1231 3831; baseline 0.002 -19"><span class='ocrx_word' id='word_1_260' title='bbox 52 3755 158 3815; x_wconf 90' lang='lat' dir='ltr'>liberos</span> <span class='ocrx_word' id='word_1_261' title='bbox 178 3753 393 3830; x_wconf 82' lang='lat' dir='ltr'>procreaverit,</span> <span class='ocrx_word' id='word_1_262' title='bbox 414 3753 528 3814; x_wconf 92' lang='lat' dir='ltr'>illorum</span> <span class='ocrx_word' id='word_1_263' title='bbox 550 3753 641 3830; x_wconf 88' lang='lat' dir='ltr'>major</span> <span class='ocrx_word' id='word_1_264' title='bbox 661 3770 733 3815; x_wconf 87' lang='lat' dir='ltr'>natu</span> <span class='ocrx_word' id='word_1_265' title='bbox 747 3754 812 3831; x_wconf 85' lang='lat' dir='ltr'>jure</span> <span class='ocrx_word' id='word_1_266' title='bbox 830 3754 982 3829; x_wconf 57' lang='lat' dir='ltr'>succedam</span> <span class='ocrx_word' id='word_1_267' title='bbox 1000 3754 1116 3815; x_wconf 89' lang='lat' dir='ltr'>minime</span> <span class='ocrx_word' id='word_1_268' title='bbox 1135 3771 1231 3816; x_wconf 90' lang='lat' dir='ltr'>autem</span> 
     </span>
     <span class='ocr_line' id='line_1_32' title="bbox 53 3865 1232 3942; baseline 0.001 -16"><span class='ocrx_word' id='word_1_269' title='bbox 53 3869 288 3942; x_wconf 87' lang='lat' dir='ltr'>concedendum,</span> <span class='ocrx_word' id='word_1_270' title='bbox 318 3881 351 3927; x_wconf 95' lang='lat' dir='ltr'>ut</span> <span class='ocrx_word' id='word_1_271' title='bbox 380 3866 529 3942; x_wconf 88' lang='lat' dir='ltr'>imperium</span> <span class='ocrx_word' id='word_1_272' title='bbox 559 3865 634 3926; x_wconf 87' lang='lat' dir='ltr'>iuter</span> <span class='ocrx_word' id='word_1_273' title='bbox 662 3865 742 3942; x_wconf 89' lang='lat' dir='ltr'>ipsos</span> <span class='ocrx_word' id='word_1_274' title='bbox 764 3867 928 3942; x_wconf 87' lang='lat' dir='ltr'>dividatur,</span> <span class='ocrx_word' id='word_1_275' title='bbox 950 3887 1004 3927; x_wconf 88' lang='lat' dir='ltr'>nec</span> <span class='ocrx_word' id='word_1_276' title='bbox 1025 3884 1058 3928; x_wconf 91' lang='lat' dir='ltr'>ut</span> <span class='ocrx_word' id='word_1_277' title='bbox 1078 3867 1232 3929; x_wconf 90' lang='lat' dir='ltr'>indivisum</span> 
     </span>
     <span class='ocr_line' id='line_1_33' title="bbox 55 3977 1233 4055; baseline 0 -16"><span class='ocrx_word' id='word_1_278' title='bbox 55 3979 188 4040; x_wconf 86' lang='lat' dir='ltr'>omuibus</span> <span class='ocrx_word' id='word_1_279' title='bbox 217 3981 264 4042; x_wconf 87' lang='lat' dir='ltr'>vel</span> <span class='ocrx_word' id='word_1_280' title='bbox 293 3977 439 4054; x_wconf 88' lang='lat' dir='ltr'>aliquibus</span> <span class='ocrx_word' id='word_1_281' title='bbox 468 3979 614 4053; x_wconf 87' lang='lat' dir='ltr'>tradatur,</span> <span class='ocrx_word' id='word_1_282' title='bbox 636 3993 665 4037; x_wconf 90' lang='lat' dir='ltr'>et</span> <span class='ocrx_word' id='word_1_283' title='bbox 687 3979 781 4039; x_wconf 90' lang='lat' dir='ltr'>multo</span> <span class='ocrx_word' id='word_1_284' title='bbox 803 3977 912 4054; x_wconf 86' lang='lat' dir='ltr'>miuus,</span> <span class='ocrx_word' id='word_1_285' title='bbox 934 3994 967 4040; x_wconf 93' lang='lat' dir='ltr'>ut</span> <span class='ocrx_word' id='word_1_286' title='bbox 988 3995 1098 4054; x_wconf 87' lang='lat' dir='ltr'>partem</span> <span class='ocrx_word' id='word_1_287' title='bbox 1121 3979 1233 4055; x_wconf 88' lang='lat' dir='ltr'>imperii</span> 
     </span>
     <span class='ocr_line' id='line_1_34' title="bbox 56 4089 1233 4168; baseline -0.001 -16"><span class='ocrx_word' id='word_1_288' title='bbox 56 4096 151 4154; x_wconf 86' lang='lat' dir='ltr'>dotem</span> <span class='ocrx_word' id='word_1_289' title='bbox 179 4093 244 4153; x_wconf 84' lang='lat' dir='ltr'>liliae</span> <span class='ocrx_word' id='word_1_290' title='bbox 274 4095 340 4154; x_wconf 88' lang='lat' dir='ltr'>dare</span> <span class='ocrx_word' id='word_1_291' title='bbox 369 4090 464 4152; x_wconf 90' lang='lat' dir='ltr'>liceat.</span> <span class='ocrx_word' id='word_1_292' title='bbox 505 4091 597 4165; x_wconf 87' lang='lat' dir='ltr'>Nam,</span> <span class='ocrx_word' id='word_1_293' title='bbox 619 4089 692 4151; x_wconf 85' lang='lat' dir='ltr'>filias</span> <span class='ocrx_word' id='word_1_294' title='bbox 712 4091 742 4150; x_wconf 92' lang='lat' dir='ltr'>in</span> <span class='ocrx_word' id='word_1_295' title='bbox 763 4091 963 4151; x_wconf 86' lang='lat' dir='ltr'>haereditatem</span> <span class='ocrx_word' id='word_1_296' title='bbox 984 4091 1096 4167; x_wconf 84' lang='lat' dir='ltr'>imperii</span> <span class='ocrx_word' id='word_1_297' title='bbox 1117 4091 1233 4168; x_wconf 90' lang='lat' dir='ltr'>venire,</span> 
     </span>
     <span class='ocr_line' id='line_1_35' title="bbox 59 4204 518 4266; baseline -0.004 -2"><span class='ocrx_word' id='word_1_298' title='bbox 59 4208 132 4266; x_wconf 85' lang='lat' dir='ltr'>nulla</span> <span class='ocrx_word' id='word_1_299' title='bbox 152 4204 266 4266; x_wconf 91' lang='lat' dir='ltr'>ratione</span> <span class='ocrx_word' id='word_1_300' title='bbox 288 4205 518 4264; x_wconf 88' lang='lat' dir='ltr'>concedendum.</span> 
     </span>
    </p>

    <p class='ocr_par' dir='ltr' id='par_1_8' title="bbox 96 4314 1233 4400">
     <span class='ocr_line' id='line_1_36' title="bbox 96 4314 1233 4400; baseline -0.001 -23"><span class='ocrx_word' id='word_1_301' title='bbox 96 4319 121 4400; x_wconf 60' lang='grc' dir='ltr'>ς.</span> <span class='ocrx_word' id='word_1_302' title='bbox 142 4317 308 4378; x_wconf 89' lang='lat' dir='ltr'><strong>XXXVIII.</strong></span> <span class='ocrx_word' id='word_1_303' title='bbox 349 4316 379 4378; x_wconf 83' lang='lat' dir='ltr'>si</span> <span class='ocrx_word' id='word_1_304' title='bbox 401 4318 468 4376; x_wconf 84' lang='lat' dir='ltr'>Rex</span> <span class='ocrx_word' id='word_1_305' title='bbox 489 4314 587 4375; x_wconf 87' lang='lat' dir='ltr'>liberis</span> <span class='ocrx_word' id='word_1_306' title='bbox 615 4315 747 4377; x_wconf 86' lang='lat' dir='ltr'>masculis</span> <span class='ocrx_word' id='word_1_307' title='bbox 768 4319 857 4378; x_wconf 92' lang='lat' dir='ltr'>orbus</span> <span class='ocrx_word' id='word_1_308' title='bbox 878 4315 1003 4392; x_wconf 91' lang='lat' dir='ltr'>obierit,</span> <span class='ocrx_word' id='word_1_309' title='bbox 1024 4317 1089 4392; x_wconf 92' lang='lat' dir='ltr'>ille,</span> <span class='ocrx_word' id='word_1_310' title='bbox 1110 4316 1161 4393; x_wconf 91' lang='lat' dir='ltr'>qui</span> <span class='ocrx_word' id='word_1_311' title='bbox 1181 4315 1233 4393; x_wconf 89' lang='lat' dir='ltr'>ipli</span> 
     </span>
    </p>
   </div>
   <div class='ocr_carea' id='block_1_3' title="bbox 0 0 1487 4900">
    <p class='ocr_par' dir='ltr' id='par_1_9' title="bbox 0 0 1487 4900">
     <span class='ocr_line' id='line_1_37' title="bbox 0 0 1487 4900; baseline 0 0"><span class='ocrx_word' id='word_1_312' title='bbox 0 0 1487 4900; x_wconf 95' lang='lat' dir='ltr'> </span> 
     </span>
    </p>
   </div>
  </div>
 </body>
</html>
