2934 4900
217 340 278 407 254
640 330 823 391 Ethicet
853 332 920 393 Part
940 332 979 391 V.

215 504 361 581 Tristitia,
381 504 600 567 concomitante
619 504 685 567 idea
706 505 799 567 causae
822 520 949 565 externe
961 504 1032 583 (per
1040 504 1135 585 Defin.
1145 506 1175 565 6.
1186 518 1214 565 et
1226 519 1253 579 7.
1266 502 1412 581 Affed.);

216 617 270 677 hac
291 616 380 695 igitur
400 618 530 694 sublata,
550 617 669 679 Amoris
691 620 740 681 vel
761 617 829 680 Odii
851 618 943 681 forma
963 616 1044 679 smul
1065 615 1194 693 rnilitum
1215 618 1359 692 adeoque
1382 614 1412 675 hi

215 729 353 807 effecius,
375 747 405 793 et
426 732 478 809 qui
499 750 537 793 ex
557 732 604 793 hit
624 730 776 807 oriuntur,
797 730 993 793 destruuntur.
1035 730 1068 807 Q.
1090 730 1127 790 E.
1148 731 1188 791 D.

601 890 930 952 PROPOSITIO
968 890 1019 949 111.

254 1003 397 1081 Affedius‚
426 1009 477 1082 qui
496 1006 583 1089 pafflo
608 1005 662 1082 est,
689 1002 789 1082 definit
816 1004 868 1083 effe
886 1004 986 1085 paffin,
1002 1002 1172 1083 stmulatque
1199 1002 1259 1077 ejus
1286 1002 1409 1061 claram

212 1130 241 1177 et
260 1118 419 1198 diffindam
433 1116 597 1193 formamus
616 1118 719 1177 ideam.

614 1276 1007 1321 uumouscnnutm

253 1368 402 1445 Affectus,
423 1369 474 1446 qui
495 1370 583 1446 padio
603 1370 661 1445 est,
681 1370 747 1432 idea
769 1370 810 1430 est
830 1370 951 1431 confusa
970 1370 1042 1449 (per
1049 1388 1148 1446 gener.
1160 1368 1263 1447 ΛΜ.
1274 1370 1404 1449 Restm).

212 1480 243 1540 Si
270 1480 370 1557 itaque
396 1480 485 1557 ipsun
513 1481 633 1543 effeetus
658 1484 761 1543 claram
788 1497 818 1543 et
845 1482 1004 1544 distinctam
1026 1482 1181 1542 formemus
1202 1481 1314 1555 ideam,
1338 1482 1404 1541 haec

213 1590 277 1651 iden
304 1594 341 1652 nb
369 1592 433 1668 ipso
461 1592 584 1667 effestu,
610 1609 756 1668 quatenus
778 1596 814 1654 ad
837 1593 924 1654 solam
946 1594 1078 1653 Mentem
1100 1594 1241 1668 refertur,
1262 1610 1325 1653 non
1349 1592 1402 1652 nili

212 1702 325 1763 ratione
347 1702 539 1781 distinguetur
559 1704 631 1783 (per
651 1706 740 1783 Prop.
753 1706 828 1767 un*
847 1719 876 1784 p.
889 1723 917 1765 2.
938 1724 999 1765 cum
1019 1705 1142 1783 ejusdem
1160 1703 1283 1783 Schol.);
1306 1708 1402 1765 adeo-

212 1832 270 1889 que
291 1814 362 1893 (ριν
382 1816 470 1893 Prop.
492 1833 519 1891 3.
537 1828 570 1895 p.
592 1816 635 1895 3.)
655 1816 778 1879 affedtut
799 1814 909 1878 desinet
930 1815 984 1877 eise
1006 1817 1104 1891 paffio.
1147 1818 1181 1893 Q.
1202 1818 1238 1877 E.
1259 1816 1299 1876 D.

621 1978 986 2022 coROLLARIUM.

252 2072 384 2133 Affectus
411 2070 500 2149 igitur
527 2090 563 2130 co
591 2071 681 2151 magio
707 2071 739 2133 in
766 2073 861 2135 nostra
892 2072 1037 2149 potestate
1059 2072 1116 2148 est,
1137 2088 1167 2133 et
1189 2074 1277 2133 Mens
1298 2075 1337 2131 ab
1359 2090 1397 2131 eo

211 2182 306 2245 minut
327 2182 454 2258 petitur,
474 2202 536 2259 quo
556 2182 644 2245 nobis
664 2183 835 2277 estmotior.

592 2342 921 2431 PROPOSITIO
954 2344 1006 2404 IV.

250 2454 344 2514 Nulla
370 2455 408 2533 est
430 2457 566 2533 Corporis
586 2444 716 2532 offcium,
738 2455 817 2531 cujm
837 2455 960 2533 aliquem
981 2457 1090 2515 clarum
1111 2469 1137 2515 et
1159 2455 1318 2534 distiudium
1340 2475 1393 2515 mm

205 2565 345 2644 pofficmus
359 2565 495 2642 formare
513 2579 680 2646 conceptum.

602 2730 994 2775 unmousmnntto

247 2822 321 2902 Quae
350 2823 485 2884 omnibus
511 2823 675 2885 communia
697 2823 779 2900 sunt,
802 2845 862 2886 non
885 2826 1000 2902 poffunt
1022 2825 1139 2900 concipi
1162 2823 1211 2886 nifi
1234 2826 1389 2900 adaequate

209 2933 280 3012 (per
307 2934 395 3012 Prop.
415 2935 463 3010 3⁸·
480 2948 511 3013 p.
533 2935 594 3013 2.);
622 2938 755 3013 adeoque
785 2937 856 3015 (per
883 2939 972 3017 Prop.
997 2954 1042 2996 12.
1063 2951 1090 2997 et
1116 2938 1296 3012 Lemniam,
1318 2937 1394 3013 quod

208 3042 331 3103 liabetur
346 3045 409 3124 post
428 3044 518 3106 Schol.
539 3047 629 3126 Prop.
653 3064 697 3123 13.
714 3061 747 3126 p.
759 3049 801 3126 2.)
823 3049 900 3109 nullu
924 3048 964 3109 cst
987 3046 1127 3124 Corporis
1151 3047 1283 3120 afl'cdiio,
1305 3048 1391 3124 cujus

207 3154 332 3226 aliquem
344 3156 450 3216 clarum
462 3172 492 3218 et
504 3156 667 3220 distindium
678 3177 738 3219 non
752 3159 898 3235 possumus
911 3161 1033 3221 formare
1044 3175 1232 3236 conceptum.
1255 3161 1288 3236 Q.
1301 3161 1339 3220 E.
1350 3161 1390 3221 D.

615 3319 977 3366 cononunnmm.

247 3409 323 3472 Hinc
351 3410 499 3488 sequitur,
526 3415 635 3475 nullum
656 3413 711 3474 esse
732 3415 883 3490 affectum,
903 3415 987 3492 cujus
1009 3434 1069 3476 non
1091 3413 1238 3492 poss'umus
1260 3414 1386 3492 aliquem

206 3523 312 3583 clarum
332 3540 363 3584 et
384 3523 548 3587 distinctum
576 3527 699 3589 formare
728 3545 916 3604 conceptum.
956 3528 1010 3588 Est·
1027 3547 1150 3604 namque
1172 3529 1293 3589 effecius
1313 3527 1387 3588 Cor·

207 3634 287 3708 potis
318 3634 480 3696 affectionis
512 3637 577 3698 idea
607 3639 679 3717 (per
696 3657 761 3715 gen.
783 3639 886 3716 ΛΜ.
906 3640 1033 3721 Defin.)‚
1054 3659 1120 3716 quae
1141 3655 1296 3716 propterea
1318 3641 1389 3719 (per

207 3747 408 3826 Pronpraec.)
430 3747 554 3825 aliquem
576 3752 682 3811 clatum
694 3766 724 3810 et
736 3750 898 3814 distinctum
920 3750 1071 3814 involvere
1092 3753 1180 3812 debet
1200 3767 1388 3826 conceptum.

670 3915 683 3956 s
696 3915 714 3956 c
728 3915 749 3956 u
763 3916 782 3958 0
795 3913 814 3958 ι,
827 3915 837 3957 1
851 3915 873 3957 u
886 3915 923 3957 m.

248 4001 494 4084 Quandoquidem
523 4005 594 4065 nihil
622 4008 722 4084 datur,
751 4027 788 4067 ex
818 4028 878 4085 quo
901 4009 1007 4086 aliquis
1028 4009 1148 4072 effedius
1169 4028 1229 4070 non
1251 4009 1388 4088 sequatur

208 4114 279 4193 (per
298 4118 387 4194 Prop.
409 4119 456 4192 3⁶·
472 4131 505 4196 p.
530 4118 587 4195 n),
615 4134 645 4178 et
673 4118 814 4194 quicquid
843 4137 880 4179 ex
900 4120 983 4198 idea,
1004 4140 1068 4197 quae
1089 4121 1118 4182 in
1141 4121 1227 4183 nobis
1249 4121 1291 4181 est
1311 4125 1385 4184 adae-

241 4335 254 4366 ’
288 4333 416 4395 stmnidt⁹
432 4337 536 4386 Beuder.
551 4362 585 4374 -
601 4338 648 4388 ud.
665 4338 717 4388 Pu:
737 4347 778 4389 m.
