2934 4900
210 295 267 342 122
630 283 811 344 Ethices
840 284 909 346 Para
928 285 966 345 ll.

208 473 302 534 nego,
322 473 378 517 nor
398 456 503 534 aequali
524 456 674 536 cogitandi
696 457 833 533 potentia
853 457 983 538 indigere
1004 460 1041 519 ad
1060 457 1275 535 affirmandum,
1291 477 1402 524 venam

209 566 264 630 elle
284 567 332 644 id,
353 569 435 645 quod
457 585 557 631 verum
578 568 633 644 est,
654 587 741 646 quam
762 570 799 631 ad
820 567 1037 648 allinnandum,
1058 588 1159 635 verum
1179 569 1234 632 elie
1254 571 1300 648 id,
1311 575 1403 649 quod

208 679 309 742 falsum
330 679 380 742 eli.
401 681 477 741 Nam
497 680 542 744 hae
563 683 628 744 duat
650 679 873 757 affirmationes,
896 681 916 741 sr
937 696 1064 744 mentem
1085 682 1213 760 speder,
1233 684 1262 745 se
1284 685 1404 746 habent

208 792 245 852 ad
272 789 414 868 invicem,
442 806 477 854 ut
504 810 556 853 ent
583 795 620 854 ad
648 809 793 869 non-enr;
823 792 895 854 nilnil
915 793 992 854 enim
1012 793 1043 855 in
1063 793 1138 856 idcir
1158 793 1318 872 politiuum
1340 796 1406 870 est,

208 904 291 979 quod
321 901 454 964 falsitatis
483 905 603 966 formam
635 904 789 967 constituit
826 906 908 984 (vide
936 907 1025 984 Prop.
1054 918 1102 983 35.
1131 905 1219 987 hujus
1245 927 1310 968 nrm
1335 911 1406 986 ejus

208 1015 299 1076 Sahal.
319 1028 348 1076 et
367 1014 457 1079 Sahal.
487 1017 576 1094 Prop.
597 1031 646 1096 47.
667 1015 780 1096 hujus).
821 1017 919 1100 Quare
947 1015 997 1077 lnic
1023 1015 1152 1093 apprime
1179 1016 1262 1080 venir
1289 1033 1404 1079 notan·

209 1131 293 1204 dum,
313 1147 398 1206 quam
420 1127 506 1189 facile
526 1126 703 1205 decipimur,
723 1130 844 1204 quando
865 1127 1040 1191 universalia
1060 1146 1126 1190 cum
1146 1128 1338 1208 singularibus
1345 1173 1355 1206 ,
1367 1145 1403 1190 et

209 1241 289 1304 entia
308 1241 431 1303 rationis
452 1258 482 1304 et
504 1241 641 1304 abstrafia
662 1259 727 1304 cnm
749 1240 875 1304 realibus
897 1240 1114 1304 confundimur.
1153 1243 1247 1324 Quod
1266 1243 1400 1320 denique

209 1357 246 1417 ad
265 1367 405 1433 quartam
425 1353 623 1430 objectionem
644 1353 771 1430 attinet,
791 1353 877 1431 dico,
897 1372 943 1416 me
964 1353 1086 1417 omnino
1111 1358 1290 1431 concedere,
1311 1359 1400 1433 quod

207 1469 298 1532 horno
319 1469 349 1530 in
370 1467 423 1530 tali
440 1466 604 1545 aequilibrio
631 1467 746 1546 politus
770 1469 890 1548 (nempe
908 1468 960 1546 qui
977 1467 1051 1530 nihil
1067 1469 1147 1531 aliud
1163 1469 1290 1547 percipit
1306 1489 1398 1548 quam

207 1581 281 1643 srtim
310 1595 342 1643 et
372 1581 493 1656 famem,
524 1582 610 1642 talem
641 1579 739 1642 cibum
767 1595 799 1641 et
827 1580 914 1641 talem
942 1595 1066 1657 potum,
1097 1579 1150 1658 qui
1179 1599 1263 1658 aeque
1290 1582 1329 1642 ab
1356 1600 1398 1642 eo

208 1695 329 1774 distant)
350 1696 425 1756 fame
445 1708 477 1755 et
496 1693 542 1755 srti
561 1693 680 1772 peribit.
700 1693 732 1755 Si
752 1711 798 1755 me
818 1709 988 1774 rogant,an
1009 1692 1077 1755 talia
1096 1692 1188 1756 lromo
1208 1712 1268 1756 non
1289 1696 1398 1772 potius

208 1807 304 1870 asrnur
333 1823 419 1884 quam
450 1805 540 1867 homo
571 1805 606 1867 srt
637 1805 844 1868 aestimandus?
875 1805 944 1869 dico
982 1823 1027 1866 me
1065 1803 1196 1881 nescire,
1234 1820 1269 1867 ut
1304 1805 1397 1866 etiam

208 1917 326 1995 nescio,
352 1915 455 1995 quanti
482 1916 667 1980 estimandus
692 1918 728 1979 stt
756 1917 822 1994 ille,
849 1917 902 1995 qui
922 1915 952 1978 se
972 1915 1109 1994 penlilem
1129 1917 1201 1979 facit
1208 1963 1219 1994 ,
1238 1931 1269 1980 et
1289 1917 1397 1995 quanti

210 2028 366 2092 aestimandi
387 2027 442 2090 lint
462 2027 563 2105 pueri,
583 2029 679 2107 stulti,
700 2029 814 2107 vesani,
835 2044 893 2091 etc.

248 2141 384 2220 Superest
414 2142 532 2203 tandem
562 2141 709 2216 indicare,
741 2157 881 2218 quantum
913 2141 1002 2218 hujus
1032 2139 1173 2202 dofirinae
1203 2139 1339 2221 cognitio
1360 2144 1400 2204 ad

210 2254 291 2318 usum
312 2253 382 2316 vitae
403 2253 552 2331 conferat,
573 2255 657 2330 quod
678 2253 764 2316 facile
785 2272 822 2315 en
842 2252 889 2314 hir
910 2252 1184 2316 animadvertemus.
1223 2254 1339 2329 Nempe
1359 2252 1398 2313 1⁰.

209 2383 355 2446 quatenus
383 2368 473 2428 docet
500 2383 555 2428 non
577 2383 613 2426 ex
635 2366 699 2428 solo
713 2364 777 2436 Dei
798 2380 876 2427 nutu
896 2382 999 2445 agere,
1018 2364 1188 2444 divinaque
1208 2381 1319 2428 naturae
1339 2365 1397 2426 esse

208 2478 385 2557 participes,
413 2494 444 2541 et
471 2496 508 2541 eo
537 2478 644 2559 magia,
672 2496 733 2557 quo
762 2477 952 2556 perfeeliorec
979 2478 1109 2540 actiones
1134 2476 1262 2556 agimur,
1281 2492 1314 2539 et
1335 2497 1398 2555 quo

208 2590 299 2672 magis
320 2590 468 2671 magisque
487 2593 584 2653 Deum
606 2589 805 2670 intelligimur.
846 2592 919 2651 Haec
941 2608 1010 2669 ergo
1032 2588 1184 2666 dodrina,
1205 2603 1398 2667 praeterquam

209 2706 291 2782 quod
311 2702 437 2766 animum
458 2703 625 2765 omnimode
646 2702 780 2780 quietum
800 2700 912 2778 reddit,
933 2701 992 2763 hoc
1012 2700 1101 2762 etiam
1121 2699 1226 2774 habet,
1241 2701 1324 2777 quod
1340 2718 1399 2761 nos

209 2820 316 2894 docet,
335 2815 365 2878 in
386 2834 447 2893 quo
470 2816 566 2877 noslra
586 2815 694 2877 summa
715 2814 840 2877 felicitat
861 2815 921 2879 sive
941 2812 1098 2875 beatitudo
1120 2811 1264 2889 consistit,
1291 2832 1398 2890 nempe

210 2928 240 2990 in
262 2928 322 2991 sola
341 2927 400 2990 Dei
420 2926 607 3007 cognitione,
628 2946 666 2989 ex
686 2914 746 3005 oua
767 2928 804 2989 ad
825 2945 859 2989 ea
880 2941 994 2988 tantum
1015 2927 1128 3005 agenda
1147 2922 1322 3002 inducimur,
1331 2944 1400 3004 quae

210 3056 290 3101 amor
320 3054 351 3101 et
381 3038 477 3116 pietas
507 3038 639 3101 suadent.
681 3039 772 3102 Unde
802 3040 877 3100 clare
909 3037 1114 3117 intelligimus,
1142 3052 1284 3115 quantum
1313 3035 1355 3097 illi
1383 3057 1400 3097 a

209 3168 278 3215 vera
298 3150 419 3214 virtutis
440 3150 630 3213 estimatione
651 3154 804 3226 aberrant,
830 3149 883 3226 qui
904 3167 958 3226 pro
979 3148 1090 3211 virtute
1111 3163 1143 3211 et
1162 3148 1284 3226 optimis
1305 3148 1398 3211 aelio·

209 3264 312 3341 nibus,
340 3280 478 3342 tanquam
506 3281 560 3339 pro
588 3263 696 3325 summa
717 3260 878 3338 servitute,
898 3261 1014 3323 summis
1034 3260 1160 3337 premiis
1180 3280 1197 3321 a
1217 3262 1284 3322 Deo
1305 3263 1397 3323 deco-

208 3377 263 3441 rari
293 3376 477 3453 exspeelant,
507 3374 587 3453 quast
618 3374 679 3451 ipsa
709 3374 805 3438 virtue
839 3375 956 3453 Deique
989 3373 1115 3437 servitur
1148 3390 1208 3434 non
1237 3373 1307 3436 esset
1333 3374 1397 3451 ipsa

209 3489 335 3553 felicitas
356 3504 387 3552 et
408 3489 515 3551 summa
536 3488 664 3551 libertas.
705 3487 758 3549 11⁰.
779 3502 929 3565 quatenus
950 3489 1056 3561 docet,
1078 3487 1231 3563 quomodo
1252 3484 1330 3547 circa
1351 3504 1398 3547 res

210 3604 358 3679 fortune,
374 3602 435 3666 stre
453 3618 518 3679 quat
536 3600 567 3662 in
585 3599 680 3662 nostra
698 3597 846 3677 potestate
865 3617 925 3661 non
937 3598 1021 3676 sunt,
1032 3598 1090 3660 hoc
1101 3598 1159 3673 erl,
1170 3599 1319 3673 circares,
1330 3617 1399 3675 quae

210 3730 247 3773 ex
265 3712 360 3775 nostra
378 3725 481 3774 natura
496 3730 557 3775 non
573 3711 751 3790 sequuntur,
768 3730 825 3774 noa
835 3730 934 3791 gerere
945 3713 1117 3787 debeamua3
1128 3728 1234 3787 nempe
1244 3726 1400 3789 utramque

209 3824 337 3887 fortune
359 3824 462 3886 faciem
483 3844 571 3903 aequo
593 3825 691 3887 animo
713 3825 881 3901 exspectare
903 3838 934 3885 et
952 3824 1042 3885 ferre:
1060 3822 1196 3885 nimirurn
1213 3822 1282 3901 quia
1300 3824 1401 3885 omnia

210 3938 247 3999 ab
275 3951 387 3999 aeterno
416 3937 473 3998 Dei
502 3940 623 4001 decreto
652 3941 754 3999 eadem
775 3938 942 3999 necesitate
964 3936 1143 4015 sequuntur,
1163 3955 1198 3999 ac
1218 3954 1256 3997 ex
1277 3934 1401 3997 edentia

210 4048 347 4129 trianguli
370 4048 515 4127 sequitur,
535 4052 617 4126 quod
638 4064 699 4111 tres
721 4049 786 4126 ejus
809 4048 908 4128 anguli
930 4048 997 4111 sunt
1018 4049 1144 4126 aquales
1164 4050 1284 4111 duobuc
1301 4048 1399 4111 renis.

209 4160 275 4225 llll.
297 4162 412 4224 confert
439 4160 502 4223 haec
531 4161 664 4225 dofirina
693 4164 729 4223 ad
759 4160 851 4225 vitam
876 4158 1028 4236 socialem,
1049 4174 1196 4237 quatenus
1216 4161 1325 4234 docet,
1345 4178 1398 4221 ne-

212 4274 319 4339 minem
348 4273 420 4337 odio
448 4273 573 4351 habere,
600 4288 806 4350 contemnere,
834 4271 968 4348 irridere,
998 4270 1105 4334 nemini
1133 4270 1233 4348 irasci,
1252 4269 1397 4334 invidere.
