2934 4900
233 337 293 415 246
553 362 557 370 ·
649 332 829 393 Ethices
857 333 925 393 Pars
945 333 999 392 IV.

235 511 344 586 oritur,
374 527 404 571 et
435 511 567 571 absolute
600 508 694 570 omnis
726 510 836 581 Amor,
868 507 918 584 qui
947 505 1030 568 aliam
1058 506 1171 569 causam
1200 523 1305 584 praeter
1338 509 1423 570 animi

233 624 396 683 libertatern
425 621 574 700 agnoscit,
601 621 687 681 facile
713 620 744 680 in
772 619 879 680 Odium
907 619 1024 694 tranlit;
1053 617 1122 695 nist,
1151 621 1233 696 quod
1255 619 1344 696 pejus
1372 623 1423 696 eii,

234 735 345 812 species
366 734 458 795 delitii
478 735 530 809 sit,
552 715 640 811 atque
661 749 723 794 tum
745 733 835 812 magis
856 731 999 795 discordia
1021 751 1107 809 quam
1129 733 1317 793 concordia*
1335 735 1424 796 fove·

233 863 290 909 tur.
330 847 400 908 Vid.
421 847 532 908 CoroII.
555 847 641 922 Prop.
665 863 716 923 31:
733 865 763 922 p.
786 861 813 922 3.

682 1002 863 1063 CAPUT
904 1001 968 1061 XX.

273 1117 321 1176 Ad
353 1116 566 1176 matrimonium
598 1117 680 1191 quod
710 1113 836 1190 attinet,
868 1130 979 1176 certum
1009 1113 1066 1189 est,
1088 1112 1180 1188 ipsum
1202 1131 1268 1173 eum
1289 1113 1425 1174 Ratione

233 1229 407 1304 convenire,
435 1228 454 1288 It
482 1227 639 1304 Cupiditas
670 1226 808 1289 miscendi
839 1244 963 1302 corpora
995 1245 1055 1287 non
1086 1245 1123 1286 ex
1151 1224 1213 1286 sola
1234 1227 1352 1299 forma,
1378 1229 1424 1286 sed

233 1341 320 1404 etiam
341 1359 378 1402 ex
400 1343 509 1402 Antore
528 1339 637 1400 liberos
654 1339 829 1415 procreandi
846 1354 878 1400 et
895 1338 1039 1414 sapienter
1057 1337 1202 1400 educandi
1221 1336 1425 1416 ingeneratum

233 1469 263 1514 et
290 1469 429 1531 praeterea
459 1451 479 1510 li
506 1451 676 1527 utriusque,
703 1450 760 1513 viri
788 1450 898 1511 scilicet
920 1466 950 1510 ct
972 1449 1115 1525 Ioeminae,
1136 1451 1229 1509 Amor
1248 1469 1310 1510 non
1334 1451 1424 1512 solam

232 1544 370 1639 formam,
391 1563 441 1623 sed
461 1560 549 1622 animi
571 1560 718 1636 praecipue
741 1558 908 1620 libertatem
929 1577 984 1634 pro
1006 1559 1091 1620 causa
1111 1559 1228 1619 habeat.

678 1715 703 1775 C
715 1715 742 1774 A
754 1713 776 1774 Ρ
789 1717 819 1776 U
831 1715 859 1773 T
900 1715 978 1774 XXI.

273 1832 377 1911 GIgnit
398 1848 537 1907 praterea
559 1826 689 1890 adulatio
711 1827 915 1902 concordiam
936 1826 984 1888 sed
1007 1827 1087 1888 foedo
1110 1826 1262 1888 servitutis
1285 1827 1426 1900 crimine,

231 1945 280 2005 vel
301 1942 436 2018 perfidii3
466 1941 536 2001 nulli
559 1939 669 2016 quippe
691 1939 782 2016 magis
805 1939 975 1999 adulatione
998 1939 1156 2014 capiuntur
1178 1954 1265 2014 quarn
1288 1937 1424 2015 superbi,

232 2056 284 2132 qui
305 2053 388 2130 primi
410 2051 465 2113 elie
487 2054 611 2127 volunt,
632 2071 687 2112 nec
707 2051 784 2112 sunt.

672 2211 853 2273 CAPUT
894 2212 986 2270 XXII.

271 2327 440 2405 Abjediioni
472 2325 541 2386 falsa
573 2325 693 2402 pietatis
725 2339 755 2384 et
783 2322 933 2402 religionis
960 2323 1071 2398 species
1100 2323 1181 2384 inest.
1222 2324 1262 2384 Et
1285 2325 1422 2402 quamvis

231 2440 369 2517 Abjeuio
390 2423 539 2516 Sttpeibiae
558 2438 591 2499 Itt
610 2436 771 2513 contraria,
790 2436 944 2497 esttamen
964 2435 1094 2513 abjeflus
1114 2435 1239 2513 superbo
1257 2436 1422 2511 prosimus.

231 2553 309 2615 Vide
330 2553 429 2613 Schol.
450 2552 537 2627 Prop.
559 2564 607 2626 57.
629 2570 657 2627 p.
679 2570 707 2630 4

659 2702 839 2764 CAPUT
881 2702 989 2763 XXIII.

271 2815 395 2875 Confert
423 2829 561 2889 praeterea
589 2814 755 2875 concordiae
783 2816 881 2875 Pudor
902 2814 932 2875 in
953 2815 989 2877 iis
1011 2830 1141 2893 tantum,
1163 2834 1228 2892 quae
1250 2818 1338 2878 celari
1361 2838 1421 2877 non

229 2929 359 3005 poliunt.
399 2927 530 3003 DeInde,
559 2926 628 3005 quia
649 2927 710 3003 ipse
730 2927 830 2989 Pudor
850 2926 962 3003 species
983 2926 1023 3015 est
1044 2928 1199 3003 TristitIae,
1221 2931 1257 2989 ad
1279 2930 1423 2991 Rationis

231 3040 313 3101 usum
334 3058 394 3101 non
416 3040 535 3115 spedat.

661 3150 841 3212 CAPUT
883 3151 991 3211 XXIV.

271 3263 377 3325 Caeteri
405 3262 543 3324 Tristitia
572 3282 638 3341 erga
667 3263 800 3324 homiues
831 3263 951 3325 affectus
980 3264 1086 3327 diteiie
1108 3264 1246 3341 justitiae,
1268 3266 1424 3343 equitati,

231 3375 391 3451 honestati,
423 3374 548 3451 pietati,
571 3390 601 3435 et
622 3374 757 3454 religioni
789 3392 999 3452 opponurrtnr;
1020 3394 1067 3454 et,
1089 3377 1224 3455 quamvis
1249 3378 1423 3457 IndIgnatiu

231 3486 380 3564 aequitatis
400 3485 523 3561 speeiem
544 3505 603 3563 prae
625 3487 654 3546 se
676 3488 748 3547 ferre
771 3487 922 3563 videatur,
944 3488 987 3548 ibi
1011 3496 1106 3550 tamen
1130 3488 1187 3549 stne
1209 3490 1273 3567 lege
1295 3490 1423 3567 uiuitur,
1447 3518 1448 3521 ¹

230 3601 281 3663 ubi
303 3600 462 3677 unicuique
483 3603 519 3660 de
542 3600 625 3660 fadis
646 3599 766 3661 alterIus
783 3599 926 3675 judiciam
949 3602 1036 3677 ferre,
1059 3618 1089 3663 et
1117 3602 1197 3664 suurn
1224 3604 1272 3663 vel
1298 3605 1422 3666 alterius

227 3713 277 3789 jus
298 3712 446 3774 vindicare
469 3711 548 3772 licet.

671 3824 851 3887 CAPUT
892 3824 985 3885 XXV.

270 3934 433 4010 Modestia,
453 3935 512 3994 hoc
533 3934 574 3994 est
595 3933 753 4010 Cupiditas
774 3936 942 3997 homInibus
963 3938 1111 4015 placendi,
1133 3958 1198 4015 quae
1223 3958 1260 4001 ex
1287 3942 1424 4004 Ratione

230 4048 455 4123 determinatur,
477 4050 512 4108 ad
535 4047 677 4108 Pietatem
704 4049 753 4125 (ut
775 4048 804 4109 in
827 4050 924 4111 Schol.
950 4067 974 4109 r.
996 4050 1083 4127 Prop.
1105 4066 1152 4128 37.
1173 4072 1202 4127 p.
1224 4072 1252 4131 4.
1275 4054 1423 4133 diximus)

229 4162 361 4221 refertur.
401 4160 459 4219 Sed
488 4158 507 4217 It
537 4178 574 4219 ex
602 4159 708 4221 affeetu
737 4161 863 4236 oriatur,
891 4162 1024 4223 Ambitio
1058 4162 1115 4238 est,
1147 4163 1206 4227 stve
1241 4164 1424 4241 Cupiditas,

264 4332 276 4361 ⁸
311 4329 359 4380 Ed
375 4332 430 4380 Pr.=
447 4330 590 4395 discordr'd,
607 4344 680 4396 quant
697 4330 840 4382 concordie!-
