2934 4900
322 317 988 414 Theologico-PoliticiCap.Vl.
1188 350 1246 419 445

50 508 174 584 placita
196 528 262 571 cum
289 510 439 571 hominum
467 509 585 587 placitis
606 512 783 588 confundit,
803 528 833 573 et
855 516 937 590 quod
958 515 1086 591 denique
1106 517 1248 577 Naturam

50 624 141 683 adeo
161 621 315 683 limitatam
334 622 433 701 fingit,
451 638 484 683 ut
502 623 647 685 hominem
669 624 733 700 ejus
755 624 931 701 praecipuam
953 626 1128 702 partemelle
1140 630 1248 689 credat.

51 734 121 794 His
150 733 232 813 vulgi
259 738 296 795 de
317 736 431 795 Natura
451 750 483 795 et
502 734 646 797 miraculis
669 734 826 811 opiniones
846 752 877 797 et
899 737 1067 813 praejudicia
1088 738 1157 799 satis
1180 756 1248 815 pro-

50 846 123 905 lixe
146 845 293 921 enarravi;
315 860 461 922 attamen,
480 862 516 907 ut
535 864 594 907 reru
615 847 717 908 ordine
748 850 905 923 edoceam,
933 848 1098 923 ostendam,
1130 850 1153 910 1.
1176 850 1248 911 nihil

53 972 169 1017 contra
190 958 332 1018 Naturam
354 957 541 1036 contingere,
568 957 618 1019 sed
639 958 729 1035 ipsam
750 974 907 1035 aetemum,
936 961 1042 1036 lixum,
1064 977 1094 1021 et
1115 961 1248 1023 immuta-

52 1070 152 1129 bilem
181 1068 313 1129 ordinem
340 1069 472 1144 servare,
498 1085 528 1130 et
556 1068 652 1145 simul,
673 1069 745 1146 quid
766 1090 818 1147 per
839 1070 1006 1133 miraculum
1027 1072 1248 1151 intelligendum

53 1181 117 1256 srt;
147 1181 184 1240 ΙΙ.
205 1199 263 1242 nos
293 1200 330 1241 ex
360 1182 506 1243 miraculis
535 1201 590 1243 nec
620 1180 767 1243 ellentiam
798 1202 852 1243 nec
874 1182 1074 1259 existentiam,
1094 1201 1124 1247 et
1145 1186 1248 1247 conse·

54 1307 190 1369 quenter
222 1310 276 1353 nec
307 1294 522 1369 providentiam
554 1293 612 1354 Dei
644 1293 725 1369 polle
758 1294 952 1373 cognoscere,
983 1295 1032 1357 sed
1060 1297 1122 1357 haec
1151 1296 1248 1357 omnia

52 1408 153 1485 longe
181 1405 284 1466 melius
312 1406 421 1482 percipi
451 1424 488 1466 ex
515 1407 577 1468 lixo
599 1421 630 1467 et
651 1406 824 1469 immutabili
843 1410 963 1469 Naturae
985 1408 1096 1469 ordine.
1137 1410 1188 1469 ΙΙΙ.
1210 1428 1247 1470 ex

55 1517 180 1594 aliquot
205 1516 361 1593 Scripturae
390 1517 532 1593 exemplis
552 1517 719 1594 ostendam,
740 1519 828 1594 ipl'am
849 1502 1025 1595 Scripturam
1047 1537 1098 1596 per
1117 1520 1176 1580 Dei
1197 1521 1247 1582 de-

56 1645 145 1691 creta
166 1646 197 1691 et
218 1629 398 1704 volitiones,
419 1646 450 1691 et
470 1631 684 1707 consequenter
705 1632 940 1709 providentiam,
967 1632 1039 1694 nihil
1060 1633 1140 1695 aliud
1161 1633 1247 1695 intel-

56 1744 171 1820 ligere,
202 1762 289 1819 quam
320 1742 414 1819 ipsum
445 1745 568 1805 Naturae
601 1744 748 1821 ordinem,
780 1744 831 1821 qui
854 1764 890 1805 err
913 1745 976 1823 ejus
998 1746 1113 1807 aeternis
1133 1746 1248 1825 legibus

56 1853 221 1915 neceffario
242 1854 383 1931 sequitur.
422 1856 477 1915 lv.
497 1856 625 1933 denique
647 1859 683 1918 de
704 1860 794 1919 modo
824 1856 959 1919 miracula
980 1856 1137 1933 Scripturae
1158 1859 1247 1920 inter-

56 1966 216 2042 precandi,
245 1982 275 2027 et
304 1969 341 2027 de
365 1965 419 2041 iis,
451 1984 516 2043 quae
548 1968 695 2043 praecipue
726 1968 803 2029 circa
834 1968 1036 2031 miraculorum
1068 1970 1248 2031 narrationes

57 2077 162 2139 notari
196 2080 341 2153 debeant,
377 2097 468 2157 agam.
516 2080 556 2140 Et
588 2080 652 2142 haec
690 2082 839 2158 praecipua
877 2080 966 2173 sunt,
997 2101 1062 2159 quae
1094 2085 1131 2143 ad
1161 2082 1248 2159 hujus

57 2189 180 2265 Capitis
211 2205 411 2269 argumentum
443 2191 590 2267 spedant,
611 2208 642 2253 et
673 2212 738 2269 quae
767 2208 906 2269 praeterea
928 2198 964 2257 ad
985 2195 1130 2283 intentum
1152 2194 1249 2257 totius

57 2302 154 2379 hujus
174 2302 273 2379 operis
294 2321 354 2364 non
376 2321 475 2379 parum
497 2303 635 2367 inservire
656 2304 799 2365 existimo.

103 2418 155 2479 Ad
171 2420 299 2497 primum
320 2420 401 2494 quod
421 2416 541 2492 attinet,
555 2416 586 2479 id
607 2418 692 2480 facile
710 2418 875 2482 ostendittu
891 2438 929 2480 ex
949 2418 1078 2498 iis,quae
1091 2420 1120 2482 in
1132 2420 1207 2498 Cap.
1219 2442 1248 2502 4.

58 2530 141 2590 circa
167 2509 261 2608 legem
287 2528 416 2592 divinam
444 2530 722 2606 demonstravimus,
750 2551 855 2608 nempe
884 2550 969 2594 omne
992 2532 1038 2606 id,
1060 2535 1142 2608 quod
1164 2535 1249 2594 Deus

59 2644 131 2704 vult
162 2643 222 2704 sive
253 2642 445 2716 determinat,
475 2657 612 2703 aetemam
643 2643 838 2704 neceffitatem
859 2659 889 2704 et
910 2643 1064 2705 veritatem
1086 2643 1249 2706 involvere.

60 2755 251 2816 Ostendimus
279 2754 355 2816 enim
383 2773 420 2815 ex
449 2773 504 2830 eo,
527 2758 610 2831 quod
631 2754 689 2815 Dei
710 2754 875 2816 intelledius
896 2774 912 2815 a
932 2755 990 2815 Dei
1011 2757 1166 2817 voluntate
1187 2773 1248 2818 nort

60 2865 261 2946 distinguitur,
281 2866 358 2927 idem
379 2885 435 2928 nos
456 2865 610 2940 affirmare,
632 2886 698 2928 cum
717 2865 842 2928 dicimus
863 2869 959 2927 Deum
980 2867 1091 2942 aliquid
1111 2869 1203 2941 velle,
1215 2885 1249 2928 ac

61 2999 133 3041 cum
160 2979 298 3051 dicimus,
327 2981 423 3040 Deum
452 2979 482 3040 id
511 2979 604 3054 ipsum
631 2978 811 3056 intelligere3
835 2996 924 3054 quare
946 2981 1046 3040 eadem
1067 2981 1250 3054 necestitate,

62 3111 125 3168 qua
146 3109 183 3152 ex
204 3106 306 3152 natura
328 3107 358 3152 et
378 3091 558 3166 perfeetione
580 3089 681 3152 divina
701 3089 843 3166 sequitur,
864 3091 960 3150 Deum
981 3108 1040 3151 rem
1062 3089 1249 3166 aliquam,ut

63 3203 124 3277 est,
152 3202 331 3281 intelligere,
362 3221 399 3263 ex
432 3206 531 3264 eadem
562 3201 708 3279 sequitur,
740 3203 836 3263 Deum
868 3206 1004 3276 eandem,
1032 3219 1065 3263 ut
1087 3203 1143 3277 est,
1165 3202 1249 3265 velle.

64 3315 143 3377 Cum
163 3331 260 3378 autem
283 3316 370 3392 nihil,
391 3316 443 3376 nist
463 3334 501 3377 ex
522 3317 585 3378 solo
608 3316 711 3378 divino
733 3319 870 3391 decreto,
899 3316 1055 3378 necelsario
1077 3335 1177 3380 vuum
1198 3316 1249 3392 srt,

64 3428 136 3487 hinc
164 3428 309 3489 clariffime
336 3427 484 3504 sequitur,
511 3429 589 3506 leges
616 3430 737 3490 Naturae
759 3429 936 3492 universales
957 3448 1032 3490 mera
1055 3429 1110 3491 elle
1132 3433 1248 3492 decreta

66 3538 141 3614 Dei,
162 3559 228 3615 quau
250 3558 287 3600 ex
308 3541 472 3601 necelhtate
493 3555 524 3601 et
545 3540 725 3617 perfectione
748 3557 858 3603 naturae
881 3541 988 3603 divinae
1018 3539 1187 3617 sequuntur.
1218 3541 1250 3602 Si

67 3651 141 3728 quid
168 3652 258 3730 igitur
286 3651 315 3712 in
342 3654 456 3713 Natura
484 3652 685 3731 contingeret,
714 3657 796 3730 quod
818 3653 882 3728 ejus
903 3652 1115 3714 universalibus
1136 3652 1250 3731 legibus

66 3778 257 3842 repugnaret,
289 3763 318 3824 id
350 3767 470 3825 decreto
501 3780 531 3824 et
562 3764 723 3827 intellectui
752 3779 782 3826 et
810 3781 921 3825 naturae
952 3764 1060 3826 divinae
1093 3762 1249 3825 necessario

68 3874 155 3935 etiam
183 3890 375 3953 repugnaret;
402 3892 455 3937 aut
482 3875 502 3936 sr
530 3876 597 3952 qaus
624 3876 780 3951 statueret,
801 3877 896 3937 Deum
918 3875 1028 3951 aliquid
1049 3891 1151 3936 contra
1171 3877 1250 3953 leges

68 3990 189 4049 Naturae
211 4005 312 4065 agere,
333 3987 358 4048 is
378 3986 459 4049 simul
479 3988 566 4049 etiam
587 4004 742 4068 cogeretur
763 3989 904 4063 statuere,
931 3989 1026 4049 Deum
1047 4003 1151 4050 contra
1171 3987 1250 4050 suam

69 4114 200 4160 naturam
221 4117 321 4178 agere,
343 4118 404 4176 quo
426 4099 499 4161 nihil
519 4101 679 4163 absurdius.
704 4102 784 4162 Idem
807 4102 893 4162 etiarn
916 4101 1000 4160 facile
1021 4121 1057 4162 ex
1077 4101 1134 4161 hoc
1157 4100 1250 4176 pollet

69 4209 198 4285 ostendi,
227 4214 308 4287 quod
337 4210 470 4272 nimirum
499 4212 634 4289 potentia
661 4215 782 4274 Naturae
804 4211 838 4272 srt
860 4211 919 4288 ipsa
941 4212 1040 4274 divina
1062 4213 1196 4289 potentia
1219 4227 1248 4273 et

69 4323 180 4399 virtus,
207 4322 308 4386 divina
336 4339 433 4384 autem
462 4324 597 4399 potentia
618 4323 653 4384 srt
673 4323 802 4399 iplillima
823 4324 880 4385 Dei
901 4320 1035 4400 elsentia3
1057 4322 1105 4384 led
1126 4323 1184 4384 hoc
1205 4322 1249 4386 irr-
