2934 4900
296 342 792 424 Theologico-Politici
833 343 906 422 Cap.
928 347 1024 406 xvii.
1208 351 1266 422 565

72 529 134 590 cise
162 524 326 602 contineri,
353 525 437 602 quod
462 523 598 587 homines
626 539 707 586 metu
733 541 840 603 cogere
867 523 965 601 potest
971 569 981 601 ‚
1009 524 1060 585 sed
1081 523 1214 586 absolute
1236 525 1266 585 in

40 697 52 726 N
73 639 227 715 omnibus,
248 638 357 715 quibus
379 635 493 698 efficere
515 635 627 712 potest,
647 652 681 698 ut
702 635 838 696 homines
859 635 923 712 ejus
941 635 1084 698 mandatis
1102 634 1266 712 obsequan-

72 769 137 814 tur:
158 749 318 813 nonenim
338 747 415 810 ratio
436 747 672 824 obtemperandi,
693 747 743 809 sed
765 747 999 825 obtemperantia
1016 748 1164 811 subditum
1184 749 1266 810 facit.

72 865 172 938 Nam,
193 876 369 938 quacunque
390 857 504 920 ratione
524 858 614 920 homo
642 856 786 920 deliberet
815 858 929 922 summae
954 859 1111 937 potestatis
1131 861 1268 922 mandata

73 973 202 1050 exequi,
228 971 288 1034 sive
316 970 386 1032 ideo
412 969 465 1046 stt,
493 971 575 1047 quod
603 987 720 1047 poenam
749 969 848 1046 timet,
877 970 936 1036 five
964 973 1046 1050 quod
1067 971 1179 1050 aliquid
1199 971 1267 1032 inde

73 1087 187 1162 sperat,
206 1083 266 1144 stve
288 1086 371 1160 quod
388 1081 511 1158 patriam
529 1098 620 1158 amat,
637 1081 697 1146 sive
715 1083 774 1144 alio
792 1101 972 1161 quocunque
990 1083 1096 1146 affeeiu
1114 1080 1267 1159 impulsus,

73 1215 173 1259 tamen
200 1215 237 1258 ex
265 1194 387 1272 proprio
414 1195 467 1257 suo
497 1194 619 1256 consilio
647 1194 806 1272 deliberat,
828 1212 858 1257 et
879 1196 1070 1258 nihilominus
1091 1214 1128 1256 ex
1150 1195 1267 1258 summae

73 1308 231 1386 potestatis
252 1306 375 1385 imperio
396 1305 468 1386 agit.
494 1309 566 1368 Non
590 1307 740 1386 igiturex
761 1326 815 1384 eo,
836 1311 919 1385 quod
939 1309 1030 1370 homo
1051 1309 1172 1386 proprio
1194 1326 1266 1370 con-

74 1423 138 1484 stlio
160 1420 272 1498 aliquid
292 1420 380 1498 facit,
400 1419 480 1482 illico
508 1422 762 1498 concludendum,
792 1440 857 1484 eum
879 1423 908 1484 id
931 1441 968 1483 ex
989 1422 1059 1498 suo,
1081 1438 1112 1484 et
1132 1441 1193 1484 non
1214 1424 1267 1484 int·-

74 1533 149 1611 perii
165 1533 232 1611 jure
259 1550 361 1611 agere3
390 1550 472 1608 nam,
493 1531 733 1610 quandoquidem
754 1549 813 1594 tam
835 1553 902 1594 cum
923 1549 960 1595 ex
982 1551 1078 1595 amore
1100 1535 1268 1614 obligatur,

74 1665 163 1724 quam
190 1663 256 1706 cum
284 1659 365 1704 metu
392 1645 513 1705 condus
542 1645 580 1704 ad
609 1643 713 1705 malum
743 1643 931 1721 evitandum,
958 1644 1070 1720 semper
1089 1663 1125 1704 ex
1146 1644 1268 1720 proprio

75 1757 197 1820 consilio
219 1773 250 1817 et
270 1758 390 1818 decreto
412 1754 489 1834 agit;
511 1755 560 1818 vel
580 1754 732 1832 imperium
754 1757 864 1818 nullum
885 1755 973 1833 esset,
992 1775 1046 1818 nec
1065 1758 1154 1820 ullum
1169 1758 1219 1834 ius
1236 1757 1266 1830 in

74 1870 229 1945 subditos,
249 1870 298 1932 vel
318 1868 348 1930 id
370 1867 527 1929 necessario
544 1869 580 1929 ad
596 1867 695 1928 omnia
711 1867 740 1928 se
757 1868 906 1946 extendit,
928 1868 1035 1946 quibus
1057 1870 1132 1933 effici
1154 1871 1266 1948 potest,

75 1996 111 2044 ut
133 1981 268 2042 homines
287 1979 340 2057 ipsi
361 1982 464 2042 cedere
485 1979 665 2057 deliberent,
686 1995 716 2041 et
739 1981 952 2058 consequenter
969 1983 1113 2060 quicquid
1132 1982 1268 2047 subditus

75 2093 166 2171 facit,
197 2095 280 2170 quod
311 2091 455 2153 mandatis
486 2092 600 2154 summae
631 2092 788 2169 potestatis
818 2093 992 2171 respondet,
1024 2093 1083 2158 sive
1112 2095 1142 2156 id
1170 2112 1268 2156 amore

76 2205 243 2285 obligatus,
270 2205 331 2268 sive
358 2218 439 2265 metu
468 2205 615 2265 coercitus
622 2248 632 2281 ,
659 2203 720 2267 five
749 2205 846 2283 (quod
866 2205 984 2283 quidem
1006 2207 1096 2285 magia
1115 2206 1267 2286 frequens)

76 2337 116 2380 ex
136 2319 187 2396 spe
208 2333 240 2379 et
260 2333 342 2378 metu
362 2317 460 2394 final,
481 2315 540 2380 sive
562 2335 599 2378 ex
621 2317 802 2395 reverentia,
824 2337 890 2396 quae
911 2321 999 2396 passio
1021 2319 1062 2380 est
1083 2337 1120 2380 ex
1142 2333 1269 2382 metuet

76 2429 269 2493 admiratione
298 2430 477 2508 composita,
506 2429 565 2496 slve
593 2450 771 2510 quacunque
792 2431 907 2495 ratione
929 2433 1051 2510 dubius,
1072 2452 1109 2495 ex
1128 2431 1193 2510 jure
1215 2431 1267 2495 im·

76 2543 164 2622 perii,
185 2562 247 2605 non
269 2559 366 2605 autem
387 2543 441 2605 suo
462 2544 533 2623 agit.
554 2546 646 2627 Quod
666 2543 755 2605 etiam
775 2544 845 2607 hinc
865 2565 952 2623 quam
976 2545 1123 2607 clarissime
1144 2546 1268 2623 constat,

76 2658 160 2732 quod
187 2656 357 2717 obedientia
386 2675 448 2718 non
476 2672 536 2716 tam
558 2672 724 2733 externam,
745 2675 831 2734 quam
852 2658 939 2720 animi
959 2658 1103 2720 internam
1125 2658 1268 2721 astionem

76 2766 229 2844 respiciat;
257 2769 392 2845 adeoque
420 2767 468 2828 ille
496 2767 620 2829 maxime
649 2769 701 2830 sub
730 2770 850 2831 alterius
877 2770 999 2847 imperio
1028 2771 1084 2847 est,
1114 2771 1165 2848 qui
1185 2770 1268 2833 alteri

77 2878 194 2958 integro
214 2877 312 2941 animo
333 2882 370 2940 ad
392 2879 490 2941 omnia
511 2879 575 2957 ejus
596 2882 731 2942 mandata
750 2884 951 2958 obtemperare
970 2882 1129 2959 deliberat,
1147 2896 1177 2945 et
1195 2900 1267 2943 con·

77 2991 228 3068 sequitur,
258 2993 273 3027 *
316 3011 381 3053 curn
412 2992 568 3054 maximum
599 3009 697 3054 tenere
728 2993 903 3071 imperium,
935 2994 986 3070 qui
1019 2994 1048 3055 in
1086 2994 1268 3057 subditorum

78 3103 191 3165 animoa
211 3121 322 3183 regnat.
362 3104 513 3187 Quodsi,
534 3104 586 3181 qui
613 3102 737 3165 maxime
769 3104 926 3183 timentur,
959 3105 1111 3167 maximum
1133 3121 1267 3169 tenerent

77 3216 246 3292 imperium,
266 3232 329 3278 tum
350 3216 486 3292 profesio
507 3216 539 3277 id
557 3216 764 3295 Tyrannorum
786 3215 897 3279 subditi
918 3233 1069 3294 tenerent,
1099 3218 1150 3294 qui
1171 3237 1187 3279 a
1208 3217 1267 3279 suis

76 3328 227 3407 Tyrannio
247 3327 371 3390 maxime
392 3329 543 3390 timentur.
574 3329 706 3406 Deinde,
727 3328 862 3406 quamvis
883 3348 946 3391 non
967 3329 1088 3405 perinde
1109 3329 1212 3391 animis
1233 3349 1266 3391 ac

76 3439 185 3519 linguis
205 3438 340 3516 imperari
369 3442 471 3517 poffit,
499 3440 567 3502 sunt
587 3456 684 3502 tamen
705 3440 793 3501 animi
814 3440 911 3517 aliqua
932 3442 1048 3503 ratione
1070 3442 1122 3504 sub
1143 3442 1266 3519 imperio

76 3552 194 3613 summae
225 3551 397 3629 potestatis,
428 3571 494 3630 quae
526 3552 625 3615 multis
657 3552 752 3615 modic
780 3552 894 3615 efficere
922 3554 1038 3630 potest,
1058 3570 1092 3617 ut
1113 3572 1267 3634 permagna

76 3664 229 3726 hominum
250 3682 332 3741 pars,
353 3664 495 3743 quicquid
515 3666 595 3742 vrrlt,
617 3668 731 3741 credat,
753 3681 844 3742 amet,
867 3666 937 3728 odio
958 3665 1076 3743 habeat,
1087 3682 1144 3728 etc.
1165 3668 1266 3728 Adeo·

78 3797 154 3855 que,
181 3778 233 3839 etsi
260 3778 324 3839 haec
352 3796 413 3840 non
443 3777 554 3840 direuo
584 3780 723 3840 mandato
751 3777 866 3839 summae
895 3778 1051 3854 potestatis
1078 3779 1166 3855 fiant,
1192 3779 1268 3839 siunt

78 3908 174 3952 tamen
207 3890 300 3968 saepe,
332 3906 367 3951 ut
397 3890 579 3968 experientia
609 3893 726 3952 abunde
758 3891 897 3968 testatur,
919 3910 956 3953 ex
977 3890 1157 3953 authoritate
1178 3890 1267 3967 ipsius

77 4002 241 4079 potentiae,
268 4016 298 4063 et
321 4002 410 4079 ipsius
431 4002 608 4079 dirodione,
637 4002 667 4065 id
689 4003 789 4065 estex
811 4002 898 4080 ipsius
916 4002 998 4081 jure;
1020 4022 1108 4081 quare
1128 4003 1188 4065 stne
1209 4005 1267 4065 ulla

78 4116 244 4176 inteliedua
274 4114 467 4193 repugnantia
499 4113 653 4193 concipere
685 4115 836 4191 possumus
867 4116 1021 4193 homines,
1052 4115 1103 4197 qui
1134 4134 1171 4177 ex
1201 4115 1265 4189 solo

112 4350 125 4385 ⁹
160 4348 208 4402 ed.
225 4350 279 4403 rra
297 4358 324 4401 et
340 4348 518 4419 consequenter
536 4364 600 4411 tunt,
