2934 4900
316 323 818 410 Theologico·Politici
860 328 933 409 Cap.
955 332 1022 395 XV.
1206 341 1264 415 545

75 524 196 567 numero
217 507 396 583 loquuntur;
417 505 468 582 qui
489 508 594 567 modus
615 520 730 568 tantum
748 507 890 582 loquendi
908 506 1068 585 supponit,
1089 522 1265 571 nouantem

74 618 163 695 ipsius
195 618 339 679 orationis
371 616 516 679 intentum
546 616 674 693 indicat,
706 618 804 694 plures
836 617 893 680 esse
921 621 1021 696 De0s;
1049 634 1080 681 et
1106 620 1175 681 ideo
1204 620 1265 697 ipsa

74 731 171 793 omnia
198 731 397 807 metaphorice
425 730 620 807 explicanda,
648 730 760 792 scilicet
782 750 843 793 non
867 731 936 809 quia
957 732 1082 795 Rationi
1104 748 1265 813 repugnat,

73 846 171 921 plures
201 844 279 920 dari,
310 844 360 905 sed
391 843 460 920 quia
493 842 555 920 ipsa
587 842 736 919 Scriptura
769 843 876 907 direiie
909 844 1047 923 affirmat,
1068 846 1188 908 unicum
1209 845 1266 910 else

73 960 178 1019 Deum.
219 956 267 1017 Sic
288 955 392 1031 etiam,
415 954 483 1032 quia
505 954 655 1031 Scriptura
676 955 768 1015 Deut.
789 974 855 1032 cap.
872 976 902 1035 4
924 958 997 1021 vers.
1020 970 1066 1033 15.
1087 958 1195 1020 diresie
1217 959 1266 1038 (ut

2 1064 3 1069 ’
74 1069 174 1147 putat)
196 1066 334 1146 affirmat,
355 1068 450 1129 Deum
473 1064 529 1128 esse
551 1066 776 1144 incorporeum,
798 1068 884 1146 ideo,
906 1087 943 1129 ex
965 1069 1026 1130 sola
1047 1068 1156 1132 scilicet
1177 1070 1266 1147 hujus

73 1182 153 1257 loci,
184 1196 214 1242 et
245 1198 305 1241 non
336 1178 475 1241 Rationis
508 1178 708 1255 authoritate,
741 1195 875 1240 tenemur
906 1182 1047 1256 credere,
1076 1182 1173 1243 Deum
1204 1200 1265 1243 non

72 1296 180 1357 habere
208 1312 332 1371 corpus;
354 1310 384 1355 et
405 1292 620 1370 consequenter
640 1310 677 1352 ex
700 1292 760 1353 sola
782 1292 938 1369 Scriptura
964 1293 1146 1355 authoritate
1168 1294 1264 1355 omnia

74 1410 140 1470 loca
161 1407 361 1485 metaphorice
393 1406 539 1483 explicare
570 1421 718 1480 tenemur,
747 1423 813 1482 quae
841 1406 908 1466 Deo
937 1424 1057 1483 manua,
1078 1409 1187 1484 pedes,
1206 1421 1264 1468 etc.

73 1520 227 1596 tribuunt,
246 1537 430 1597 quorumque
452 1519 530 1579 solus
552 1520 657 1579 modus
678 1516 820 1595 loquendi
839 1517 959 1580 videtur
975 1520 1071 1579 Deum
1091 1536 1265 1595 corporeum

2 1662 4 1671 v
71 1634 247 1712 supponere.
289 1635 361 1693 Haec
384 1632 425 1693 est
445 1630 534 1707 hujus
555 1630 688 1691 authoris
708 1628 870 1707 sententia;
892 1648 998 1708 quem,
1021 1646 1168 1707 quatenus
1188 1630 1263 1692 Scri·

72 1762 174 1821 pturas
191 1763 243 1822 per
260 1743 424 1820 Scripnuas
443 1740 589 1819 explicare
607 1744 688 1819 vult,
706 1742 812 1818 laudo,
828 1758 859 1804 at
876 1742 974 1819 miror,
985 1745 1068 1819 quod
1079 1742 1124 1807 vir
1134 1742 1265 1805 Ratione

71 1858 214 1934 praeditus
236 1857 325 1935 ipsam
347 1858 490 1919 destruere
511 1856 634 1918 studeat.
664 1857 775 1917 Verum
796 1854 915 1932 quidem
937 1856 995 1932 est,
1015 1855 1192 1932 scripturam
1214 1874 1266 1932 per

71 1971 251 2047 Scripturam
281 1970 482 2047 explicandam
512 1966 583 2045 elle,
612 1966 753 2045 quamdiu
781 1970 818 2028 de
846 1966 910 2028 solo
940 1967 1108 2030 orationum
1128 1967 1213 2030 sensu
1233 1982 1264 2029 et

71 2098 170 2144 mente
192 2082 403 2159 Prophetarum
424 2083 603 2156 laboramua;
622 2079 670 2142 sed
692 2078 845 2157 postquam
866 2096 967 2142 verum
988 2079 1100 2141 sensum
1121 2080 1263 2157 eruimus,

2 2264 4 2269 ,
71 2193 228 2257 necessario
253 2194 369 2272 judicio
391 2210 421 2256 et
443 2194 574 2256 Ratione
604 2194 763 2269 utendum,
784 2208 819 2254 ut
840 2192 893 2268 ipst
914 2190 1052 2255 assensum
1073 2194 1263 2269 praebeamus.

71 2304 314 2389 QuodsrRatio,
336 2306 469 2384 quamvis
489 2307 625 2367 reclamet
644 2304 818 2381 Scriptura,
840 2318 936 2365 tamen
958 2304 1044 2379 plane
1065 2303 1264 2365 submittenda

71 2419 129 2496 est,
151 2417 249 2496 quaeso
272 2437 308 2480 au
329 2418 360 2482 id
380 2436 461 2496 eum,
481 2418 531 2482 vel
551 2416 611 2480 fine
633 2417 764 2493 ratione,
784 2430 819 2478 ut
840 2414 928 2492 coeci,
947 2416 1042 2477 facere
1063 2414 1264 2477 debemusisi

69 2529 151 2606 hot,
177 2529 263 2591 stulte
284 2530 349 2591 sane
372 2546 402 2591 et
423 2531 482 2591 stne
500 2529 615 2607 judicio
639 2529 769 2607 agimus3
796 2529 818 2590 si
839 2529 928 2605 illud,
948 2547 987 2590 ex
1007 2527 1071 2590 solo
1091 2528 1182 2609 igitur
1202 2531 1263 2591 Ra·

70 2643 165 2704 tionis
184 2642 307 2720 imperio
328 2642 506 2718 scripturam
528 2639 743 2719 amplediimur,
771 2658 859 2718 quam
879 2641 986 2719 igitur,
1012 2640 1034 2701 sr
1056 2641 1150 2702 eidem
1176 2659 1263 2716 repu-

70 2771 190 2834 gnaret,
210 2775 272 2818 non
293 2757 537 2832 amplesieremur.
573 2756 630 2832 Et,
652 2753 770 2832 quaesn,
792 2753 858 2831 quis
880 2770 976 2815 mente
997 2753 1109 2830 aliquid
1130 2753 1262 2830 ampleeti

71 2867 169 2942 potest
186 2869 359 2929 reclamante
378 2867 531 2930 Rationes
550 2866 622 2944 quid
640 2867 716 2928 enim
736 2865 815 2928 aliud
833 2866 889 2944 est,
906 2881 1004 2927 mente
1022 2865 1132 2943 aliquid
1143 2885 1262 2945 negare,

71 2997 158 3056 quam
187 2984 269 3057 quod
296 2979 388 3042 Ratio
417 2979 576 3042 reclamat?
617 2981 657 3041 Et
685 2981 821 3056 profetia
842 2996 903 3040 non
924 2977 994 3039 satis
1015 2977 1109 3039 mirari
1131 2976 1262 3054 possum,

70 3095 154 3169 quod
175 3093 349 3170 Rationem,
371 3096 481 3155 donum
503 3093 658 3154 maximum
677 3108 707 3154 et
725 3093 820 3153 lucem
841 3090 987 3167 divinam,
1008 3090 1133 3152 mortuis
1152 3091 1262 3170 literis,

70 3221 102 3266 et
131 3223 196 3282 quae
223 3205 349 3268 humana
376 3205 486 3267 malitia
515 3205 666 3282 depravari
695 3221 875 3282 potuerunt,
902 3203 1071 3265 submittere
1099 3204 1209 3281 velint;
1231 3221 1262 3266 et

69 3319 154 3395 quod
184 3319 294 3379 nullum
324 3317 504 3380 existimetur
534 3318 644 3395 scelus,
673 3333 777 3381 contra
806 3319 956 3394 Mentem,
977 3335 1077 3380 verum
1098 3315 1155 3378 Dei
1177 3316 1261 3380 verbi

69 3429 284 3508 syngraphum,
305 3429 423 3510 indigne
446 3431 546 3508 loqui,
567 3449 688 3508 eamque
711 3445 894 3507 corruptam,
916 3447 1040 3506 cnecam,
1064 3444 1094 3489 et
1117 3429 1261 3505 perditam

2 3611 4 3622 ‚
68 3541 213 3617 statuere,
241 3559 271 3603 at
301 3541 455 3604 maximum
483 3541 628 3604 habeatur
655 3543 765 3620 scelus,
793 3542 864 3603 talia
890 3544 926 3605 de
946 3542 1030 3603 litera
1050 3556 1081 3602 et
1102 3542 1184 3605 verbi
1204 3541 1261 3603 Dei

68 3653 153 3714 idolo
182 3655 321 3733 cogitare.
363 3655 445 3716 Pium
474 3654 530 3717 esse
561 3671 684 3732 putant,
712 3653 837 3716 Rationi
862 3671 893 3716 et
914 3654 1035 3731 proprio
1052 3653 1168 3730 judicio
1189 3653 1262 3714 nihil

68 3767 176 3842 fidere,
198 3783 227 3827 at
251 3767 387 3846 impium,
416 3771 452 3830 de
472 3770 530 3830 fide
551 3787 651 3830 eorum
672 3767 827 3843 dubitare,
849 3767 899 3844 qui
920 3765 1008 3827 nobis
1028 3763 1136 3827 Libros
1157 3766 1261 3827 Sacros

68 3877 270 3956 tradiderunt3
292 3883 373 3958 quod
395 3881 512 3958 quidem
533 3898 608 3942 mera
630 3880 752 3942 stultitia
773 3880 830 3958 est,
851 3899 911 3942 non
933 3880 1038 3956 pietas.
1060 3879 1259 3957 Sed,quaeso,

69 3990 143 4068 quid
173 4009 225 4053 eos
254 3992 415 4054 sollicitat?
447 3995 519 4070 quid
539 3993 667 4056 timent?
698 4011 736 4054 an
757 3993 875 4072 Religio
897 4008 928 4054 et
947 3991 1037 4055 Fides
1059 3993 1178 4054 desendi
1199 4011 1259 4054 non

69 4101 208 4180 possunt,
237 4101 287 4166 nisr
315 4106 449 4168 homines
470 4109 538 4169 data
560 4125 649 4184 opera
671 4105 768 4167 omnia
788 4105 925 4185 ignorent
946 4119 977 4166 et
998 4103 1122 4167 Rationi
1142 4105 1260 4182 prorsus

69 4213 263 4278 valedicant?
291 4219 442 4295 profesio,
469 4216 569 4280 fihoc
590 4221 729 4296 credunt,
758 4217 914 4293 Scriptura
936 4216 1026 4296 magis
1048 4216 1152 4278 timent
1173 4236 1258 4294 quam

67 4329 177 4390 fidunt.
199 4331 254 4390 Sed
276 4331 364 4408 longe
385 4331 473 4408 absrt,
496 4334 578 4408 quod
599 4331 717 4409 Religio
739 4346 768 4391 et
790 4331 886 4406 pietas
907 4330 1085 4408 Rationem,
1105 4346 1156 4392 aut
1178 4331 1260 4406 quod

1128 4439 1160 4490 35
