2934 4900
209 311 269 380 504
681 295 922 358 Tractatus

209 489 358 548 perperam
385 469 509 548 scripta,
537 483 571 530 ut
598 471 680 531 nullo
708 472 799 531 modo
819 469 955 530 dubitare
975 471 1149 547 potuerint,
1170 470 1242 548 quin
1265 472 1409 532 omnium

208 598 372 659 temporum
400 581 544 642 scribendi
573 579 640 641 usui
667 594 880 659 repugnarent,
907 599 1034 658 qunque
1053 584 1130 644 adeo
1150 582 1288 644 absolute
1309 585 1409 646 corri-

208 714 291 776 gere,
319 713 380 756 non
408 709 506 755 autera
533 693 563 754 in
591 692 718 772 margine
747 708 850 754 notare
878 696 1055 770 debuerant,
1082 713 1128 754 me
1153 712 1258 771 pamm
1287 697 1407 774 tangit;

208 806 398 884 nequeenim
416 803 487 866 scire
505 819 625 881 teneor,
641 823 707 882 quae
725 803 828 884 religio
846 805 927 883 ipsos
944 805 1085 882 moverit,
1095 821 1130 868 ut
1139 806 1171 868 id
1180 824 1242 867 non
1253 807 1405 868 facerent

208 919 247 980 Et
268 921 346 981 forte
367 917 397 980 id
418 916 563 979 exanimi
584 915 747 979 finceritate
769 919 920 994 fecerunt,
940 922 1023 996 quod
1042 919 1166 996 posteris
1184 920 1301 997 Biblia,
1320 937 1360 982 ιιι
1372 937 1407 982 ιιι

208 1033 244 1094 ab
262 1029 330 1108 ipsus
347 1029 377 1090 in
396 1029 496 1107 paucis
515 1029 706 1110 originalibus
724 1028 846 1093 inventa
863 1031 987 1107 fuerint,
995 1035 1110 1094 tradere
1120 1032 1406 1108 voluenmt,atque

209 1141 391 1222 originalium
414 1141 622 1218 discrepantias
642 1157 762 1218 notare,
780 1129 844 1204 'non
865 1141 983 1220 quidem
1004 1160 1038 1204 ut
1058 1145 1177 1218 dubias,
1192 1143 1406 1206 sed'utvarias

207 1253 365 1329 lediones;
387 1271 441 1314 nec
463 1271 519 1332 ego
541 1253 654 1314 easdem
675 1254 781 1316 dubias
800 1255 925 1332 vocavi,
942 1255 995 1317 nili
1011 1255 1081 1332 quia
1099 1274 1198 1318 revera
1216 1256 1281 1316 fere
1298 1275 1406 1317 omnes

208 1367 281 1426 tales
299 1365 432 1442 reperio,
450 1381 485 1426 ut
502 1366 618 1426 minime
636 1365 737 1443 sciam,
759 1385 891 1443 quaenam
912 1385 971 1443 prae
992 1368 1047 1429 alia
1066 1367 1103 1429 lit
1122 1370 1287 1444 probanda.
1308 1367 1406 1429 Deni-

208 1497 265 1555 que
294 1493 399 1554 praeter
427 1477 530 1538 dubias
552 1477 604 1538 has
625 1479 767 1538 lediones
789 1494 969 1542 notaverunt
990 1479 1107 1555 insuper
1125 1480 1235 1539 Scribae
1256 1479 1406 1557 (vacuum

205 1589 330 1666 spatium
361 1588 391 1650 ln
423 1587 525 1651 mediis
555 1589 741 1668 paragraphis
773 1591 1005 1669 interponendo)
1037 1592 1120 1666 plura
1150 1592 1216 1651 loca
1236 1606 1406 1664 truncata,

207 1719 331 1780 quorum
358 1717 508 1762 numerum
536 1700 692 1762 Masoretae
719 1702 860 1776 tradunt;
890 1717 1043 1762 numerant
1063 1700 1175 1762 scilicet
1195 1700 1308 1780 viginti
1333 1705 1408 1764 osto

207 1815 290 1890 loca,
317 1813 368 1876 ubi
390 1814 419 1874 in
441 1811 538 1874 medio
560 1813 740 1891 paragrapho
763 1813 888 1888 spatium
908 1833 1039 1877 vacuum
1061 1813 1277 1890 interponitur;
1300 1815 1408 1875 nescio

209 1943 245 1986 an
274 1926 361 1986 etiam
389 1925 561 1986 innumero
589 1923 710 2001 aliquod
731 1925 896 2004 mysterium
916 1927 1006 1986 latere
1030 1929 1164 1988 credunt.
1183 1925 1279 2002 Spatii
1303 1943 1408 1988 autem

209 2050 315 2099 certam
348 2037 543 2114 quantitatem
574 2036 705 2116 religiose
738 2037 896 2100 observant
926 2037 1070 2099 Pharisaei.
1096 2040 1211 2100 Horum
1232 2043 1408 2115 exemplum

210 2149 259 2228 (ut
280 2167 368 2210 unum
390 2150 530 2227 adseram)
551 2149 677 2210 habetur
697 2149 727 2210 in
750 2149 856 2210 Genes.
878 2169 941 2227 cap.
963 2171 992 2229 4.
1013 2151 1056 2212 vs.
1078 2151 1117 2225 8.,
1127 2150 1179 2227 qui
1194 2149 1234 2210 fic
1250 2150 1410 2226 scribitur,

210 2263 253 2322 Et
280 2264 358 2320 dixit
384 2263 462 2321 Kain
490 2263 597 2322 Habeli
614 2261 719 2338 fratri
738 2265 794 2339 suo
815 2307 823 2322 .
844 2307 853 2324 .
875 2306 883 2322 .
905 2308 914 2322 .
935 2277 963 2322 er
989 2268 1123 2340 contigit,
1152 2265 1219 2323 dum
1249 2279 1344 2324 erant
1374 2269 1409 2322 in

210 2386 323 2452 campo,
350 2386 384 2432 ur
408 2374 508 2449 Kaio,
529 2386 580 2433 etc.
618 2372 669 2434 ubi
700 2372 826 2450 spatium
865 2373 1039 2452 relinquitur
1069 2394 1212 2452 vacuum,
1242 2377 1297 2436 ubi
1333 2376 1407 2436 scire

208 2487 449 2561 expesiabamus‚
471 2486 543 2561 quid
564 2485 594 2546 id
616 2486 721 2564 fuerit,
744 2490 827 2563 quod
848 2487 924 2548 Kain
946 2488 1027 2548 fratri
1048 2488 1171 2549 dixerat.
1197 2489 1238 2548 Et
1259 2491 1299 2549 ad
1321 2490 1406 2551 hunc

208 2598 327 2657 modum
348 2596 467 2675 (praeter
487 2597 536 2657 illa
556 2616 622 2675 quae
646 2597 705 2675 jam
727 2600 911 2678 notavimus)
933 2619 950 2659 a
969 2600 1080 2660 Scribis
1098 2600 1197 2661 selua
1217 2599 1405 2679 vigintioeio

208 2710 402 2786 reperiuntur.
442 2712 577 2792 Quorum
615 2726 711 2772 tamen
743 2713 834 2772 multa
866 2730 926 2772 non
958 2727 1130 2788 apparerent
1160 2727 1318 2790 truncata,
1351 2714 1404 2775 nist

208 2820 332 2901 spatium
354 2821 535 2899 interjeslum
557 2822 637 2883 ellet.
657 2823 715 2884 Sed
737 2825 772 2884 de
792 2823 839 2883 lris
858 2822 936 2883 satis.

673 3106 856 3170 CAPUT
896 3108 933 3168 X.

288 3302 406 3378 Reliqui
427 3300 542 3360 Veteris
569 3300 738 3378 Testamenti
757 3300 846 3360 Libri
865 3303 955 3360 eodem
975 3302 1127 3377 modoque
1146 3302 1319 3379 superiores

696 3418 912 3472 examinantur.

248 3606 379 3666 Transeo
411 3608 448 3665 ad
478 3606 606 3682 reliquos
638 3604 757 3665 Veteris
788 3605 966 3667 Testamenti
996 3603 1098 3665 libros.
1139 3605 1182 3664 At
1212 3606 1249 3664 de
1278 3606 1400 3667 duobus

210 3718 449 3793 Paralipomenon
491 3717 563 3778 nihil
600 3717 672 3778 eerti
704 3732 735 3778 et
766 3721 847 3795 quod
883 3735 979 3795 operae
1009 3717 1136 3794 pretium
1167 3716 1203 3777 stt
1234 3722 1398 3779 notandum

209 3832 323 3903 habeo,
355 3830 405 3889 nisr
438 3830 520 3907 quod
551 3832 661 3899 dudum
693 3831 758 3907 post
789 3834 930 3906 llezram‚
961 3845 992 3890 et
1022 3831 1100 3889 forte
1130 3830 1285 3905 postquam
1304 3832 1397 3910 Judas

210 3941 398 4001 Machabaeus
436 3945 575 4020 templum
610 3942 781 4003 restauravit
812 3944 844 4018 l,
875 3941 974 4019 scripti
1006 3943 1133 4001 fuerunt.
1164 3944 1239 4002 Nam
1270 3962 1336 4018 cap.
1368 3964 1395 4020 9.

209 4050 275 4112 libri
299 4068 323 4111 1.
344 4068 439 4114 narrat
460 4053 641 4131 Historicus,
671 4072 800 4131 questam
821 4053 950 4131 familie
965 4056 1095 4134 primum
1115 4052 1262 4132 (tempore
1283 4054 1395 4115 scilicet

244 4302 258 4337 i
284 4301 324 4355 Cf.
341 4302 438 4349 Asinos.
455 4300 523 4355 xxl.
