2934 4900
214 317 274 390 306
690 312 929 374 Tractatus

215 487 363 566 deferipllt
395 487 479 568 (vide
509 487 600 550 Paral.
631 487 682 549 lib.
714 505 743 548 a.
774 505 839 564 cap.
869 489 920 550 26.
948 486 990 552 rs.
1011 489 1094 567 aa),
1114 507 1201 566 qoem
1219 487 1332 550 librum
1349 489 1405 564 jam
1438 564 1439 573 ἵ

215 600 416 664 desideramus.
446 601 521 683 Quae
553 615 650 661 autem
681 599 840 676 habemur,
870 617 908 660 ex
939 598 1095 662 Chronicia
1124 602 1241 679 Regum
1267 601 1359 680 Judae
1378 617 1406 660 ct

215 711 325 774 Israelis
352 711 495 788 descripta
522 710 578 772 elie
598 711 786 773 ostendimus.
827 710 883 772 ilia
904 713 996 788 adde,
1018 713 1101 789 quod
1121 711 1230 774 Rabini
1251 711 1405 784 statuunt,

214 826 293 888 lrunc
320 825 495 901 Prophetam
524 825 612 886 etiam
640 839 781 904 regnante
805 824 954 900 Manalse,
979 844 996 886 a
1026 844 1087 902 quo
1116 825 1235 886 tandem
1255 841 1407 900 peremtm

216 937 273 1015 est,
300 937 534 1016 prophetavisse;
563 952 594 998 et
622 936 757 1014 quamvis
783 937 911 998 fabulam
938 953 1051 1000 narrate
1072 936 1245 1012 videantur,
1266 936 1408 999 videntur

215 1067 312 1113 tamen
333 1049 499 1128 credidille‚
528 1069 629 1112 omnes
651 1049 715 1128 ejus
736 1049 911 1126 Prophetias
932 1067 993 1110 non
1014 1063 1125 1110 extare.
1144 1048 1282 1130 Jeremiae
1301 1048 1408 1110 deinde

215 1163 397 1241 Prophetiae,
426 1182 491 1241 quae
519 1162 653 1224 historice
674 1177 844 1240 narrantur,
864 1180 903 1224 cx
923 1161 1013 1225 variis
1032 1161 1234 1241 Chronoiogia
1255 1165 1406 1238 decerpta

216 1292 246 1338 et
266 1278 397 1339 collesiae
417 1276 493 1338 sunt.
533 1278 628 1352 Nam,
655 1291 849 1352 praeterquam
870 1278 953 1353 quod
972 1278 1142 1352 perturbate
1163 1275 1406 1348 accumulentur,

216 1389 294 1450 nulla
331 1403 494 1464 temporum
532 1387 646 1449 ratione
683 1386 802 1463 habita,
840 1389 942 1448 eadem
975 1386 1093 1462 insuper
1127 1383 1249 1448 historia
1287 1385 1408 1447 divertis

216 1499 312 1561 modis
347 1499 501 1575 repetitur.
545 1501 622 1560 Nam
660 1517 724 1574 cap.
764 1515 813 1558 21.
851 1497 965 1560 causam
1005 1489 1244 1575 apprehensionis
1273 1498 1408 1577 Jercmia

217 1609 357 1686 exponit,
378 1612 460 1687 quod
487 1607 597 1670 scilicet
625 1607 706 1670 urbis
737 1607 928 1672 vastationem
949 1607 1104 1670 Zedeclriae
1124 1605 1217 1682 ipsum
1239 1605 1408 1668 consulenti

216 1722 402 1800 predixerit3
433 1738 464 1784 et
495 1721 549 1782 hac
580 1721 699 1784 historia
731 1721 894 1797 interrupta
924 1720 1025 1783 transit
1056 1739 1121 1796 cap.
1151 1737 1200 1784 aa.
1230 1721 1270 1782 ad
1290 1719 1361 1796 ejus
1380 1721 1409 1780 in

216 1833 455 1916 Jclrojachinunr,
481 1834 533 1912 qui
554 1849 622 1895 anre
643 1833 820 1896 Zedechiam
842 1833 992 1914 regnavit,
1016 1831 1258 1898 declamationem
1290 1851 1408 1894 narran

217 1949 304 2024 dum,
331 1961 361 2008 et
388 1949 469 2024 quod
497 1946 588 2026 Regia
616 1945 821 2023 captivitatem
859 1945 1041 2022 predixerit,
1068 1961 1100 2005 ct
1126 1944 1233 2006 deinde
1259 1961 1328 2019 cap.
1361 1955 1408 2018 ας

218 2075 252 2120 ea
280 2056 434 2133 describit,
462 2075 527 2134 quae
556 2072 624 2118 ante
652 2056 731 2134 haec,
760 2075 838 2118 anno
860 2056 970 2118 scilicet
990 2071 1097 2133 quarto
1118 2054 1317 2136 Jebojalrimi,
1336 2055 1410 2116 Pro·

218 2169 315 2246 phetae
343 2171 471 2232 revelata
499 2169 576 2231 sunt.
617 2167 732 2230 Deinde
761 2187 828 2246 quae
855 2187 933 2231 anno
960 2168 1054 2245 primo
1075 2167 1164 2244 nujus
1184 2166 1295 2246 Regin
1318 2186 1352 2228 et
1373 2168 1410 2228 lic

217 2299 322 2358 porro,
343 2281 424 2343 nullo
445 2295 610 2357 temporum
631 2279 733 2342 ordine
755 2280 888 2357 servato,
905 2280 1076 2358 prophetias
1097 2279 1278 2342 accumulare
1300 2280 1411 2359 pergit,

217 2395 313 2457 donec
341 2394 457 2455 tandem
484 2412 549 2470 cap.
579 2395 627 2471 38.
656 2391 752 2473 (quast
778 2392 841 2455 haec
866 2405 912 2469 15.
934 2393 1032 2471 capita
1052 2410 1104 2470 pcr
1123 2389 1309 2470 parentbefin
1331 2393 1410 2457 dicia

218 2505 322 2584 essent)
351 2508 386 2567 ad
407 2505 458 2581 id,
478 2507 561 2581 quod
587 2524 652 2581 cap.
675 2522 722 2567 21.
744 2522 857 2567 narrare
878 2505 1007 2582 incepit,
1027 2505 1194 2569 revertitur.
1234 2507 1315 2566 Nam
1336 2525 1410 2567 con

213 2619 346 2698 juniiio,
366 2637 424 2696 qua
444 2619 517 2681 illud
538 2634 627 2695 caput
649 2618 771 2695 incipit,
799 2621 837 2681 ad
857 2618 900 2680 vs.
921 2619 957 2696 8,
977 2637 1015 2696 9,
1035 2634 1065 2679 et
1089 2635 1135 2680 ro.
1155 2618 1246 2696 bujua
1266 2620 1411 2695 refertur,

219 2748 307 2810 atque
334 2747 396 2794 tum
424 2734 512 2811 longe
541 2731 623 2793 aliter
651 2731 780 2793 ultimam
807 2731 939 2811 Jeremiae
967 2731 1224 2810 apprehensionem
1250 2732 1411 2807 describit,

218 2860 248 2905 et
277 2845 388 2907 causam
417 2843 563 2906 diuturnae
590 2842 653 2920 ejus
681 2844 864 2906 detentionis
892 2844 922 2905 in
951 2844 1027 2907 atrio
1053 2845 1193 2907 custodiae
1212 2846 1302 2925 longe
1322 2847 1410 2907 aliam

218 2956 324 3031 tradit,
345 2974 431 3032 quam
444 2975 519 3043 vquae
541 2956 571 3017 in
593 2974 657 3031 cap.
679 2968 728 3031 37.
751 2972 892 3017 namatur.
920 2958 966 3019 Ut
986 2959 1062 3017 clare
1083 2957 1202 3036 videas,
1221 2957 1286 3019 haec
1307 2960 1411 3019 omnia

218 3088 255 3131 ex
276 3068 396 3131 diversit
416 3066 560 3129 historicis
581 3066 636 3128 effe
657 3068 798 3145 collecta,
818 3085 872 3128 nec
893 3069 952 3129 ulla
968 3068 1024 3130 alia
1042 3068 1157 3131 ratione
1175 3069 1305 3131 excusari
1317 3072 1410 3145 polle

218 3184 261 3243 At
288 3182 406 3259 relique
435 3182 619 3257 Prophetiae,
646 3200 712 3258 quae
740 3180 772 3242 in
798 3180 919 3259 reliquia
945 3180 1094 3257 capitibus
1121 3182 1332 3259 continentur,
1357 3184 1410 3244 ubi

217 3293 355 3375 Jeremiat
375 3294 405 3355 in
427 3293 519 3370 prima
539 3293 663 3370 persona
684 3292 828 3369 loquitur,
849 3312 887 3354 ex
908 3292 1077 3369 volumine,
1097 3296 1181 3370 quod
1199 3293 1408 3371 Btraclr,ipso

217 3406 341 3488 Jerernia
369 3406 515 3483 dilianae,
544 3406 672 3483 scripsit,
699 3404 852 3482 descriptae
872 3404 1019 3467 videntur.
1060 3406 1094 3466 ld
1116 3405 1192 3467 enim
1212 3404 1262 3482 (ιιι
1280 3422 1323 3465 ex
1343 3424 1408 3482 cap

219 3521 267 3597 36.
279 3519 321 3581 vs.
334 3537 361 3579 2.
373 3518 501 3598 constat)
524 3537 557 3580 ea
579 3533 693 3580 tantum
716 3518 904 3594 continebat,
925 3536 990 3595 quae
1012 3516 1080 3579 huic
1100 3517 1255 3593 Prophetae
1275 3520 1409 3579 revelata

218 3633 334 3693 fuerant
356 3650 372 3692 a
394 3646 526 3707 tempore
547 3629 631 3711 Josrae
654 3628 746 3707 usque
767 3632 805 3692 ad
825 3648 933 3692 annum
954 3645 1089 3707 quartum
1110 3629 1408 3710 Jelrojakimi5aquo

220 3742 309 3805 etiam
337 3760 469 3820 tempore
496 3740 544 3802 hic
572 3741 645 3803 liber
673 3741 788 3818 incipit.
828 3742 944 3804 Deinde
964 3760 1002 3802 ex
1022 3744 1126 3803 eodem
1146 3741 1297 3805 volumine
1319 3744 1407 3805 etiam

220 3855 364 3931 descripta
385 3854 540 3931 videntur,
562 3873 627 3932 quae
648 3854 793 3916 habentur
813 3872 851 3915 ex
871 3872 936 3931 cap.
956 3871 1005 3935 45.
1026 3855 1100 3918 vers.
1121 3873 1149 3916 2.
1170 3854 1320 3933 usquead
1341 3876 1407 3933 cap.

220 3978 268 4043 51.
290 3968 332 4029 vs.
354 3980 402 4045 59.
443 3968 534 4049 Quod
564 3981 660 4027 autem
691 3966 857 4027 Ezechielis
876 3966 950 4027 liber
970 3968 1161 4046 fragmentum
1182 3966 1269 4027 ctiam
1289 3982 1406 4029 tantum

219 4078 271 4155 srt,
298 4078 329 4139 id
359 4077 443 4155 primi
471 4076 535 4154 ejus
565 4076 665 4139 versus
692 4076 837 4139 clarillime
864 4076 1011 4139 indicant:
1039 4077 1106 4155 quis
1126 4079 1202 4139 enim
1223 4096 1284 4139 non
1304 4079 1405 4155 videt,

221 4189 476 4285 conjunsiipnem,
504 4208 562 4265 qua
589 4189 661 4251 liber
689 4188 810 4266 incipit,
838 4191 876 4251 ad
903 4190 958 4251 alia
974 4190 1034 4274 jam
1055 4190 1131 4252 dista
1150 4190 1266 4266 referri,
1287 4207 1318 4253 et
1339 4210 1403 4253 cum

221 4300 256 4365 iia
285 4299 408 4361 dicenda
435 4300 635 4364 contaedere?
663 4316 693 4363 at
715 4318 777 4366 non
797 4315 912 4367 tantum
932 4301 1192 4383 tantummdo
1212 4318 1297 4365 totus
1315 4304 1401 4364 etiam
