2934 4900
461 285 516 345 De
555 281 825 344 Affectibus.
1183 293 1239 372 ¹³5

47 459 74 518 8.
93 459 172 520 Part.
195 477 225 520 α.
255 473 285 520 et
312 459 343 522 in
373 458 501 536 ejusdem
531 458 630 520 schol.
662 456 858 532 ostendimus,
891 457 1037 536 sequitur,
1068 457 1238 534 praesentem

46 571 149 632 nostrat
179 571 297 634 Mentis
328 570 510 633 existentiam
542 573 578 630 ab
608 569 667 632 hoc
699 570 764 632 solo
795 573 940 646 pendere,
970 572 1053 647 quod
1082 568 1121 630 sc.
1149 570 1238 630 Mens

45 684 185 743 actualem
209 683 354 760 Corporis
375 681 556 744 existentiam
577 681 716 745 involvit.
756 681 894 758 Denique
921 680 1034 742 Mentis
1056 679 1236 757 potentiam,

46 813 100 870 qua
121 794 186 871 ipsa
208 813 254 856 res
274 794 450 874 imaginatur
470 811 626 870 earumque
647 795 833 868 recordatur,
863 794 900 854 ab
920 792 979 854 hoc
999 791 1087 854 etiarn
1108 794 1235 869 pendere

47 906 228 968 ostendimus
250 905 326 986 (uid.
346 907 435 983 Prop.
460 921 504 982 17.
526 920 553 966 et
577 906 622 966 18.
640 925 671 984 p.
693 923 721 966 2.
743 924 805 966 curn
825 905 887 984 ejus
906 903 1052 984 scholio),
1073 906 1155 981 quod
1175 903 1237 981 ipsa

47 1020 187 1080 adualem
209 1019 353 1096 Corporis
374 1017 555 1080 existentiam
577 1016 716 1081 involvit.
756 1017 804 1077 En
824 1016 933 1092 quibus
954 1015 1101 1093 sequitur,
1122 1015 1235 1076 Mentis

49 1131 221 1206 praesentem
241 1130 426 1193 existentiam
447 1129 567 1208 ejusque
588 1128 764 1208 imaginandi
784 1127 950 1205 potentiam
970 1126 1036 1188 tolli
1042 1126 1235 1205 ,famulatque

48 1245 130 1303 Mens
164 1243 339 1318 praesentem
371 1243 513 1319 Corporis
544 1241 726 1303 existentiam
754 1239 892 1302 affirmare
913 1239 1028 1302 desinit.
1068 1241 1112 1300 At
1132 1239 1235 1316 causa,

50 1373 97 1416 cur
127 1357 222 1416 Mens
251 1357 326 1418 hanc
358 1353 500 1431 Corporis
531 1352 713 1415 existentiam
742 1353 880 1414 affirmare
909 1351 1030 1429 desinit,
1057 1369 1119 1414 non
1139 1351 1237 1428 potest
1357 1413 1359 1417 .

51 1464 101 1525 esse
121 1465 185 1543 ipsa
207 1467 296 1526 Mens
317 1467 390 1544 (per
408 1465 497 1542 Prop.
518 1485 547 1544 4.
567 1462 687 1543 hujus),
715 1481 771 1523 nec
800 1462 905 1539 enam,
934 1463 1017 1538 quod
1037 1460 1155 1538 Corpus
1176 1460 1233 1522 esse

51 1573 159 1638 definit.
181 1577 260 1638 Nam
283 1577 357 1656 (per
376 1579 467 1657 Prop.
485 1579 515 1638 6.
532 1590 564 1657 p.
577 1577 620 1656 2.)
642 1579 746 1653 causa,
765 1593 818 1637 cur
838 1575 926 1636 Mens
947 1573 1090 1650 Corporis
1111 1573 1235 1636 existen·

50 1687 114 1748 tiam
146 1689 292 1764 affirmat,
322 1707 383 1750 non
414 1689 472 1765 est,
503 1689 570 1766 quia
602 1689 720 1766 Corpus
752 1687 875 1749 existere
900 1685 1029 1762 incepit:
1058 1702 1164 1762 quare,
1184 1703 1237 1761 per

50 1803 167 1862 eandem
199 1801 360 1877 rationem,
389 1819 443 1862 nec
471 1800 559 1877 ipsius
590 1800 732 1876 Corporis
753 1798 935 1861 existentiam
956 1795 1094 1859 affirmare
1114 1797 1236 1873 definit,

48 1911 111 1986 quia
139 1911 262 1988 Corpus
289 1911 344 1973 esse
372 1911 493 1988 destnit;
520 1911 570 1973 sed
596 1912 668 1992 (per
695 1911 784 1990 Prop.
809 1925 854 1985 17.
874 1911 891 1944 *
907 1924 939 1989 p.
959 1912 1003 1988 2.)
1028 1909 1087 1969 hoc
1115 1910 1151 1968 ab
1180 1908 1235 1968 alia

48 2022 106 2082 idea
139 2021 255 2100 oritur,
287 2041 353 2100 quae
385 2023 474 2085 nostri
505 2022 664 2100 Corporis,
695 2039 726 2084 et
746 2022 961 2099 consequenter
980 2020 1084 2082 nositae
1104 2018 1235 2096 Mentis,

52 2133 220 2208 presentem
251 2134 432 2198 existentiam
463 2134 608 2211 secludit,
644 2152 771 2211 quaque
802 2136 876 2196 adeo
908 2132 1001 2208 idea,
1033 2149 1098 2208 quae
1129 2129 1233 2193 nosttae

52 2245 157 2306 Mentis
182 2243 328 2306 essentiam
351 2245 520 2322 constituit,
541 2246 582 2306 est
604 2245 760 2306 contraria.

421 2401 752 2465 PROPOSITIO
792 2403 859 2464 xri.

82 2517 192 2590 Mens,
212 2528 349 2592 quantum
365 2514 475 2595 potest,
496 2518 711 2591 coimaginari
730 2528 861 2591 conatur,
883 2531 945 2591 qua
968 2514 1105 2593 Corporis
1124 2515 1233 2589 agendi

45 2633 196 2703 potentiam
217 2640 324 2704 augent
343 2628 393 2687 vel
403 2629 524 2704 suvant.

442 2789 836 2835 namonsrnnrro

79 2882 232 2965 Quamdiu
249 2884 406 2945 humanum
424 2882 542 2961 Corpus
560 2884 694 2947 assedam
713 2884 755 2945 est
771 2886 878 2959 modo,
890 2882 941 2960 qui
953 2898 1085 2944 naturam
1097 2884 1232 2961 corporis

46 2994 165 3072 alicujus
187 2995 302 3057 externi
325 2994 602 3072 involvit‚ta1ndiu
623 2997 711 3058 Mens
730 2996 857 3057 humana
876 2994 954 3058 idem
974 3013 1083 3072 corpus
1103 3011 1138 3057 ut
1158 3015 1230 3072 pra-

46 3106 103 3166 sens
133 3106 384 3183 contemplabitur
420 3108 491 3187 (per
519 3110 608 3187 Prop.
639 3122 685 3183 17·
707 3120 740 3187 p.
762 3107 824 3186 m),
852 3122 883 3167 et
914 3105 1128 3183 consequenter
1158 3107 1231 3186 (per

48 3220 129 3298 Prop.
154 3236 184 3295 7.
201 3232 234 3298 p.
252 3220 313 3295 a),
335 3218 474 3296 quamdiu
495 3220 582 3280 Mens
604 3218 730 3280 humana
752 3218 873 3295 aliquod
893 3235 1044 3280 externum
1067 3236 1175 3295 corpus
1195 3234 1229 3281 ut

49 3332 168 3405 prasens
198 3332 429 3407 contemplatur,
460 3331 518 3392 hoc
549 3332 589 3392 est
621 3330 692 3411 (per
722 3331 847 3408 ejusdem
876 3334 965 3412 Prop.
997 3348 1043 3408 17.
1062 3332 1096 3367 **
1121 3331 1227 3413 Schol.)
1301 3351 1305 3358 ·

49 3438 231 3523 imaginatur,
253 3442 364 3503 tamdiu
384 3444 541 3503 humanum
559 3442 676 3520 Corpus
696 3442 829 3506 asscitum
849 3443 890 3504 est
906 3444 1010 3519 modo,
1029 3443 1079 3521 qui
1097 3458 1227 3505 naturam

48 3550 168 3626 ejusdem
196 3552 329 3629 corporis
359 3552 473 3627 externi
501 3552 646 3629 involvit3
675 3569 766 3631 atque
794 3556 886 3629 adeo,
913 3553 1052 3631 quamdiu
1079 3556 1166 3615 Mens
1194 3574 1229 3616 ea

49 3662 235 3741 imaginatur,
255 3682 321 3739 quae
342 3663 485 3741 Corporis
505 3663 594 3725 nostri
615 3664 720 3743 agendi
742 3664 904 3741 potentiam
926 3680 1035 3745 augent
1051 3666 1099 3728 vel
1105 3665 1229 3742 juvant,

48 3774 151 3835 tamdiu
183 3774 302 3850 Corpus
333 3774 467 3836 asscitum
499 3774 540 3835 est
571 3774 682 3852 modis,
710 3775 762 3851 qui
790 3775 918 3852 ejusdem
938 3776 1044 3855 agendi
1064 3777 1227 3853 potentiam

47 3900 148 3963 augent
171 3885 220 3945 vel
236 3884 346 3961 juvant
368 3887 443 3964 (vid.
464 3886 539 3964 Post.
563 3902 588 3946 1.
610 3886 728 3966 hujus);
750 3903 782 3948 et
801 3888 1015 3964 consequenter
1045 3888 1117 3967 (per
1136 3890 1228 3968 Prop.

49 4010 89 4057 rr.
109 3996 211 4077 hujus)
233 3996 347 4058 tamdiu
367 3998 480 4059 Mentis
502 3998 653 4079 cogitandi
674 3999 811 4077 potentia
831 4016 954 4081 augetur
973 4000 1022 4063 vel
1036 3998 1176 4079 juvatur;
1193 4019 1227 4061 ac

76 4200 87 4225 ⁸
121 4198 169 4249 Ed.
186 4200 240 4249 Pus
254 4208 304 4266 per
320 4196 399 4264 Prop.
416 4196 441 4248 8.
455 4206 483 4264 p·
501 4212 526 4248 a.

76 4280 101 4311 ‘⁸
135 4280 183 4331 Ed.
199 4282 258 4333 ΡΜ
272 4290 321 4347 per
338 4278 449 4345 ejusden
465 4278 544 4347 Prop.
561 4279 644 4331 Sahal.
