2934 4900
340 303 840 400 Theologico·Politici
871 319 945 398 Cap.
965 305 1047 384 XVI.
1226 332 1285 399 559

100 499 175 563 velit
200 499 362 577 imperandi
389 512 573 575 competere;
594 512 625 558 et
645 512 803 574 praterea,
831 495 964 575 quisquis
989 498 1163 575 potestatem
1185 498 1213 560 se
1235 501 1286 560 de·

100 612 257 688 fendendi,
283 611 342 674 ssve
369 611 475 688 sponte
496 609 557 672 stre
578 610 609 673 vi
631 611 768 684 coadius,
797 607 827 669 in
851 608 937 671 alium
961 611 1124 686 transtulit,
1144 629 1210 672 eum
1232 610 1285 671 suo

96 725 164 802 jure
184 723 308 787 naturali
328 724 413 799 plane
435 721 555 797 cessiiie,
574 737 605 782 et
624 719 838 798 consequenter
860 719 953 783 eidem
976 725 1013 785 ad
1035 723 1131 784 omnia
1153 722 1285 784 absolute

100 855 200 912 parere
220 833 392 911 decreviffe3
414 836 496 911 quod
516 833 614 894 omnia
634 833 767 910 praestare
788 849 921 910 tenetur,
949 835 1090 912 quamdiu
1119 837 1206 912 Rex,
1225 836 1285 900 srue

100 947 240 1023 Nobiles,
266 947 326 1010 stve
353 947 502 1022 Populus,
531 945 666 1006 summam
695 963 781 1022 quarn
811 961 988 1022 acceperunt
1008 947 1199 1024 potestatem,
1220 965 1286 1023 quae

97 1059 173 1135 juris
191 1057 385 1120 transferendi
404 1058 627 1120 fundamentum
647 1056 721 1132 fuit,
742 1056 926 1121 conservant.
948 1060 1012 1119 Nec
1033 1058 1078 1120 his
1090 1061 1171 1136 plura
1182 1061 1287 1121 addere

102 1190 179 1248 opus
200 1171 250 1232 est.

141 1281 257 1359 Imperii
277 1281 475 1344 fundamentis
496 1297 527 1342 et
544 1281 610 1358 jure
631 1280 767 1358 osteniis,
796 1281 880 1343 facile
911 1282 966 1343 erit
986 1283 1194 1360 determinare,
1215 1283 1288 1360 quid

99 1395 149 1473 jut
170 1396 255 1460 ciuile
275 1395 440 1471 privatum,
459 1393 531 1472 quid
552 1393 674 1470 injuria,
701 1393 773 1470 quid
790 1393 904 1470 justitia
926 1411 957 1455 et
978 1395 1140 1472 injustitia,
1161 1397 1191 1457 in
1213 1395 1288 1456 statu

103 1507 183 1571 civili
213 1507 264 1568 iit:
296 1507 402 1568 deinde
433 1506 500 1583 quis
532 1506 767 1583 confoederatus,
800 1505 867 1583 quia
888 1506 997 1584 hostis,
1017 1524 1047 1569 et
1069 1507 1140 1586 quid
1161 1508 1288 1586 denique

102 1620 209 1680 crimen
235 1619 309 1680 laesae
336 1618 492 1696 majestatis
512 1617 557 1681 su.
598 1619 653 1679 Per
670 1617 720 1695 jus
742 1617 818 1679 eninr
840 1617 926 1681 civile
946 1619 1092 1694 privatum
1117 1618 1190 1680 nihil
1210 1619 1288 1681 aliud

102 1732 262 1812 intelligere
287 1730 456 1810 possumus,
482 1749 569 1809 quam
597 1730 825 1808 uniuscujusque
852 1730 1017 1792 libertatem
1046 1734 1082 1793 ad
1103 1731 1162 1792 sese
1183 1731 1213 1792 in
1235 1730 1287 1792 suo

102 1845 179 1907 statu
198 1845 443 1921 conservandum,
463 1863 533 1930 quae·
550 1843 653 1906 edidis
674 1843 789 1904 summae
810 1842 965 1919 potestatis
986 1843 1204 1919 determinatur,
1213 1842 1288 1904 sola·

102 1975 161 2034 que
182 1955 310 2034 ejusdem
330 1957 511 2018 authoritate
533 1956 711 2017 defenditur.
752 1957 828 2017 Nam
850 1955 1003 2033 postquam
1025 1954 1221 2033 unusquisque
1239 1954 1289 2032 jus

103 2067 186 2130 suurn
207 2086 244 2129 ex
264 2069 385 2146 proprio
414 2067 602 2144 beneplacito
629 2067 769 2144 vivendi,
790 2087 851 2145 quo
873 2067 933 2129 sola
955 2067 1005 2130 sua
1025 2067 1171 2144 potestate
1192 2069 1289 2129 deter-

102 2181 277 2256 minabatur,
303 2181 362 2242 hoc
391 2181 432 2242 est
459 2181 538 2242 suam
566 2180 729 2270 libertatem
750 2194 781 2240 et
801 2180 966 2258 potentiam
994 2179 1023 2241 se
1044 2180 1238 2257 defendendi,
1259 2179 1289 2240 in

103 2291 191 2353 alium
219 2291 379 2369 transtulit,
407 2311 444 2353 err
471 2291 531 2353 sola
559 2291 636 2353 iilius
663 2291 780 2353 ratione
804 2291 864 2368 jam
892 2291 991 2356 vivere
1020 2306 1153 2368 tenetur,
1174 2305 1204 2351 et
1225 2288 1288 2351 solo

103 2403 231 2481 ejusdcm
258 2403 392 2482 praefidio
420 2405 450 2466 se
479 2405 645 2469 defendere.
675 2404 785 2483 injuria
813 2405 870 2483 est,
898 2422 963 2466 cum
991 2403 1066 2469 civis
1087 2403 1135 2467 vel
1155 2402 1290 2466 subditus

103 2520 139 2577 ab
161 2517 219 2579 alio
241 2518 362 2596 aliquod
389 2519 524 2580 damnum
552 2533 655 2581 contra
672 2518 722 2595 jus
744 2518 848 2595 civile,
869 2517 929 2582 iive
950 2518 1076 2581 edidiunt
1097 2517 1213 2578 summae
1233 2535 1289 2594 po-

102 2629 231 2707 testatis,
261 2629 325 2707 pati
356 2630 481 2709 cogitur.
521 2629 631 2707 Iniuria
657 2630 734 2691 enim
762 2649 823 2693 non
851 2630 903 2692 nist
929 2630 961 2692 in
988 2630 1064 2691 statu
1091 2629 1171 2695 civili
1192 2630 1290 2707 potest

103 2742 238 2819 concipi,
258 2742 308 2803 sed
330 2760 426 2819 neque
445 2762 461 2802 a
478 2742 593 2805 summis
615 2742 829 2820 potestatibus,
851 2743 959 2822 quibus
976 2742 1042 2819 jure
1064 2743 1160 2805 omnia
1182 2742 1288 2819 licent,

103 2858 161 2917 ulla
181 2856 243 2917 fieri
264 2856 361 2932 potest
381 2856 523 2933 subditis3
550 2874 619 2936 ergo
641 2856 671 2916 in
692 2855 816 2932 privatis
844 2871 975 2931 tantum,
997 2854 1049 2933 qui
1065 2853 1131 2931 jure
1151 2869 1289 2915 tenentur

103 2965 229 3030 invicem
250 2985 311 3027 non
332 2968 453 3044 laedere,
472 2968 571 3029 locum
592 2967 698 3028 habere
719 2967 827 3043 potest.
847 2966 964 3048 Justitia
977 2966 1017 3027 est
1028 2965 1115 3027 animi
1126 2964 1289 3027 constantia

102 3078 251 3141 tribuendi
271 3079 430 3158 unicuique
452 3082 535 3157 quod
555 3080 583 3141 ei
604 3099 642 3141 ert
658 3080 724 3157 jure
746 3080 827 3146 civili
848 3079 1008 3156 competit;
1029 3077 1173 3156 Iniustitia
1191 3094 1287 3140 autern

103 3190 161 3268 est,
180 3191 277 3269 specie
300 3191 375 3269 juria
402 3192 489 3253 alicui
511 3192 677 3269 detrahere,
698 3194 781 3269 quod
803 3193 830 3253 ei
852 3212 889 3253 ex
910 3211 979 3256 vera
999 3193 1094 3272 legum
1115 3191 1289 3268 interpreta-

102 3302 185 3364 tione
207 3303 359 3379 competit.
380 3304 536 3365 Vocantur
556 3304 643 3365 etiam
664 3304 802 3382 AEquitas
824 3321 855 3366 et
872 3304 1032 3381 iniquitas,
1053 3303 1122 3381 quia
1143 3304 1195 3381 qui
1216 3323 1288 3367 con·

102 3412 197 3475 stituti
223 3414 291 3476 sunt
318 3418 355 3477 ad
381 3414 449 3477 litet
477 3414 668 3493 dirimendas,
696 3416 806 3478 nullum
835 3416 994 3493 respedium
1015 3415 1218 3495 personarum,
1238 3418 1288 3479 sed

103 3544 205 3587 omnes
226 3529 352 3604 aequales
371 3528 478 3589 habere
499 3529 745 3606 tenentur,etjus
763 3528 990 3606 uniuscuiusque
1013 3547 1097 3606 aeque
1118 3530 1289 3606 defendere;

0 3623 3 3636 ’
103 3658 163 3699 non
184 3638 272 3702 diviti
292 3638 443 3717 invidere,
464 3659 560 3718 neque
581 3659 739 3719 pauperem
761 3657 956 3703 contemnere.
997 3641 1199 3705 Confuderati
1220 3644 1287 3706 sunt

101 3750 236 3813 homines
267 3752 386 3812 duarum
417 3751 586 3829 civitatem,
618 3753 685 3831 qui,
716 3772 753 3815 ne
785 3754 854 3817 belii
884 3754 1045 3816 discrimine
1071 3754 1101 3816 in
1125 3755 1287 3832 periculum

102 3862 241 3940 veniant,
267 3864 316 3927 vel
343 3865 383 3924 ob
412 3863 496 3925 aliam
525 3884 738 3943 quamcumque
769 3866 943 3942 utilitatem,
964 3866 1040 3928 inter
1060 3867 1089 3927 se
1110 3867 1287 3929 contrahunt

102 3976 228 4038 invicem
256 3994 317 4037 non
345 3978 466 4054 laedere,
494 3976 544 4038 sed
564 3992 666 4038 contra
688 3978 853 4039 necessitate
875 3994 1001 4057 cogente
1023 3978 1177 4055 opitulari,
1198 3979 1287 4057 idque

102 4106 286 4166 unoquoque
316 4086 398 4149 suum
429 4087 581 4164 imperium
611 4087 766 4150 retinente.
808 4089 864 4149 Hic
897 4092 1065 4152 contradus
1095 4089 1205 4151 tamdiu
1234 4091 1289 4151 erit

102 4200 238 4276 validus,
259 4200 396 4278 quamdiu
418 4200 481 4276 ejus
502 4202 743 4279 fundamentum,
764 4219 867 4278 nempe
888 4201 963 4263 ratio
984 4201 1106 4279 periculi
1127 4201 1186 4267 stve
1207 4202 1286 4263 utili-

102 4311 186 4389 tatis,
206 4312 237 4373 in
258 4312 356 4374 medio
377 4314 445 4373 erit:
466 4313 577 4390 quippe
598 4332 684 4375 nemo
706 4312 869 4403 contraiit,
889 4333 944 4376 nec
961 4313 1053 4392 padio
1071 4314 1142 4377 stare
1159 4328 1289 4393 tenetur,
