2934 4900
227 317 266 378 68
653 315 834 376 Ethices
863 314 932 376 Pars
952 315 975 376 1.

227 492 284 555 Dei
305 507 418 554 tantum
440 493 594 556 voluntate
615 493 757 568 pendere3
777 507 867 569 atque
883 495 958 555 adeo
976 489 1411 568 fiDeusvoluiffet,potuinet

228 604 361 680 efficere,
382 619 415 666 ut
434 604 482 680 id,
502 607 584 682 quod
601 603 660 681 jam
681 603 823 680 perfestio
844 604 900 680 est,
928 602 1034 666 summo
1060 603 1134 673 edet
1153 603 1357 680 imperfectio,
1379 619 1411 662 et

226 733 337 780 contro.
368 718 477 778 Verum
509 716 581 794 quid
607 717 665 778 hoc
693 715 773 778 alind
800 715 891 792 effen,
919 735 1005 792 quan
1025 732 1126 793 operte
1146 715 1305 793 affirmare,
1325 717 1412 792 quod

225 831 327 906 Deos,
347 829 398 905 qui
419 827 469 905 id,
490 830 571 905 quod
593 829 678 903 vult,
699 827 856 890 neceffnrio
877 829 1034 908 intelligit,
1054 830 1104 892 soe
1122 832 1277 893 voluntate
1291 829 1409 890 efficere

225 941 342 1017 potest,
362 955 395 1003 ιιι
416 958 461 1002 res
482 939 539 1001 nlio
560 942 666 1016 modo,
687 959 774 1018 quam
794 940 948 1019 intelligit,
968 941 1129 1019 intellignt3
1150 943 1232 1019 quod
1250 941 1299 1019 (ut
1314 943 1408 1000 modo

225 1052 352 1130 ostendi)
373 1069 506 1131 magnum
527 1051 567 1112 est
587 1051 750 1114 absurdum.
770 1054 868 1134 Quare
885 1069 1084 1132 argumentum
1100 1053 1131 1113 in
1147 1051 1409 1128 ipsosretorqnere

225 1161 337 1240 possum
344 1208 354 1239 ‚
381 1163 438 1224 hoc
465 1165 564 1226 modo.
596 1163 700 1224 Omnia
722 1183 738 1224 a
758 1164 815 1226 Dei
834 1165 981 1242 potestate
1003 1167 1141 1240 pendent.
1173 1165 1219 1226 Ut
1238 1181 1284 1224 res
1304 1163 1410 1239 itaque

224 1276 307 1338 aliter
326 1276 356 1336 se
376 1276 480 1336 habere
501 1276 621 1352 poffint,
642 1276 698 1337 Dei
720 1275 877 1338 necessario
899 1279 1037 1340 voluntas
1058 1276 1142 1338 aliter
1159 1276 1187 1337 se
1203 1275 1409 1338 habereetiam

223 1391 358 1464 deberet;
379 1388 461 1465 atqui
481 1388 537 1450 Dei
558 1390 696 1451 voluntas
716 1389 801 1450 aliter
820 1387 849 1450 se
868 1389 974 1450 habere
995 1389 1099 1466 nequit
1118 1389 1166 1471 (ot
1185 1392 1275 1451 modo
1293 1407 1332 1450 ex
1346 1388 1407 1450 Dei

223 1501 402 1578 perfectione
422 1499 628 1564 evidentiffime
648 1497 850 1580 ostendimus}
869 1501 949 1578 Ergo
969 1517 1066 1577 neque
1086 1519 1133 1562 res
1152 1500 1236 1562 aliter
1253 1499 1282 1562 se
1298 1502 1408 1562 habere

224 1613 350 1690 ponunt.
371 1615 492 1689 Fateor,
512 1613 585 1674 hanc
607 1611 793 1688 opinionem,
815 1631 880 1690 quae
901 1612 999 1675 omnia
1020 1612 1198 1676 indifferenti
1216 1613 1331 1676 cuidam
1348 1613 1407 1675 Dei

223 1726 371 1790 voluntati
398 1723 531 1802 subjicit,
558 1739 589 1785 et
618 1725 653 1784 ab
681 1723 770 1800 ipfius
797 1725 983 1800 beneplacito
1012 1724 1109 1786 omnia
1137 1727 1264 1800 pendere
1287 1724 1408 1796 statuit,

224 1836 317 1899 minus
334 1855 351 1896 a
368 1854 440 1898 vero
461 1837 604 1912 aberrare,
626 1855 711 1913 quam
731 1836 860 1913 illorum,
881 1836 932 1914 qui
953 1838 1099 1913 statuunt,
1118 1837 1213 1897 Deum
1235 1835 1332 1896 omnia
1353 1834 1406 1894 sub

223 1948 335 2010 ratione
364 1948 435 2010 bnni
463 1967 554 2028 agere.
596 1950 672 2013 Narn
698 1948 727 2010 hi
757 1949 867 2026 aliquid
895 1965 976 2012 exten
1004 1951 1100 2013 Deum
1120 1949 1259 2013 videntur
1278 1966 1408 2024 ponere,

222 2063 303 2137 qnod
325 2079 340 2120 a
361 2063 428 2123 Deo
453 2079 514 2124 non
542 2065 708 2138 dependet,
736 2063 772 2123 ad
802 2064 885 2140 quod
905 2063 1004 2138 Deus,
1029 2078 1168 2139 tanquam
1188 2064 1225 2124 nd
1245 2063 1409 2137 exemplar,

222 2171 251 2234 in
283 2175 433 2248 operando
464 2173 608 2248 attendit,
639 2175 686 2236 vel
716 2176 752 2234 ed
785 2177 887 2250 quod,
915 2190 1051 2251 nonquam
1082 2176 1118 2235 ad
1139 2190 1249 2235 certum
1270 2173 1411 2249 scopum,

221 2283 359 2348 collimat.
398 2285 488 2365 Quod
508 2286 642 2361 profesto
664 2285 736 2351 nihil
757 2285 835 2348 aliud
855 2287 912 2362 est,
940 2307 1027 2364 quam
1048 2289 1143 2350 Deum
1164 2288 1229 2348 foto
1250 2285 1411 2363 subjicere,

223 2415 283 2477 quo
305 2395 377 2457 nihil
397 2399 433 2461 de
453 2397 520 2459 Deo
542 2396 692 2462 absurdius
713 2397 799 2461 statui
820 2398 932 2475 potest,
960 2418 1046 2477 quem
1067 2399 1244 2463 ostendimus
1266 2415 1325 2461 tam
1346 2418 1410 2461 om-

222 2510 301 2574 nium
331 2528 424 2573 rerum
453 2508 596 2585 edentiae,
625 2500 713 2587 qoam¹
743 2529 839 2573 earum
869 2512 1048 2587 existentiae,
1078 2512 1197 2589 primam
1228 2528 1258 2573 et
1290 2514 1406 2575 unicam

221 2622 338 2683 liberam
369 2621 480 2683 causam
511 2620 575 2683 effe.
616 2624 714 2705 Quare
745 2641 806 2685 non
837 2624 894 2701 est,
916 2640 950 2687 ut
970 2625 1000 2686 in
1020 2626 1080 2687 hoc
1100 2624 1225 2690 absurdo
1246 2626 1406 2689 refutando

223 2750 339 2810 tempus
360 2734 535 2797 consumam.
1295 2732 1302 2742 '

567 2855 895 2918 PROPOSITIO
924 2859 1062 2919 XXXIV.

262 2967 321 3028 Dei
335 2970 465 3044 potentia
485 2966 522 3044 est
541 2968 608 3047 ipsa
628 2967 716 3047 ipfius
734 2968 860 3047 effentia.

619 3126 1014 3173 nenonsrnneno

263 3216 308 3277 Ex
337 3216 396 3278 sola
418 3216 493 3279 enim
521 3220 684 3281 neceffitnte
705 3220 762 3282 Dei
784 3220 909 3283 edentiae
930 3222 1078 3299 seqnitur,
1097 3225 1193 3285 Deum
1213 3221 1269 3283 osse
1291 3224 1405 3285 causam

223 3327 266 3390 sui
299 3328 369 3408 (per
396 3330 586 3412 Prop.11.),
619 3348 648 3393 et
681 3334 754 3413 (per
783 3336 872 3414 Prop.
906 3337 951 3395 16.
980 3336 1097 3413 ejusque
1126 3336 1245 3415 Coroll.)
1276 3337 1406 3398 omnium

222 3458 325 3501 rerum.
366 3442 444 3519 Ergo
473 3442 607 3517 potentia
634 3444 709 3520 Dei,
738 3464 794 3521 qua
815 3444 893 3522 ipse,
913 3460 943 3506 et
963 3446 1077 3524 omnio,
1098 3446 1164 3509 sont
1185 3462 1216 3507 et
1236 3464 1347 3525 agunt,
1366 3450 1406 3509 est

223 3550 282 3626 ipsa
304 3551 393 3627 ipfius
414 3551 540 3615 edentia.
583 3554 616 3631 Q.
637 3556 674 3616 E.
696 3558 736 3617 D.

577 3710 904 3777 PROPOSITIO
934 3716 1058 3780 XXXV.

264 3820 408 3897 Quicquid
425 3824 591 3901 concipimus
610 3826 643 3882 in
662 3824 720 3884 Dei
735 3826 873 3905 potestate
892 3829 961 3907 effe,
981 3831 1016 3889 id
1026 3826 1182 3908 'neceffart'o
1203 3832 1250 3910 est.

623 3984 1013 4034 nenonsnnnnno

264 4075 413 4157 Quicquid
435 4076 510 4137 enin
531 4077 561 4138 in
582 4078 638 4141 Dei
661 4082 805 4155 potestate
825 4084 882 4159 est,
901 4084 931 4146 id
954 4084 1025 4163 (per
1034 4087 1123 4163 Prop.
1129 4086 1268 4165 praed.)
1290 4085 1322 4146 in
1343 4088 1407 4163 ejus

224 4187 341 4249 essentia
363 4187 403 4249 ita
425 4190 514 4249 debet
535 4194 759 4271 comprehendi,
776 4210 809 4255 nt
825 4213 864 4255 ex
881 4214 914 4256 ea
933 4196 1089 4258 necefforio
1107 4197 1253 4273 dequnnur,
1269 4201 1406 4277 adeoque

224 4297 379 4361 neceffario
401 4300 451 4363 est.
493 4302 526 4377 Q.
548 4304 584 4363 E.
606 4306 649 4366 J).
