2934 4900
202 309 263 392 486
670 297 911 373 Tractattts'

202 505 375 562 commune;
406 504 467 548 non
500 489 591 548 ullum
622 487 707 562 supra
738 502 871 548 naturam
901 488 1020 563 lumen,
1050 506 1148 566 neque
1178 490 1239 552 ulla
1268 503 1393 550 externa

203 599 383 675 authoritas3
414 615 474 658 non
507 597 594 658 etiam
626 599 716 658 debet
747 596 805 658 eise
835 601 911 660 adeo
942 598 1085 675 difficilis,
1115 614 1150 661 ut
1179 617 1242 661 non
1274 600 1330 661 nist
1358 605 1394 660 ab

200 712 366 774 acutissimis
386 711 571 788 Philosophia
591 711 676 790 dirigi
698 712 800 788 poffit,
821 711 871 774 sed
892 712 1017 774 naturali
1035 727 1067 774 et
1077 713 1224 775 communi
1235 713 1393 775 hominum

202 825 321 904 ingenio
360 839 390 886 et
430 823 586 900 capacitati
618 825 862 900 accommodata,
892 839 926 886 ιιι
956 825 1082 887 nostram
1111 824 1168 887 eise
1199 826 1394 888 ostendimus

201 935 338 997 Vidimus
369 937 462 1012 enim,
493 953 559 1012 eas,
591 955 663 1013 quas
691 936 751 1012 jam
781 937 888 1013 habet,
919 937 1107 998 difficultates
1138 953 1218 999 ortas
1246 937 1335 999 suiffe
1357 943 1395 999 ab

201 1047 350 1109 hominum
371 1047 523 1123 socordia,
543 1065 604 1110 non
626 1063 723 1110 autem
744 1067 782 1108 en
804 1063 906 1111 natura
927 1049 1069 1111 methodi

639 1303 822 1368 CAPUT
862 1305 945 1369 vm.

200 1531 238 1592 In
268 1549 320 1608 quo
350 1529 522 1610 ostenditur,
557 1529 770 1591 Pentateucdon
799 1545 828 1591 et
857 1531 948 1591 libros
984 1531 1095 1608 Iasae,
1131 1531 1279 1608 Judtmm,
1311 1534 1396 1603 Rus.

240 1642 395 1719 Samue'ls’s,
421 1657 449 1702 et
475 1643 586 1718 Regum
606 1643 660 1701 noh
681 1642 732 1721 effe
752 1641 947 1722 autographa.
976 1644 1089 1705 Deinde
1107 1649 1290 1722 t'nqm'rs'tur,
1310 1666 1353 1706 on

288 1773 382 1816 eorum
408 1759 528 1814 omnium
556 1754 717 1834 Scriptores
740 1756 842 1835 plnres
864 1753 999 1832 fuerint,
1019 1775 1059 1816 an
1085 1777 1158 1817 unus
1178 1771 1309 1835 tantum,

707 1870 881 1944 ecquinam.

240 2073 274 2137 In
306 2074 483 2152 precedenti
513 2071 620 2152 Capite
652 2077 689 2136 de
727 2077 925 2138 fundamentis
956 2092 988 2138 et
1019 2077 1172 2154 principiis
1203 2079 1394 2157 cognitionis

201 2187 412 2265 Scripturarum
434 2187 561 2266 egimus,
583 2205 675 2265 eaque
703 2188 783 2249 nulla
810 2189 864 2250 alia
885 2187 942 2250 esse
963 2187 1158 2265 ostendimus,
1179 2209 1265 2267 quam
1285 2189 1392 2253 harum

199 2296 336 2362 sinceram
366 2297 522 2359 historiam.
554 2299 639 2360 Hanc
677 2313 793 2376 autem,
831 2317 997 2377 quanquam
1028 2300 1157 2376 apprime
1188 2300 1392 2378 necessariam,

201 2407 325 2471 Veteres
355 2424 452 2472 tamen
484 2407 657 2489 neglexisse,
688 2411 752 2488 vei,
779 2405 908 2489 siquam
935 2409 1100 2490 scripserint
1120 2429 1171 2475 sut
1191 2413 1386 2487 tradiderint,

200 2536 364 2596 temporum
395 2518 500 2599 injuria
532 2518 661 2598 periisse,
693 2539 723 2584 et
755 2523 969 2601 consequenter
996 2542 1126 2603 magnam
1148 2540 1258 2602 partem
1279 2526 1389 2588 sunds'·

200 2646 362 2693 mentorum
385 2648 416 2693 tt
437 2629 647 2711 principiorum
667 2632 757 2711 hujus
778 2636 959 2715 cognitionis
978 2633 1163 2698 intercidisse.
1182 2638 1273 2719 Quod
1290 2639 1391 2700 adhuc

199 2744 381 2806 tolerandum
409 2741 495 2822 eiset,
523 2739 544 2805 fi
573 2746 680 2823 posteri
705 2746 782 2808 intra
809 2762 898 2810 veros
924 2746 1031 2809 limites
1059 2748 1088 2808 se
1109 2746 1334 2825 continuissent,
1358 2767 1390 2811 et
1447 2769 1449 2786 =

198 2870 308 2934 pauca,
329 2875 395 2933 quae
417 2872 591 2935 acceperant
611 2873 665 2920 aut
687 2856 881 2935 invenerant,
901 2860 981 2921 bona
1002 2876 1068 2921 cum
1088 2860 1145 2921 fide
1176 2856 1388 2922 successoribus

198 2969 257 3031 suis
287 2964 486 3047 tradidissent,
517 2988 571 3032 nec
604 2986 683 3034 nova
715 2989 753 3031 ex
784 2968 907 3049 proprio
938 2970 1059 3033 cerebro
1092 2970 1292 3033 excussissem:
1323 2992 1386 3049 quo

198 3081 305 3145 sasium
336 3083 377 3143 est
407 3098 442 3145 ut
472 3080 629 3159 Scriptura
656 3082 775 3145 historia
804 3101 865 3145 non
886 3098 1001 3146 tanturn
1022 3081 1207 3160 impersesia,
1227 3083 1277 3145 sed
1297 3084 1386 3145 etiam

199 3193 362 3256 mendofior
389 3194 541 3270 manserit,
568 3194 627 3256 hoc
656 3196 715 3271 est,
741 3212 776 3258 ut
796 3196 813 3231 *
840 3197 1031 3258 fundamenta
1051 3192 1232 3275 cognitionis
1253 3193 1383 3273 Scriptu-

198 3322 290 3367 rarum
312 3324 372 3368 non
393 3321 507 3369 tantum
529 3306 684 3384 pauciora,
705 3324 740 3369 ut
760 3308 797 3371 iis
817 3308 930 3389 integra
950 3308 1106 3386 superstrui
1124 3308 1285 3385 poffit,sed
1297 3309 1385 3370 etism

199 3412 307 3481 vitiosa
338 3416 403 3480 srnt.
444 3420 516 3481 Haec
549 3422 719 3497 emendare,
752 3436 783 3481 et
814 3421 979 3483 communia
1008 3420 1183 3499 Theologiae
1214 3419 1384 3498 praejudicia

200 3530 320 3606 tollere,
347 3532 383 3592 ad
411 3550 505 3593 meum
527 3530 691 3593 institutum
713 3532 833 3609 speetat.
874 3534 916 3593 At
936 3550 1058 3608 vereor,
1078 3551 1116 3593 ne
1136 3532 1221 3594 nimis
1241 3531 1306 3592 sero
1325 3532 1383 3591 hoc

199 3652 313 3699 tentare
334 3638 497 3718 aggrediar;
518 3657 563 3700 res
585 3640 660 3701 enim
682 3640 796 3718 tojam
817 3643 907 3702 ferme
928 3642 1080 3719 pervenit,
1100 3658 1136 3703 ut
1155 3641 1289 3702 homines
1308 3641 1383 3703 circa

199 3750 258 3812 hoc
296 3768 356 3811 non
394 3750 543 3827 patiantur
580 3752 703 3831 corrigi,
735 3752 784 3814 sed
815 3753 863 3829 id,
894 3756 976 3831 quod
1007 3752 1060 3816 sub
1091 3752 1188 3829 specie
1218 3753 1383 3831 Religionis

200 3864 324 3939 amplexi
356 3862 440 3940 sunt,
471 3864 660 3940 pertinaciter
690 3866 867 3942 defendant3
895 3884 949 3926 nec
969 3866 1047 3926 ullus
1066 3865 1150 3927 locus
1170 3864 1310 3941 Rationi,
1331 3864 1382 3925 nisi

201 3978 278 4052 apud
298 3976 480 4053 paucissimos
501 3976 536 4056 (ii
556 3994 622 4038 cum
642 3976 762 4055 reliquis
781 3978 999 4057 comparentur)
1019 3976 1136 4040 reliecus
1155 3976 1290 4054 videtur,
1307 3980 1381 4038 adeo

234 4237 247 4268 ⁸
281 4238 388 4287 Duobus
413 4235 542 4287 versiculis
565 4234 615 4298 jum
641 4236 667 4287 in
695 4236 807 4288 editione
824 4240 844 4288 Β
861 4237 1022 4302 permutatis,
1039 4239 1070 4288 ab
1087 4238 1136 4287 hoc
1154 4236 1212 4287 inde
1230 4236 1288 4287 ioco
1305 4236 1382 4301 usque

200 4316 231 4368 ad
249 4320 326 4369 verba
344 4318 402 4367 Haec
423 4320 556 4369 emendare
573 4317 696 4370 orationis
713 4320 779 4371 ordo
798 4323 912 4372 turbatus
928 4333 991 4371 ertt·
