2934 4900
192 265 254 330 600
666 263 905 326 Tractatus

194 454 333 520 augetur3
360 458 425 501 nam
453 439 512 502 hoc
539 438 603 515 ipso
624 440 677 515 iit,
696 454 731 500 ut
753 438 908 500 necessario
930 438 1029 517 (sicuti
1050 441 1244 502 Hebraeorum
1266 441 1401 519 Reges,
1452 513 1453 518 γ

194 553 302 630 quibus
329 553 387 614 hoc
410 551 460 628 jus
488 569 549 612 non
576 550 710 612 absolute
739 549 904 613 concessum
931 552 1004 632 fuit)
1026 552 1109 628 impii
1131 552 1206 628 sint,
1227 568 1261 614 et
1282 553 1399 614 conse-

194 682 327 745 quenter,
347 680 382 728 ut
402 664 498 726 totius
519 664 705 741 Reipublicae
727 666 863 726 damnum
885 679 916 724 et
937 666 1060 739 malum,
1082 682 1119 724 ex
1141 664 1257 727 incerto
1271 681 1304 726 et
1318 684 1398 726 con-

194 780 344 859 tingente,
365 793 476 839 certum
497 792 527 837 et
549 775 734 837 necessarium
756 777 903 839 reddatur.
945 775 1014 839 Sive
1035 775 1125 855 igitur
1145 776 1187 836 rei
1211 776 1397 852 veritatem,

193 892 253 955 sive
273 889 385 967 imperii
405 888 675 962 securitatem,srve
686 888 815 967 denique
836 889 958 965 pietatis
976 888 1184 951 incrementum
1204 889 1396 966 speslemus,

194 1004 318 1065 statuere
338 1002 487 1081 cogimur,
508 1001 559 1077 jus
580 1000 668 1062 etiarn
690 1001 839 1078 divinum,
860 1001 919 1064 sive
937 1001 987 1079 jus
1011 1001 1085 1063 circa
1106 1002 1202 1079 sacra,
1223 1021 1240 1062 a
1264 1004 1393 1064 decreto

194 1116 363 1178 summarum
391 1114 569 1191 potestatum
599 1113 733 1175 absolute
761 1116 906 1190 pendere,
928 1114 1034 1191 easque
1055 1114 1182 1190 eiusdem
1205 1114 1393 1192 interpretes

196 1230 251 1292 esse
273 1244 303 1291 et
325 1227 474 1304 vindices,
502 1245 539 1286 ex
568 1225 676 1304 quibus
706 1225 853 1304 sequitur,
873 1226 940 1288 illos
960 1227 1017 1288 Dei
1038 1227 1121 1289 verbi
1142 1227 1293 1289 ministros
1316 1228 1391 1304 else,

196 1343 246 1420 qui
268 1342 410 1419 populum
432 1357 469 1400 ex
491 1338 671 1400 authoritate
692 1338 863 1399 summarum
884 1338 1064 1413 potestatum
1084 1338 1225 1415 pietatem
1258 1342 1391 1416 docent,

195 1470 284 1532 prout
305 1453 366 1531 ipsa
387 1471 425 1513 ex
446 1469 543 1513 earum
564 1453 684 1512 decreto
706 1450 834 1526 publicae
853 1449 977 1511 utilitati
999 1453 1219 1512 accommodata
1241 1451 1296 1512 est.

234 1567 369 1643 Superest
396 1565 473 1642 jam,
503 1563 617 1625 causam
648 1562 736 1624 etiam
764 1563 908 1638 indicare,
941 1581 992 1624 cur
1023 1562 1133 1638 semper
1160 1563 1190 1624 in
1217 1564 1389 1625 Christiano

196 1679 317 1756 imperio
338 1678 453 1739 dehoc
471 1675 537 1754 jure
559 1674 753 1752 disceptatum
775 1675 850 1750 fuit,
873 1693 938 1736 cum
959 1690 1057 1736 tamen
1078 1676 1194 1738 Hebraei
1217 1696 1389 1754 nunquam,

195 1793 278 1868 quod
298 1790 407 1864 sciam,
427 1792 464 1850 de
485 1790 590 1849 eodem
612 1787 801 1868 ambegerint.
842 1789 917 1848 Sane
940 1788 1068 1849 monstro
1089 1787 1176 1849 fimile
1198 1789 1297 1852 videri
1318 1789 1388 1866 pos-

197 1902 256 1979 set,
287 1905 370 1980 quod
401 1904 438 1962 de
469 1919 499 1961 re
530 1915 589 1960 ram
620 1899 770 1961 manifesta
802 1915 920 1976 tamque
949 1898 1101 1961 necessaria
1129 1901 1252 1976 quaestio
1274 1900 1387 1978 semper

198 2014 305 2090 fuerit,
336 2029 366 2074 et
387 2015 469 2090 quod
496 2011 611 2073 summa
632 2012 794 2089 potestates
815 2012 874 2074 hoc
892 2011 943 2088 jus
964 2030 1111 2088 nunquam
1134 2012 1242 2090 absque
1263 2030 1387 2076 contro-

197 2127 305 2202 versa,
335 2126 394 2188 imo
427 2144 576 2203 nunquam
608 2125 660 2186 nist
691 2144 796 2204 magno
825 2124 1002 2187 seditionum
1030 2125 1161 2201 periculo
1182 2141 1213 2186 et
1234 2127 1386 2206 religionis

196 2239 392 2314 detrimento,
419 2237 587 2299 habuerint,
614 2238 770 2314 Profesi0,
798 2237 819 2298 st
839 2237 928 2314 hujus
949 2237 989 2298 rei
1011 2238 1118 2298 nullam
1140 2253 1249 2300 certam
1269 2241 1385 2302 causam

195 2355 330 2433 aslignare
361 2352 524 2429 possemus,
555 2351 641 2412 facile
673 2350 742 2410 mihi
774 2349 991 2428 persuaderem,
1024 2351 1138 2428 omnia,
1170 2369 1236 2429 quae
1268 2353 1300 2414 in
1328 2353 1384 2414 hoc

196 2466 304 2543 Capite
324 2464 455 2541 ostendi,
475 2482 537 2525 non
557 2463 610 2523 nist
631 2462 794 2525 theoretica
817 2463 891 2539 esse,
911 2463 971 2526 live
994 2484 1031 2525 ex
1043 2482 1139 2525 earum
1150 2464 1383 2541 speculationum

196 2597 319 2658 genere,
350 2596 415 2655 quae
446 2594 595 2653 nunquam
627 2594 665 2635 ex
696 2575 749 2637 usu
777 2575 832 2636 eise
854 2575 984 2652 possunt.
1006 2577 1123 2642 Etenim
1144 2577 1206 2654 ipsa
1226 2578 1383 2655 primordia

197 2690 367 2752 Christianae
397 2687 547 2768 religionis
579 2686 774 2749 consideranti
804 2687 894 2764 hujus
925 2688 966 2750 rei
995 2690 1079 2751 causa
1100 2688 1159 2750 sese
1181 2691 1303 2751 omnino
1325 2710 1382 2751 ma-

197 2803 332 2865 nifestat:
355 2801 545 2863 Christianam
566 2819 692 2877 namque
714 2799 883 2879 religionem
907 2820 968 2862 non
990 2820 1071 2881 reges
1094 2802 1177 2877 primi
1201 2806 1383 2879 docuerunt,

197 2916 247 2977 sed
269 2914 324 2978 viri
344 2912 452 2990 privati
463 2958 473 2989 ,
494 2912 562 2989 qui,
583 2912 686 2975 invitis
706 2912 762 2988 iis,
784 2912 835 2989 qui
857 2912 1008 2990 imperium
1030 2916 1187 2990 tenebant,
1209 2932 1239 2975 et
1260 2933 1381 2991 quorum

197 3025 308 3087 subditi
339 3041 437 3099 erant,
467 3023 591 3100 privatis
622 3024 758 3086 Ecclestis
791 3025 961 3087 concionari
972 3070 983 3102 ,
1002 3026 1079 3087 sacra
1101 3027 1198 3088 officia
1218 3027 1380 3104 instituere,

198 3138 409 3215 administrare,
429 3154 460 3198 et
482 3137 535 3199 soli
557 3137 654 3199 omnia
676 3138 809 3200 ordinare
831 3155 861 3200 et
880 3142 1045 3217 decretare,
1057 3140 1257 3217 nullaimperii
1269 3143 1379 3203 ratione

197 3252 316 3327 habita,
337 3251 389 3312 diu
409 3250 635 3312 consueverunt.
657 3250 732 3311 Cum
754 3265 852 3312 nutent
874 3250 974 3311 multis
991 3251 1049 3329 jam
1072 3252 1174 3328 elapsrs
1186 3254 1269 3315 annis
1279 3254 1378 3333 religio

197 3366 227 3426 in
259 3363 409 3441 imperium
441 3363 590 3425 introduci
628 3362 758 3439 incepit,
797 3363 978 3424 Eccesrastici
1010 3367 1147 3441 eandem,
1177 3364 1261 3427 sicuti
1293 3367 1377 3443 ipsam

199 3475 479 3550 determinaverant,
500 3474 581 3551 ipsos
604 3476 799 3550 Imperatores
820 3476 927 3536 docere
949 3476 1134 3552 debuerunt,
1156 3494 1192 3537 ex
1214 3494 1275 3554 quo
1297 3477 1376 3537 facile

199 3588 333 3649 obtinere
363 3601 544 3663 potuerunt,
575 3601 610 3646 ut
641 3585 705 3662 ejus
736 3587 873 3648 dosiores
904 3600 935 3646 et
966 3587 1159 3665 interpretes,
1190 3603 1221 3649 et
1242 3605 1377 3665 praterea

197 3700 334 3761 Ecclestae
366 3700 512 3775 pallores,
544 3697 622 3775 quast
653 3697 711 3758 Dei
743 3697 844 3760 vicarii
876 3697 1117 3777 agnoscerentur;
1149 3716 1196 3778 et,
1223 3719 1260 3761 ne
1282 3702 1376 3777 possea

199 3817 297 3892 Reges
329 3810 482 3872 Christiani
515 3811 589 3872 hanc
620 3809 673 3869 srbi
704 3810 892 3871 autoritatem
924 3829 1027 3887 capere
1048 3809 1176 3889 possent,
1199 3812 1308 3889 optime
1328 3812 1376 3874 sabi

199 3940 341 3984 caverunt
378 3921 585 3998 Ecclesiastici,
624 3921 810 3998 prohibendo
849 3921 960 3983 scilicet
995 3922 1209 3985 matrimonium
1245 3923 1375 3999 supremis

197 4037 333 4098 Ecclesia
355 4037 508 4113 ministris,
530 4036 699 4113 summoque
720 4036 870 4115 religionis
892 4036 1055 4113 interpreti.
1076 4039 1126 4099 Ad
1144 4041 1225 4114 quod
1245 4054 1374 4115 praterea
1452 4080 1453 4083 κ

199 4148 329 4223 accessit,
357 4151 439 4225 quod
466 4146 632 4226 Religionis
661 4150 799 4227 dogmata
829 4152 945 4211 adram
967 4168 1100 4230 magnum
1122 4170 1271 4213 numerum
1293 4172 1372 4214 auxe-

199 4275 279 4334 rant,
301 4273 330 4319 et
352 4278 417 4320 cum
437 4258 626 4333 Philosophia
649 4257 690 4318 ita
719 4261 931 4337 confuderant,
954 4278 986 4323 ut
1008 4262 1133 4325 summus
1155 4262 1219 4341 ejus
1241 4263 1372 4341 interpres
