2934 4900
395 315 531 393 Caput
563 317 630 377 Vll.
670 318 715 379 De
737 316 920 377 Monarchia.
1190 332 1248 393 325

60 494 168 555 bellum
197 508 320 570 propter
347 493 438 572 Regis
459 510 503 554 res
525 491 697 554 domesticas
727 491 911 567 concitetur;
932 508 963 553 et
984 492 1053 570 quia
1075 509 1248 556 controver-

61 606 105 667 siae
134 622 165 667 et
195 604 381 667 dill‘ensrones
411 624 448 667 ex
477 604 618 666 societate
645 603 810 681 praecipue,
838 624 903 682 quae
933 624 971 666 ex
991 606 1176 667 matrimonio
1198 609 1250 682 lit,

62 718 218 793 oriuntur,
248 735 279 779 et
311 737 375 795 quae
406 719 483 779 inter
513 722 586 779 duas
617 716 765 781 Civitates
796 718 971 794 questiones
993 718 1077 795 sunt,
1095 718 1160 794 jure
1180 720 1249 781 belli

62 832 235 908 plerumque
265 831 455 907 dirimuntur,
483 829 551 891 hinc
580 830 727 907 sequitur,
756 829 876 906 imperio
904 828 1023 890 exitiale
1052 828 1124 905 esse,
1145 832 1248 891 arclam
1343 907 1348 915 ³

62 942 236 1005 societatem
265 962 332 1004 cum
361 943 418 1003 alio
448 942 530 1003 inire.
571 942 668 1019 Hujus
689 941 730 1002 rei
753 942 841 1002 fatale
866 943 1029 1017 exemplum
1050 940 1079 1002 in
1101 942 1250 1019 Scriptura

60 1056 201 1133 legimus:
225 1072 342 1117 mortuo
372 1054 448 1117 enim
477 1056 651 1129 Salomone,
679 1053 729 1130 qui
751 1053 837 1113 filiam
859 1052 950 1132 Regis
971 1054 1097 1133 AEgypti
1117 1053 1168 1114 libi
1190 1073 1247 1114 ma-

61 1169 204 1230 trimonio
222 1170 378 1246 junxerat,
399 1168 475 1229 filius
497 1167 560 1244 ejus
583 1168 750 1229 Rehabeam
772 1168 879 1227 bellum
900 1184 965 1226 cum
986 1164 1249 1245 Susaco*AEgyp·

61 1280 169 1341 tiorum
194 1284 279 1359 Rege
300 1280 487 1341 infelicissime
509 1280 607 1358 gessit,
629 1298 644 1338 a
667 1298 726 1355 quo
750 1278 869 1339 omnino
898 1277 1032 1339 subactus
1053 1277 1103 1337 est.
1143 1277 1248 1338 Matri·

62 1393 193 1453 monium
224 1406 362 1469 praeterea
390 1390 538 1453 Ludovici
572 1407 616 1469 14.
645 1390 737 1469 Regis
766 1389 923 1451 Gallianum
951 1408 1016 1449 cum
1042 1388 1101 1448 filia
1121 1388 1248 1465 Philippi

62 1504 157 1578 quarti
186 1502 261 1565 novi
289 1502 357 1563 belli
378 1504 410 1538 ⁶*
431 1502 525 1565 semen
554 1502 628 1577 suit;
656 1517 685 1562 et
716 1518 821 1577 praeter
840 1500 903 1562 ltaec
925 1501 1045 1575 plurima
1066 1502 1197 1577 exempla
1218 1499 1247 1561 in

62 1612 190 1675 historiis
212 1616 357 1693 leguntur.

100 1724 127 1803 ᾗ.
148 1727 249 1787 XXV.
290 1726 406 1803 Imperii
438 1726 527 1786 sacies
559 1744 616 1786 una
649 1727 808 1801 eademque
841 1724 963 1799 servari,
984 1738 1013 1783 et
1035 1724 1249 1799 consequenter

65 1838 128 1897 Rex
161 1858 258 1912 unus,
289 1854 319 1899 et
350 1837 478 1913 ejusdem
507 1838 610 1911 sexus,
643 1853 672 1898 et
701 1836 851 1913 imperium
879 1835 1052 1898 indivisrbile
1074 1835 1130 1895 esse
1152 1837 1249 1896 debet.

64 1948 153 2027 Quod
176 1967 275 2011 autem
297 1950 437 2024 dixerim,
457 1965 491 2011 ut
513 1950 589 2011 lilius
610 1950 702 2029 Regis
723 1965 796 2011 natu
815 1950 907 2027 major
923 1948 999 2026 patri
1013 1949 1079 2026 jure
1097 1948 1250 2023 succedat,

67 2062 110 2119 vel
139 2062 174 2139 (st
209 2063 279 2123 nulli
302 2061 357 2122 sint
378 2062 475 2141 liberi)
498 2062 549 2137 qui
570 2063 647 2141 Regi
669 2062 807 2142 sanguine
837 2063 988 2139 proximus
1009 2062 1066 2138 est,
1086 2076 1170 2138 patet
1190 2076 1249 2120 tam

67 2188 100 2229 er
121 2172 220 2235 Artic.
245 2190 289 2249 13.
312 2176 434 2249 praeced.
456 2173 546 2249 Cap„
568 2192 653 2249 quam
675 2175 745 2250 quia
766 2176 857 2253 Regis
879 2176 1004 2251 electio,
1026 2193 1091 2251 quae
1113 2194 1129 2234 a
1151 2172 1247 2234 multi-

67 2284 166 2347 tudine
196 2287 247 2361 fit,
274 2300 398 2361 aeterna,
426 2285 445 2344 sr
474 2285 534 2345 lieri
561 2287 674 2361 potest,
703 2286 757 2347 else
787 2290 893 2364 debet;
913 2288 983 2349 alias
1005 2288 1161 2350 necellario
1182 2289 1250 2361 liet,

69 2412 97 2458 ut
118 2397 227 2460 summa
249 2397 361 2475 imperii
380 2398 510 2475 potestas
532 2398 607 2474 saepe
630 2402 665 2462 ad
688 2399 903 2463 multitudinem
933 2400 1075 2479 transeat,
1096 2421 1161 2479 quae
1185 2421 1247 2464 mu·

67 2511 138 2572 tario
161 2512 270 2574 summa
292 2511 347 2586 est,
367 2527 397 2572 et
416 2511 628 2587 consequenter
649 2513 888 2588 periculosissima.
909 2513 968 2596 Qui
987 2529 1084 2575 autem
1102 2515 1250 2590 statuunt,

69 2622 176 2701 Regem
200 2643 236 2684 ex
258 2642 310 2698 e0,
328 2626 409 2701 quod
431 2623 542 2700 imperii
565 2624 709 2687 Dominus
732 2627 787 2702 est,
805 2627 893 2704 idque
910 2627 976 2704 jure
997 2628 1133 2690 absoluto
1153 2644 1250 2704 tenet,

68 2735 160 2812 pose,
183 2736 232 2797 cui
253 2737 359 2811 vellet,
381 2736 456 2796 idem
477 2739 607 2812 tradere,
629 2753 659 2797 et
683 2737 888 2814 successorem,
909 2758 995 2815 quem
1018 2741 1107 2814 velit,
1129 2741 1250 2819 eligere,

69 2861 153 2920 atque
184 2849 258 2908 adeo
286 2846 378 2925 Regis
406 2846 495 2908 lilium
524 2847 636 2923 imperii
665 2849 807 2910 haeredem
832 2849 899 2926 jure
920 2850 993 2926 elle,
1014 2852 1153 2914 falluntur
1174 2853 1249 2913 sane.

68 2955 138 3016 Nam
171 2958 264 3038 Regis
294 2959 433 3021 voluntas
465 2959 576 3020 tamdiu
608 2960 667 3021 vim
695 2961 771 3037 juris
802 2962 908 3036 habet,
940 2963 1079 3039 quamdiu
1109 2963 1249 3027 Civitatis

68 3068 192 3142 gladium
224 3084 325 3145 tenet;
356 3070 467 3146 imperii
499 3091 623 3149 namque
651 3072 701 3149 jus
733 3075 793 3135 sola
822 3074 958 3150 potentii
989 3075 1136 3136 delinitur.
1183 3077 1248 3136 Rex

69 3173 153 3252 igitur
173 3199 263 3259 regno
285 3183 387 3242 cedere
408 3182 525 3258 quidem
548 3184 660 3260 potest,
689 3184 737 3245 sed
760 3202 819 3246 non
841 3185 992 3260 imperium
1013 3185 1096 3246 alteri
1117 3187 1250 3261 tradere,

69 3286 115 3346 nist
137 3293 317 3354 connivente
339 3293 543 3370 multitudine,
573 3267 622 3356 vel
641 3311 723 3371 parte
745 3296 810 3373 ejus
831 3297 983 3359 validiore.
1024 3298 1114 3378 Quod
1137 3313 1170 3358 ut
1190 3299 1248 3356 cla-

69 3397 124 3460 rius
144 3403 339 3482 intelligatur,
361 3404 445 3466 venit
467 3409 647 3483 notandum,
670 3411 752 3484 quod
772 3409 856 3470 liberi
879 3429 937 3471 non
956 3411 1022 3488 jure
1043 3411 1181 3486 naturali,
1201 3411 1250 3472 sed

70 3509 146 3573 civili
179 3530 332 3590 parentum
364 3517 490 3578 lraeredes
523 3519 606 3580 sunt:
638 3539 702 3580 nam
735 3521 796 3584 sola
821 3522 962 3584 Civitatis
990 3521 1125 3598 potentii
1145 3523 1195 3596 fit,
1217 3536 1250 3582 ut

71 3624 262 3702 unusquisque
284 3631 466 3702 quorundam
484 3631 628 3692 bonorum
647 3631 682 3693 fit
700 3633 850 3709 dominus;
871 3653 959 3710 quare
980 3637 1079 3695 eadem
1100 3635 1250 3711 potentia,

71 3731 125 3796 slve
149 3737 231 3814 jure,
260 3759 319 3815 quo
348 3741 398 3814 lit,
427 3756 460 3801 ut
489 3743 627 3804 voluntas
648 3745 788 3822 alicujus,
810 3765 868 3822 qua
889 3749 925 3807 de
946 3747 1004 3808 suis
1026 3746 1113 3807 bonis
1134 3745 1252 3823 statuit,

72 3861 127 3908 rata
149 3849 200 3924 stt,
221 3853 323 3912 eodem
345 3852 394 3926 fit,
417 3869 449 3913 ut
472 3857 570 3914 eadem
593 3858 731 3918 voluntas
753 3859 840 3920 etiam
862 3859 927 3934 post
944 3859 1033 3934 ipsius
1050 3875 1172 3921 mortem
1190 3876 1250 3920 rata

73 3973 197 4036 maneat,
224 3961 363 4036 quamdiu
391 3962 505 4026 Civitas
533 3985 697 4042 permanet:
727 3986 757 4030 et
785 3970 839 4031 hac
860 3970 975 4032 ratione
1001 3970 1198 4050 unusquisque
1220 3971 1249 4032 in

78 4125 346 4140 h-n-——nn—

104 4225 115 4254 *
151 4244 161 4278 1
181 4231 244 4296 Reg.
265 4243 295 4292 14
313 4243 320 4278 a
338 4242 370 4292 25
388 4229 413 4278 in
433 4229 516 4280 Ketib.
533 4259 565 4267 -
585 4231 631 4282 Ed.
648 4233 704 4282 Pmr
723 4232 828 4297 Sufano.

106 4325 129 4354 ⁸*
162 4327 245 4380 mu.
265 4323 406 4391 1667-68.
