2934 4900
200 338 259 400 300
557 322 796 383 Tractatus
836 320 1024 381 Politici

200 498 408 573 distribuendi,
429 513 458 558 et
480 499 551 575 quid
572 499 679 559 fusium
700 496 774 559 velit
794 496 969 571 imperandi,
997 510 1028 555 et
1049 495 1129 571 pacis
1159 494 1246 556 causa
1276 497 1395 575 legatos

200 610 335 672 mittendi
353 626 382 671 et
400 610 552 685 audiendi,
570 625 600 670 et
619 609 890 685 deniquesumptus
911 611 948 669 ad
968 608 1031 669 haec
1052 608 1149 669 omnia
1170 608 1323 687 exigendi.

240 722 266 801 §.
288 724 339 783 lll.
379 720 527 804 Quoniam
554 720 655 798 itaque
685 720 775 782 solius
804 720 917 782 summae
948 720 1104 796 potestatis
1130 722 1184 801 Jus
1212 720 1248 780 stt
1269 721 1396 799 negotia
1434 719 1435 722 ’

200 832 317 909 publica
337 832 494 909 trasiandi,
515 834 561 894 vel
584 832 728 893 ministros
751 834 787 894 ad
808 834 908 893 eadem
929 832 1071 910 eligendi,
1089 830 1229 908 sequitur,
1241 832 1395 892 subditum

199 937 350 1017 imperium
378 942 528 1017 affectare,
555 942 606 1020 qni
635 941 687 1003 suo
717 943 781 1003 solo
803 942 942 1018 arbitrio,
964 943 1098 1019 supremo
1120 942 1259 1004 Concilio
1280 942 1395 1017 inscio,

200 1054 349 1131 negotium
371 1053 491 1131 aliquod
513 1054 661 1131 publicum
683 1053 828 1133 aggressus
850 1053 905 1130 est,
926 1054 1038 1115 tametsi
1057 1053 1105 1131 id,
1122 1057 1204 1131 quod
1221 1053 1394 1116 intenderat

200 1182 301 1243 agere,
321 1164 446 1229 Civitati
469 1165 612 1243 optimum
634 1167 699 1227 fore
722 1166 889 1228 crediderit.

240 1276 267 1357 §.
288 1278 341 1338 lV.
381 1278 438 1339 Sed
467 1277 557 1355 quaeri
587 1278 678 1353 solet,
706 1297 742 1339 an
771 1278 878 1340 summa
900 1278 1030 1355 potestas
1050 1278 1165 1357 legibus
1184 1279 1320 1341 adstric⁶ta
1341 1279 1393 1353 stt,

200 1402 230 1449 et
252 1388 465 1467 consequenter
485 1408 521 1450 an
543 1408 664 1466 peccare
686 1390 796 1465 possut?
837 1392 947 1451 Verum
969 1390 1108 1466 quoniam
1128 1392 1200 1467 legis
1221 1405 1252 1451 et
1272 1390 1392 1467 peccati

202 1500 318 1562 nomina
339 1520 398 1563 non
421 1517 535 1563 tantum
557 1501 699 1565 Civitatis
720 1504 806 1583 Jura,
826 1502 875 1564 sed
898 1502 985 1563 etiam
1007 1503 1135 1565 omniurn
1156 1521 1249 1565 rerum
1271 1520 1392 1565 natura·

199 1612 286 1688 lium,
315 1628 345 1673 et
373 1613 501 1689 apprime
531 1614 669 1675 Rationis
700 1633 869 1676 communes
898 1616 1010 1694 regulas
1032 1615 1173 1691 respicere
1194 1615 1308 1689 solent,
1331 1634 1392 1675 non

202 1724 348 1801 possumus
376 1725 509 1787 absolute
539 1726 650 1802 dicere,
679 1726 840 1789 Civitatem
870 1726 956 1788 nullis
985 1727 1145 1789 adstristam
1174 1725 1230 1787 esse
1257 1727 1393 1805 legibus,

202 1838 252 1899 seu
282 1857 401 1914 peccate
433 1858 493 1901 non
525 1839 614 1915 polle.
655 1842 730 1901 Nam
752 1840 772 1899 fi
795 1838 911 1902 Civitas
940 1840 1027 1901 nullis
1055 1840 1170 1919 legibus
1190 1840 1242 1901 seu
1263 1840 1393 1919 regulis,

201 1950 260 2011 fine
287 1950 394 2027 quibus
422 1950 537 2013 Civitas
566 1968 625 2013 non
655 1951 725 2011 esset
754 1950 884 2026 Civitas,
914 1951 1046 2013 adstricta
1073 1951 1159 2026 esset,
1188 1966 1251 2013 tum
1273 1951 1393 2015 Civitas

202 2080 262 2123 non
291 2078 324 2124 ut
353 2081 397 2125 tes
425 2063 582 2139 naturalis,
611 2064 660 2125 sed
689 2080 723 2125 ut
752 2064 894 2125 Chimaera
916 2064 985 2125 esset
1005 2066 1242 2142 contemplanda.
1282 2066 1392 2125 Peccat

202 2192 271 2253 ergo
304 2172 434 2250 Civitas,
466 2176 586 2252 quando
617 2193 650 2235 ea
682 2174 761 2253 agit,
792 2176 840 2237 vel
872 2174 933 2235 fieri
966 2176 1095 2252 patitur,
1127 2195 1192 2253 quae
1221 2176 1308 2236 cansa
1337 2175 1391 2236 esse

202 2285 319 2362 possunt
347 2286 435 2363 ipsius
464 2286 570 2363 ruinae3
599 2302 688 2364 atque
717 2303 779 2348 tum
800 2290 921 2348 eandem
943 2306 979 2349 eo
1001 2287 1085 2349 sensu
1105 2306 1226 2363 peccare
1248 2287 1391 2351 dicimus.

203 2418 263 2478 quo
285 2398 454 2476 Philosophi
486 2402 534 2464 vel
567 2399 678 2462 Medici
711 2403 854 2464 Naturam
886 2420 1006 2477 peccare
1037 2401 1286 2477 dicun13ethoc
1308 2401 1391 2462 sensu

203 2513 298 2575 dicere
316 2512 478 2590 possumus,
497 2514 658 2576 Civitatem
677 2531 814 2590 peccare,
833 2517 951 2591 quando
970 2530 1071 2576 contra
1090 2514 1230 2575 Rationis
1247 2516 1391 2576 distamen

202 2625 312 2702 aliquid
343 2625 413 2704 agit.
453 2615 509 2685 Esi'
535 2625 611 2686 ettim
644 2625 759 2688 Civitas
789 2641 851 2687 tum
881 2626 1005 2686 maxime
1034 2625 1187 2704 suijuris,
1209 2631 1331 2704 quando
1352 2647 1390 2687 ex

202 2739 355 2802 disiamine
377 2739 515 2800 Rationis
537 2737 597 2818 agit
619 2739 691 2817 (per
712 2740 783 2800 Art.
805 2755 833 2814 7·
850 2741 973 2818 praeced.
998 2740 1102 2818 Cap.);
1133 2755 1281 2816 quatenus
1301 2739 1391 2818 igitur

203 2865 305 2912 contra
333 2849 491 2912 Rationem
520 2850 596 2930 agit,
625 2866 748 2912 eatenus
769 2851 820 2911 stbi
842 2851 956 2927 deficit,
977 2851 1028 2912 seu
1049 2867 1161 2928 peccat.
1201 2854 1305 2930 Atque
1326 2853 1388 2912 hac

204 2961 309 3024 clarius
330 2963 453 3042 intelligi
472 2977 629 3039 poterunt,
646 2963 665 3022 fi
684 2963 912 3038 consideremus,
931 2965 1028 3039 quod,
1045 2983 1110 3025 cum
1128 2963 1265 3040 dicimus,
1284 2984 1388 3026 unum·

203 3093 348 3152 quemque
379 3074 460 3151 posse
491 3078 528 3136 de
559 3092 605 3149 re,
638 3094 702 3151 quae
732 3075 774 3136 sui
799 3075 875 3151 juris
903 3076 960 3151 est,
989 3077 1113 3138 statuere
1134 3075 1278 3153 quicquid
1299 3077 1389 3151 velit,

202 3187 265 3246 ltaec
292 3187 420 3262 potestas
450 3203 509 3246 non
538 3185 597 3247 sota
627 3186 741 3265 agentis
770 3186 923 3262 potentia,
951 3187 1002 3250 sed
1030 3187 1117 3248 etiam
1138 3187 1227 3266 ipsius
1247 3189 1389 3265 patientis

204 3295 370 3373 aptitudine
398 3295 510 3359 definiri
539 3299 637 3358 debet.
678 3297 707 3358 Si
738 3297 814 3358 enim
843 3317 889 3358 ex.
917 3317 959 3377 gr.
988 3297 1075 3373 dicu,
1099 3317 1145 3360 me
1162 3299 1229 3376 jure
1249 3300 1333 3376 posse
1354 3305 1388 3362 de

202 3412 257 3472 hac
288 3411 383 3472 mensa
414 3409 557 3486 quicquid
588 3409 675 3472 velim
706 3411 819 3485 facere,
851 3429 910 3471 non
943 3411 1038 3471 hercle
1067 3411 1218 3491 intelligo,
1238 3416 1323 3489 quod
1340 3414 1388 3490 jus

202 3523 323 3584 habeam
344 3521 503 3596 efficiendi,
526 3537 558 3582 ut
579 3523 641 3582 haec
662 3522 758 3582 mensa
778 3523 895 3583 herbam
917 3524 1063 3584 comedat.
1084 3522 1132 3584 Sic
1153 3522 1255 3597 etiam,
1276 3524 1386 3585 rameth

203 3633 326 3695 dicimus
354 3633 486 3694 homines
515 3650 575 3694 non
596 3631 657 3707 sui,
678 3631 727 3692 sed
750 3631 891 3696 Civitatis
909 3631 984 3709 juris
1006 3631 1079 3707 esse,
1100 3652 1159 3694 non
1181 3633 1388 3713 intelligimus,

204 3748 286 3824 quod
312 3745 445 3807 homines
474 3759 606 3805 naturam
632 3745 785 3804 humanam
807 3744 960 3818 amittant,
981 3761 1011 3806 et
1031 3744 1115 3806 aliam
1136 3745 1278 3822 induant;
1298 3763 1387 3824 atque

203 3861 277 3920 adeo
309 3859 389 3934 quod
422 3855 536 3917 Civitas
564 3855 614 3932 J'us
646 3855 754 3916 habeat
785 3855 948 3931 efficiendi,
971 3873 1004 3918 ut
1026 3857 1159 3918 homines
1180 3859 1302 3933 volent,
1325 3862 1387 3932 vel,

204 3971 285 4046 quod
314 3985 397 4043 aeque
425 3965 594 4044 impossibile
622 3967 682 4042 est,
711 3982 745 4028 ut
771 3968 905 4029 homines
933 3986 998 4029 cum
1020 3969 1134 4029 honore
1154 3967 1320 4044 adspiciunt
1339 3989 1388 4044 ea,

204 4097 269 4157 quae
299 4078 385 4142 risum
416 4095 537 4140 movent
569 4081 615 4141 vel
648 4079 799 4156 nauseam
831 4079 881 4140 sed
910 4083 992 4156 quod
1013 4083 1146 4156 quadam
1167 4079 1387 4141 circumstantia

205 4204 372 4263 occurrant,
389 4189 496 4266 quibus
515 4189 616 4265 postris
634 4189 756 4264 ponitur
774 4189 956 4252 subditorum
975 4209 1041 4270 erga
1052 4191 1213 4252 Civitatem
1224 4195 1387 4253 reverentia

205 4317 355 4375 etmetus,
377 4316 406 4361 et
428 4301 534 4376 quibus
557 4299 677 4361 sublatis
699 4315 795 4362 metus
813 4318 844 4362 et
862 4303 1042 4378 reverentia,
1060 4319 1090 4364 et
1108 4321 1173 4364 cunt
1191 4303 1238 4364 his
1255 4303 1385 4381 Civitas,
