2934 4900
199 311 258 388 598
675 307 916 367 Tractatus
1011 260 1014 264 ¹

199 488 336 550 Pineham
367 487 472 568 elegit,
498 501 530 548 et
558 485 768 548 authoritatem
800 483 1006 560 pontificatum
1039 483 1258 546 administrandi
1291 487 1397 561 dedit,
1443 482 1453 583 l

200 619 287 679 quatu
306 601 407 677 postea
425 599 584 660 Pontifices
604 598 647 659 ita
667 597 873 672 retinuerunt,
894 611 929 656 ut
950 595 1140 657 nihilominus
1161 595 1276 671 Molis,
1301 596 1335 657 id
1357 597 1396 656 eli

198 711 315 774 summae
341 710 513 788 potestatis,
540 709 689 771 substituti
715 709 896 772 viderentur.
936 709 1030 784 Nam,
1059 722 1093 768 ut
1109 707 1170 784 jam
1192 707 1396 782 ostendimus,

199 822 303 885 Moses
329 823 441 884 nullum
466 821 579 898 imperii
609 819 798 883 successorem
826 819 933 900 elegit,
954 819 1004 882 sed
1026 819 1090 896 ejus
1110 819 1208 881 omnia
1230 819 1337 880 officia
1357 821 1397 880 ita

200 933 362 1011 distribuit,
386 951 421 996 ut
448 935 556 1012 posteri
584 934 648 1012 ejus
675 932 778 996 vicarii
806 932 859 996 vili
888 933 1014 1010 suerint,
1042 933 1093 1011 qui
1120 933 1294 1010 imperium,
1317 935 1396 1010 quasa

201 1066 252 1110 rex
279 1046 382 1108 absens
408 1045 496 1123 ell'et,
522 1065 583 1108 non
611 1061 762 1121 mortuus,
791 1043 1036 1107 administrabant.
1077 1044 1264 1107 insecundo
1286 1046 1396 1108 deinde

200 1159 323 1235 imperio
343 1159 403 1219 hoc
418 1159 470 1235 jus
489 1157 623 1220 absolute
644 1171 805 1219 tenuerunt
826 1155 1004 1232 Pontifices,
1025 1155 1178 1234 postquam
1200 1175 1270 1216 cum
1292 1157 1396 1233 ponti·

200 1273 291 1333 licatu
307 1271 357 1348 jus
378 1270 559 1348 principatus
587 1269 675 1332 etiam
703 1268 805 1345 adepti
834 1269 912 1331 sunt.
953 1269 1050 1352 Quare
1067 1267 1117 1344 jus
1138 1269 1338 1344 pontificatus
1360 1289 1394 1328 ex
1456 1211 1458 1318 i

202 1383 299 1446 edidlo
320 1381 434 1444 summae
456 1380 612 1458 potestatis
639 1381 751 1457 semper
775 1380 933 1458 dependit,
954 1399 1009 1442 nec
1030 1380 1189 1442 Pontifices
1211 1381 1242 1442 id
1263 1400 1393 1458 unquam
1457 1385 1458 1428 l

202 1495 256 1557 nisi
276 1513 342 1556 cum
362 1494 529 1571 principatu
548 1509 718 1556 tenuerunt.
761 1495 824 1555 lnto
840 1492 891 1569 jus
912 1492 988 1554 circa
1010 1496 1088 1553 sacra
1107 1511 1198 1569 penes
1219 1495 1325 1573 Reges
1346 1497 1393 1553 ab·

103 1661 117 1684 ,
202 1609 299 1670 solute
320 1607 378 1670 fuit
399 1608 449 1687 (ut
469 1627 507 1668 ex
527 1625 597 1668 mox
618 1607 750 1669 dicendis
768 1607 798 1668 in
817 1607 874 1668 line
895 1606 983 1684 hujus
1004 1605 1121 1683 Capitis
1137 1603 1280 1687 patebit),
1290 1621 1393 1683 praetet
1457 1633 1458 1638 ¹

202 1720 262 1782 hoc
281 1738 389 1796 unum,
410 1720 491 1796 quod
513 1738 615 1781 manus
633 1718 720 1780 sacris
730 1719 761 1781 in
773 1719 883 1796 templo
904 1717 1134 1780 administrandis
1155 1719 1316 1780 admovere
1335 1737 1392 1779 non

202 1833 327 1910 licebat,
354 1830 423 1910 quia
451 1851 569 1908 omnes,
597 1833 648 1911 qui
674 1832 754 1894 suam
774 1831 974 1912 genealogiam
997 1850 1034 1892 ex
1055 1831 1195 1892 Aharone
1218 1849 1283 1892 non
1305 1835 1393 1894 duce·

203 1948 292 2022 bant,
319 1944 437 2022 profani
463 1946 661 2022 habebantur;
690 1947 772 2022 quod
799 1944 867 2006 sane
895 1944 924 2004 in
954 1942 1118 2004 Christiano
1147 1942 1274 2019 imperio
1296 1945 1393 2004 locum
1457 1973 1458 2012 ι

204 2057 315 2118 nullum
345 2056 444 2117 habet.
485 2058 588 2134 Atque
618 2056 687 2118 ideo
718 2057 854 2119 dubitare
885 2074 946 2182 nor
968 2055 1135 2133 posumus,
1156 2057 1229 2134 quin
1249 2057 1393 2118 hodiema
1457 2033 1458 2106 Ῑ

203 2151 285 2230 sacta
314 2169 454 2248 (quorum
485 2168 694 2232 administratio
724 2169 882 2250 singulares
913 2187 1024 2245 mores,
1055 2187 1116 2230 non
1137 2184 1236 2230 autem
1255 2170 1393 2231 familiam

204 2279 339 2356 requirit,
360 2283 438 2342 unde
460 2300 513 2342 nec
531 2282 567 2357 ii,
585 2281 636 2359 qui
654 2282 807 2359 imperium
825 2296 942 2359 tenent,
959 2297 1097 2359 tanquam
1116 2283 1232 2358 profani
1243 2285 1282 2343 ab
1293 2286 1392 2344 eadem
1457 2299 1458 2302 ’

204 2391 407 2472 secluduntur)
428 2391 519 2455 solius
537 2392 611 2471 juris
632 2393 804 2457 summarum
826 2394 1005 2471 potestatum
1027 2393 1095 2471 fint;
1117 2409 1148 2455 et
1165 2413 1268 2472 nemo,
1287 2395 1339 2457 nifi
1358 2415 1392 2457 ex

205 2521 304 2565 eorum
323 2504 503 2566 authoritate
516 2508 564 2568 vel
574 2505 785 2583 concessurus
797 2506 1031 2583 potestatemque
1042 2510 1143 2569 eadem
1161 2508 1393 2584 administrandi,
1457 2570 1458 2587 1

205 2638 305 2682 eorum
337 2618 481 2681 ministros
512 2620 659 2699 eligendi,
690 2620 826 2683 Eccleliae
858 2622 1047 2683 fundamenta
1078 2620 1200 2699 eiusque
1231 2622 1393 2683 dodlrinarn

206 2733 416 2796 determinandi
444 2748 475 2794 et
501 2732 682 2810 stabiliendi,
709 2736 745 2795 de
773 2733 903 2796 moribus
925 2749 956 2795 et
976 2734 1097 2811 pietatis
1128 2734 1296 2797 astionibus
1313 2735 1393 2813 judi·
1457 2806 1458 2817 χ

206 2847 307 2922 candi,
338 2845 463 2922 aliquem
494 2844 767 2907 excommunicandi
798 2846 847 2908 vel
878 2846 908 2907 in
939 2845 1095 2907 Ecclesiam
1125 2845 1309 2922 recipiendi,
1339 2866 1393 2907 nec

206 2956 334 3035 denique
359 2957 538 3034 pauperibus
566 2957 743 3034 providendi
772 2960 871 3019 habet.
912 2960 1015 3035 Atque
1040 2958 1103 3019 haec
1124 2976 1185 3020 non
1205 2974 1323 3019 tantum
1343 2962 1393 3019 de-

206 3070 400 3131 monstrantur
430 3071 480 3148 (ut
507 3070 567 3147 J'am
602 3070 739 3149 fecimus)
772 3088 858 3147 vera,
885 3070 935 3132 sed
964 3071 1051 3131 etiam
1073 3070 1201 3146 apprime
1222 3068 1394 3145 necessaria,
1457 3114 1458 3117 ,

206 3197 265 3243 tam
286 3180 338 3257 ipss
360 3182 511 3261 Religioni
533 3202 619 3259 quam
640 3181 825 3258 Reipublicae
847 3181 1080 3257 conservationi,
1104 3180 1177 3258 elle;
1195 3198 1307 3243 norunt
1318 3182 1393 3244 enim

208 3312 329 3369 omncs,
350 3310 492 3371 quantum
510 3294 560 3371 jus
581 3309 611 3355 et
633 3294 798 3356 authoritas
820 3294 896 3356 circa
917 3294 993 3355 sacra
1015 3295 1094 3369 apud
1114 3295 1258 3370 populum
1278 3296 1394 3371 valeat,

207 3420 239 3465 et
259 3421 401 3481 quantum
427 3406 625 3484 unusquisque
654 3408 691 3467 ab
720 3406 784 3484 eJus
813 3424 863 3467 ore
891 3408 1036 3483 pendeat,
1064 3403 1115 3482 qui
1136 3407 1258 3466 eandem
1288 3406 1393 3483 habet;

207 3517 250 3578 ita
269 3533 304 3579 ut
325 3517 463 3579 affirmare
494 3518 599 3595 liceat,
631 3537 696 3580 eum
727 3517 851 3579 maxime
881 3518 911 3578 in
943 3516 1055 3578 animos
1084 3534 1202 3596 regnare
1213 3562 1223 3593 ,
1253 3518 1303 3579 cui
1332 3520 1394 3581 haec

208 3629 373 3690 authoritas
395 3630 548 3706 competit.
588 3630 620 3691 si
641 3629 708 3707 quis
729 3648 799 3709 ergo
821 3630 896 3691 hanc
917 3628 1033 3691 summis
1053 3628 1248 3705 potestatibus
1270 3631 1394 3693 adimere

208 3742 289 3817 vult,
309 3741 335 3802 is
355 3740 507 3819 imperium
536 3740 667 3805 dividere
695 3742 809 3819 studet;
838 3760 876 3801 ex
898 3760 958 3819 quo
980 3740 1153 3817 necessario,
1174 3757 1207 3803 ut
1228 3743 1298 3803 olim
1320 3744 1394 3804 inter

209 3854 399 3914 Hebraeorum
431 3856 529 3933 Reges
561 3870 592 3915 et
623 3854 805 3931 Pontifices,
842 3854 1051 3915 contentiones
1082 3870 1112 3915 et
1142 3854 1294 3915 discordiae
1327 3856 1393 3917 oriri

209 3966 377 4040 debebunt,
398 3983 464 4042 quae
485 3984 634 4043 nunquam
655 3966 747 4027 sedari
768 3965 895 4043 poliunt.
916 3968 996 4042 lmo,
1018 3966 1069 4043 qui
1090 3966 1165 4027 hanc
1186 3967 1393 4029 authoritatem
1457 3970 1458 3977 ’

210 4075 326 4137 summis
356 4077 553 4152 potestatibus
583 4078 707 4141 adimere
740 4079 853 4156 studet,
879 4078 905 4139 is
932 4078 1010 4141 viam
1037 4078 1087 4157 (ut
1106 4078 1166 4155 jam
1194 4079 1336 4159 diximus)
1358 4084 1392 4141 ad
1457 4122 1458 4167 1

210 4189 362 4266 imperium
390 4190 515 4251 affestat.
555 4193 631 4251 Nam
652 4190 725 4267 quid
746 4190 815 4267 ipsae
837 4192 991 4251 decernere
1018 4188 1154 4266 possunt,
1175 4188 1196 4249 fi
1216 4190 1274 4249 hoc
1294 4188 1391 4251 iisdem
1457 4184 1458 4189 ’

207 4298 258 4378 jus
285 4299 469 4376 denegatur?
497 4298 569 4361 nihil
597 4301 730 4378 profesto
758 4319 813 4361 nec
842 4304 877 4362 de
899 4302 978 4364 bello
1000 4320 1053 4363 nec
1075 4304 1112 4362 de
1133 4302 1193 4365 ullo
1215 4318 1390 4379 quocunque
