2934 4900
361 324 416 383 De
457 321 685 386 Servitute
725 324 917 385 Humana.
1171 340 1227 402 243

39 496 136 577 Quare
157 496 306 573 hominis,
333 498 384 573 qui
411 498 542 559 Ratione
563 498 698 575 ducitur,
718 498 784 559 linis
806 498 940 574 ultimus,
962 498 1021 559 hoc
1044 498 1099 572 est,
1122 497 1228 557 summa

39 606 217 683 Cupiditas,
244 626 303 684 qua
330 608 456 685 reliquas
484 627 586 670 omnes
613 610 756 672 moderari
777 610 890 687 studet,
912 610 952 671 est
973 610 1036 687 illa,
1059 630 1114 687 qua
1137 611 1228 671 fertur

38 723 72 781 ad
99 722 147 797 se,
177 720 281 798 resque
311 739 428 799 omnes,
456 740 522 800 quae
544 721 596 783 sub
617 721 706 799 ipsius
726 722 948 803 intelligentiam
970 726 1072 783 cadere
1094 721 1228 799 poliunt,

40 835 197 909 adaequate
217 834 453 910 concipiendum.

509 976 690 1039 CAPUT
731 978 770 1038 V.

79 1088 170 1147 Nulla
201 1087 291 1166 igitur
321 1089 383 1149 vita
413 1088 565 1150 rationalis
595 1090 637 1149 est
666 1089 725 1149 line
757 1090 966 1175 intelligentia;
987 1104 1018 1149 et
1038 1107 1083 1149 res
1105 1104 1227 1151 eatenus

44 1214 155 1260 tantum
174 1202 262 1260 bonae
279 1198 362 1275 sunt,
381 1216 526 1277 quatenus
544 1201 691 1262 hominem
705 1201 830 1277 juvant,
846 1216 881 1263 ut
899 1200 1013 1261 Mentis
1024 1201 1085 1263 vira
1105 1203 1227 1276 fruatur,

45 1330 105 1385 que
126 1311 323 1389 intelligentia
343 1312 489 1373 definitur.
511 1314 586 1394 Quae
608 1329 705 1375 autem
727 1328 831 1373 contra
853 1312 1034 1389 impediunt,
1051 1330 1111 1389 quo
1133 1312 1227 1373 minus

44 1424 128 1483 homo
150 1423 311 1483 Rationem
332 1424 469 1499 perlicere
490 1440 520 1484 et
541 1422 676 1485 rationali
697 1424 760 1486 vita
783 1423 838 1483 frui
857 1424 958 1500 polsrt,
977 1442 1027 1483 eas
1045 1423 1227 1484 solummodo

43 1537 124 1596 malas
145 1534 203 1597 esse
224 1535 356 1598 dicimus.

498 1662 678 1725 CAPUT
719 1664 772 1723 Vl.
1026 1748 1027 1751 Ἴ

79 1776 137 1836 Sed
163 1775 233 1852 quia
261 1773 358 1835 omnia
385 1773 450 1850 illa,
475 1793 600 1850 quorum
621 1764 711 1836 homo
733 1774 862 1835 officiens
885 1775 925 1835 est
947 1774 1048 1850 causa,
1070 1772 1226 1834 necessario

45 1889 117 1947 bona
146 1886 231 1962 sunt,
258 1886 330 1946 nihil
358 1904 427 1964 ergo
456 1886 522 1963 mali
543 1883 655 1948 homini
676 1885 792 1949 evenire
815 1884 930 1961 potest,
950 1885 1002 1946 nist
1024 1904 1039 1944 a
1061 1886 1152 1947 causts
1174 1904 1225 1945 ex-

48 1998 148 2075 temis3
169 2016 272 2073 nempe
294 2012 440 2074 quatenus
461 2016 527 2073 pars
545 1997 585 2059 est
604 1998 699 2059 totius
715 2000 852 2075 Natura,
871 1997 954 2074 cujus
972 1997 1086 2077 legibus
1102 1998 1225 2057 humana

47 2126 145 2170 natura
173 2113 392 2186 obtemperare,
420 2126 450 2170 et
477 2109 526 2171 cui
553 2109 675 2170 infinitis
702 2110 797 2170 modis
827 2128 900 2187 pene
928 2109 986 2169 sese
1008 2112 1227 2171 accommodare

48 2226 167 2302 cogitur.

489 2336 669 2397 CAPUT
710 2336 801 2395 Vll'

83 2450 146 2508 Nec
172 2449 234 2508 fieri
263 2436 376 2524 potest,
403 2465 437 2509 ut
464 2451 553 2509 homo
581 2467 643 2508 non
670 2445 706 2508 stt
733 2449 854 2508 Naturae
883 2467 966 2524 pars,
992 2463 1021 2510 et
1043 2467 1225 2511 communem

50 2560 107 2635 ejus
127 2560 257 2622 ordinem
278 2579 338 2620 nou
361 2559 511 2637 sequatur;
533 2561 583 2621 sed
604 2559 625 2618 st
646 2559 723 2620 inter
743 2559 811 2620 talia
834 2559 986 2622 individua
1009 2560 1148 2636 versetur,
1159 2581 1224 2636 quae

51 2689 107 2730 cum
134 2671 222 2747 ipsius
250 2671 377 2732 hominis
405 2687 507 2732 natura
533 2671 733 2745 conveniunt,
756 2689 791 2730 eo
813 2671 877 2747 ipso
898 2671 1024 2732 hominis
1046 2673 1148 2750 agendi
1171 2691 1225 2748 po-

52 2785 133 2844 rentia
149 2783 305 2860 juvabitur
325 2800 355 2844 et
376 2783 536 2845 fovebitur.
579 2785 621 2844 At
642 2782 662 2842 fi
685 2798 787 2842 contra
809 2783 886 2842 inter
906 2783 974 2844 talia
996 2783 1052 2860 fit,
1073 2803 1138 2860 quae
1160 2805 1225 2845 cum

52 2893 130 2966 ipsius
151 2910 255 2955 tratura
277 2895 392 2955 minime
413 2895 677 2970 conveniunt‚vix
700 2895 808 2970 absque
830 2913 931 2973 magna
953 2895 1041 2970 ipsius
1062 2895 1225 2957 mutatione

53 3003 139 3066 iisdem
160 3005 219 3066 sese
241 3009 458 3068 accommodare
479 3007 600 3083 poterit.

482 3183 663 3245 CAPUT
704 3183 786 3244 Vlll.

87 3293 234 3377 Quicquid
254 3295 285 3356 in
305 3313 398 3356 rerum
419 3296 533 3356 Natura
554 3297 650 3368 datur,
670 3297 752 3370 quod
769 3293 934 3370 judicamus
955 3295 1059 3355 malum
1080 3293 1225 3370 elle,s1ve

56 3404 120 3476 polle
150 3405 308 3482 impedire,
337 3423 398 3482 quo
429 3406 525 3467 minus
555 3405 676 3466 existere
698 3420 728 3464 et
751 3405 811 3468 vita
832 3405 968 3466 rationali
990 3404 1046 3467 frui
1068 3424 1226 3484 queamus,

56 3513 109 3577 ida
130 3518 217 3579 nobis
238 3535 387 3582 removere
407 3535 443 3578 ea
462 3518 526 3592 via,
547 3535 612 3594 quae
634 3516 761 3578 securior
782 3517 916 3594 videtur,
932 3516 1016 3592 licet;
1035 3532 1065 3578 et
1084 3517 1225 3593 quicquid

57 3632 267 3704 contradatur,
297 3631 379 3706 quod
396 3628 563 3705 judicamus
583 3631 694 3689 bonum
715 3627 775 3690 live
796 3629 869 3690 utile
891 3627 944 3690 elle
966 3631 1002 3690 ad
1023 3629 1149 3690 nostrum
1171 3628 1225 3690 else

57 3741 293 3812 conservandum,
323 3755 353 3800 et
384 3740 447 3804 vita
478 3740 612 3802 rationali
651 3741 826 3816 fruendum,
858 3740 887 3802 id
919 3743 954 3802 ad
985 3741 1111 3803 nostrum
1143 3740 1225 3804 usum

57 3867 162 3930 opere,
187 3867 218 3913 et
243 3870 280 3912 eo
302 3868 481 3928 quocunque
509 3853 599 3912 modo
620 3851 664 3912 uti
686 3852 773 3912 nobis
793 3851 881 3928 licet;
903 3867 932 3912 et
953 3852 1085 3914 absolute
1107 3853 1137 3914 id
1160 3852 1224 3914 uni-

57 3961 148 4038 cuique
176 3964 286 4025 summo
314 3965 434 4026 Naturae
458 3963 523 4041 jure
553 3966 646 4026 facere
673 3964 760 4041 licet,
789 3967 870 4042 quod
892 3967 927 4026 ad
950 3963 1038 4040 ipsius
1067 3966 1224 4026 utilitatem

57 4076 173 4136 conferre
188 4076 314 4152 iudicat.

499 4203 677 4264 CAPUT
718 4204 770 4264 IX.

87 4314 162 4377 lsrhil
182 4316 274 4396 magis
294 4333 358 4376 cum
380 4331 482 4376 natura
500 4315 623 4393 alicujus
640 4316 681 4377 rei
699 4315 858 4381 convenire
878 4315 988 4392 potest,
1007 4332 1092 4392 quam
1113 4313 1222 4392 reliqua
