2934 4900
381 341 437 400 De
478 337 708 400 Libertate
749 340 941 401 Humana.
1194 353 1253 417 259

66 513 180 575 Mentis
207 514 359 590 potentia,
386 533 444 592 qua
471 533 518 577 res
536 516 697 597 intelligere
719 534 844 589 conatur
865 517 937 597 (per
956 518 1045 596 Prop.
1066 518 1114 577 26.
1132 530 1164 595 p.
1184 516 1252 595 4.),

67 643 126 686 non
143 625 321 704 impeditur,
338 642 427 705 arque
445 631 520 691 adeo
537 630 652 692 tamdiu
668 630 843 707 potestatem
862 631 1051 692 habetclaras
1062 644 1093 690 et
1104 628 1251 691 distinctas

68 736 147 799 ideas
168 739 328 815 formandi,
356 755 386 801 et
408 740 479 801 alias
499 760 537 803 ex
556 741 622 803 aliis
643 743 808 805 deducendi
831 742 912 822 (vide
932 761 961 805 2.
982 740 1073 803 Schol.
1094 742 1183 821 Prop.
1203 759 1252 821 40.

67 865 95 911 et
119 848 213 911 Sclrol.
239 853 329 933 Prop.
350 871 399 933 47.
421 869 454 934 p.
481 855 541 934 2.);
570 871 606 915 et·
629 856 844 933 consequenter
880 856 951 935 (per
979 858 1068 935 Prop.
1100 872 1124 916 1.
1152 853 1252 933 liujus)

69 963 181 1023 tamdiu
210 964 384 1039 potestatem
415 965 555 1026 habemus
587 964 743 1027 ordinandi
775 981 805 1026 et
836 964 1049 1025 concatenandi
1081 963 1251 1024 affesiionss

69 1074 212 1151 Corporis
233 1076 390 1138 secundum
412 1076 543 1139 ordinem
566 1082 601 1139 ad
623 1078 811 1141 inteilesium.
855 1079 889 1154 Q.
910 1079 947 1139 Ε.
968 1078 1008 1139 D.

532 1224 547 1265 s
560 1224 578 1265 c
591 1224 614 1265 rr
627 1224 646 1266 0
658 1224 679 1265 ι.
692 1224 704 1266 ι
717 1224 740 1266 υ
752 1224 790 1266 ar.

107 1302 172 1361 Hac
193 1300 339 1377 potestate
360 1304 435 1363 resse
457 1302 611 1364 ordinandi
632 1317 663 1362 et
684 1300 899 1362 concatenandi
921 1299 1063 1375 Corporis
1084 1298 1253 1361 affesiioaes

69 1412 182 1475 efficere
212 1414 376 1491 possumus,
406 1430 440 1477 ut
471 1434 532 1476 non
565 1414 649 1475 facile
682 1413 764 1474 malis
792 1412 944 1474 affedibus
973 1412 1137 1473 afficiamur.
1178 1415 1253 1473 Nam

68 1525 138 1601 (per
157 1526 247 1605 Prop.
267 1530 295 1601 7.
316 1525 416 1604 lrujus)
437 1524 529 1601 major
549 1523 595 1586 vis
615 1521 772 1599 requiritur
793 1523 830 1583 ad
851 1521 988 1599 affesius,
1018 1522 1176 1584 secundum
1206 1540 1253 1583 or·

68 1635 163 1697 dinem
191 1639 229 1699 ad
256 1636 434 1700 inteliesium
456 1637 610 1697 ordinatos
631 1650 662 1695 et
683 1648 914 1711 concatenatos,
935 1636 1146 1709 cosrcendum,
1167 1651 1252 1707 quam

67 1746 196 1809 incertos
217 1764 247 1810 et
268 1767 371 1827 vagos.
390 1748 543 1824 Optimum
565 1746 669 1825 igitur,
691 1749 775 1823 quod
796 1745 910 1806 efficere
932 1744 1095 1823 possumus,
1115 1742 1254 1821 quamdiu

69 1861 230 1923 nostrorum
247 1863 404 1924 affeduum
423 1862 579 1937 persediam
602 1841 804 1938 cognitionem
827 1876 886 1919 non
907 1857 1062 1933 habemus,
1078 1856 1132 1932 est,
1150 1857 1253 1916 restam

69 1970 190 2034 vivendi
210 1972 369 2047 rationem,
389 1972 440 2033 seu
461 1987 541 2033 certa
563 1971 634 2034 vitae
653 1973 791 2049 dogmata
810 1969 980 2045 concipere,
999 1988 1091 2045 eaque
1110 1967 1253 2029 memoriae

71 2084 219 2160 mandare,
241 2100 270 2143 et
291 2086 379 2145 rebus
398 2082 638 2159 particularibus,
659 2082 689 2142 in
709 2081 774 2145 vita
794 2083 963 2159 frequenter
984 2081 1097 2159 obviis,
1109 2080 1253 2142 continuo

73 2196 233 2271 applicare,
255 2213 289 2258 ut
310 2196 349 2256 hc
369 2196 467 2257 nostra
487 2195 658 2274 imaginatio
680 2197 740 2257 late
761 2194 861 2256 iisdem
885 2195 1044 2273 afficiatur,
1064 2211 1093 2255 et
1116 2195 1203 2256 nobis
1224 2196 1253 2255 in

73 2323 209 2383 promptu
236 2306 292 2368 sint
320 2308 441 2384 semper.
480 2310 537 2369 Ex.
557 2327 601 2387 gr.
622 2308 698 2369 inter
726 2310 796 2372 vitae
828 2312 965 2387 dogmata
993 2307 1144 2384 posuimus
1173 2308 1254 2385 (uide

71 2419 159 2498 prop.
178 2422 228 2501 46.
245 2434 278 2500 p.
299 2442 327 2501 4.
348 2440 410 2483 cum
429 2423 553 2501 ejusdem
573 2421 697 2502 Sestos),
718 2422 826 2485 Odium
847 2423 956 2484 Amore
978 2421 1029 2483 seu
1050 2420 1253 2484 Generosrtate

72 2532 262 2610 vincendum,
289 2553 351 2595 aon
378 2551 476 2596 autem
505 2535 657 2612 reciproco
685 2535 765 2598 Odio
794 2534 1047 2611 compensandum.
1089 2537 1134 2596 Ut
1157 2552 1253 2596 autem

71 2643 128 2702 hoc
156 2644 295 2706 Rationis
326 2645 526 2723 praescriptum
558 2647 669 2723 semper
689 2646 718 2707 in
740 2661 881 2722 promptu
908 2647 1082 2721 habeamus,
1112 2646 1161 2706 ubi
1185 2646 1253 2707 usus

73 2755 141 2830 trit,
160 2757 326 2834 cogitanda
345 2774 376 2820 ct
394 2759 469 2836 saepe
488 2761 662 2822 meditanda
681 2759 748 2820 sunt
766 2777 934 2820 communes
956 2759 1104 2819 hominum
1126 2757 1254 2834 injuriae,

73 2871 273 2942 ecquomodo
300 2886 332 2930 et
359 2889 416 2947 qua
438 2871 485 2934 via
506 2871 710 2932 Generositare
740 2871 851 2948 optime
873 2869 1096 2948 propulsentur3
1118 2869 1155 2930 src
1177 2869 1252 2930 eninr

74 2977 220 3057 imaginem
252 2980 365 3057 injuria
398 2982 598 3062 imaginationi
630 2983 719 3060 hujus
750 2981 897 3061 dogmatis
921 2983 1093 3060 jungemus,
1115 2997 1146 3042 et
1167 2979 1253 3041 nobis

75 3090 141 3168 (per
159 3095 249 3172 Prop.
274 3095 320 3154 18.
335 3107 369 3174 p.
390 3095 434 3173 2.)
464 3094 494 3155 in
528 3111 669 3171 promptu
699 3095 811 3172 semper
842 3095 917 3171 erit,
948 3093 999 3155 ubi
1031 3093 1118 3154 nobis
1149 3091 1253 3168 injuria

79 3201 217 3264 afferetur.
259 3205 350 3285 Quod
378 3205 398 3266 sr
426 3206 514 3266 etiam
546 3206 576 3268 in
608 3223 748 3283 promptu
779 3205 963 3266 habuerimus
993 3203 1134 3266 rationem
1166 3204 1254 3264 nostri

79 3314 131 3374 veri
153 3316 252 3390 utilis,
273 3336 307 3377 ac
329 3317 416 3378 etiam
438 3318 527 3393 boni,
555 3321 637 3394 quod
658 3338 696 3378 ex
718 3334 818 3380 mutua
840 3317 966 3378 amicitia
988 3335 1018 3378 et
1039 3315 1186 3377 communi
1207 3315 1252 3376 so-

77 3425 176 3488 tietate
205 3427 352 3504 sequitur,
380 3445 411 3490 er
439 3444 579 3505 practerea
607 3432 690 3506 quod
711 3449 749 3490 ex
771 3431 846 3492 rosia
870 3429 990 3494 vivendi
1012 3429 1125 3490 ratione
1147 3430 1252 3490 summa

77 3539 156 3599 animi
176 3539 393 3617 acquiescentia
415 3542 526 3602 oriatur
547 3543 619 3620 (per
639 3545 728 3622 Prop.
751 3557 798 3618 52.
816 3557 848 3623 p.
870 3544 933 3625 4.),
953 3560 982 3603 et
1004 3546 1086 3621 quod
1106 3543 1253 3617 homines,

78 3665 105 3708 ur
131 3651 260 3728 reliqua,
290 3671 328 3712 ex
360 3667 469 3714 naturae
500 3655 665 3714 necessitate
693 3672 797 3733 agant:
823 3672 885 3716 tum
907 3653 1026 3732 injuria,
1047 3655 1106 3717 srve
1128 3653 1252 3729 Odium,

77 3765 150 3835 quod
171 3781 209 3824 ex
231 3765 331 3823 eadem
351 3763 423 3825 oriri·
441 3764 532 3841 solet,
550 3765 695 3828 minimam
713 3766 930 3846 imaginationis
948 3781 1059 3842 partem
1077 3766 1252 3842 occupabit,

77 3890 102 3935 et
123 3877 206 3938 sacile
227 3877 424 3955 superabitu13
446 3881 495 3941 vel
515 3880 535 3939 sr
557 3882 617 3956 Ira,
639 3900 705 3957 quae
726 3900 763 3942 ex
786 3880 917 3942 maximis
936 3880 1049 3958 injuriis
1075 3881 1144 3941 oriri
1161 3879 1252 3956 solet,

77 4003 131 4047 aon
160 3991 237 4049 adeo
268 3988 352 4050 satile
384 3991 552 4067 superetur,
583 3992 767 4068 superabitur
797 4009 911 4068 tamen,
943 3991 1076 4069 quamvis
1105 4010 1165 4052 non
1192 3991 1251 4051 srne

66 4097 156 4159 animi
183 4101 393 4178 fluduatione,
419 4103 506 4180 longe
528 4103 640 4164 minore
662 4103 803 4180 temporis
825 4104 937 4181 spatio,
958 4123 1044 4182 quam
1066 4103 1086 4164 sr
1107 4104 1169 4164 haec
1191 4122 1250 4164 non

76 4206 111 4269 ita
133 4212 335 4287 praemedidata
356 4213 565 4290 habuissemus,
593 4232 627 4278 ut
654 4233 737 4292 patet
765 4235 802 4276 ex
834 4216 1037 4292 Proposrtione
1056 4219 1094 4292 6,
1115 4231 1151 4293 7,
1171 4231 1201 4276 ct
1224 4217 1251 4275 8.

77 4320 157 4398 hujus
177 4326 279 4387 Partis.
320 4327 366 4386 De
387 4326 582 4388 Animosrtate
604 4331 641 4388 ad
662 4329 778 4388 Merum
807 4331 1014 4403 deponendum
1036 4330 1139 4389 eodem
1161 4329 1251 4390 modo
