2934 4900
377 350 688 411 Emendatione
719 350 967 409 Tractatus.
1227 358 1265 421 25

73 529 214 589 habemus
235 527 450 607 cogitationes,
471 526 529 589 five
551 527 640 587 ideas.
662 528 780 587 Motum
802 526 878 586 enim
901 524 1069 586 semicirculi
1090 524 1190 586 falsum
1211 524 1265 585 elie

73 639 224 715 vidimus,
252 640 304 700 ubi
326 642 423 700 nudus
444 639 472 698 in
494 654 589 699 mente
611 637 666 713 est;
695 656 759 699 eum
781 637 875 713 ipsum
896 656 992 698 autem
1013 656 1131 709 verum,
1151 638 1171 698 sr
1193 656 1265 698 con-

74 752 175 828 ceptui
206 752 290 831 globi
318 751 476 831 jungatur,
506 752 554 813 vel
585 751 745 827 conceptui
775 750 898 827 alicujus
927 751 1019 812 causac
1047 752 1132 811 talem
1144 766 1265 829 ‚motum

76 863 309 925 determinantia.
348 865 439 945 Quod
467 862 488 923 fi
516 865 552 923 de
583 878 684 923 natura
717 861 793 923 entis
824 861 984 941 cogitantis
1015 861 1070 936 stt,
1100 861 1144 922 uti
1175 861 1266 938 prima

75 976 175 1035 fronte
203 974 338 1050 videtur,
365 974 563 1053 cogitationes
591 990 674 1035 veras
702 972 761 1034 save
792 977 960 1049 adaquatos
991 974 1134 1048 formare,
1155 990 1264 1035 certum

75 1088 133 1161 est,
154 1088 234 1150 ideas
255 1088 454 1163 inadequatas
474 1106 511 1145 ex
532 1104 569 1146 eo
591 1101 703 1146 tantum
717 1084 755 1144 ‘in
779 1085 864 1146 nobis
883 1085 967 1159 oriri,
985 1090 1066 1162 quod
1085 1104 1150 1161 pars
1168 1085 1265 1147 sumus

74 1200 201 1279 alicujus
228 1200 306 1261 entis
333 1198 509 1278 cogitantis,
537 1198 620 1275 cujus
649 1200 781 1274 quaedam
802 1198 1000 1277 cogitationes
1020 1219 1057 1260 ex
1078 1216 1164 1275 toto,
1184 1220 1264 1277 quac·

73 1314 140 1371 dam
162 1330 200 1373 ex
222 1327 304 1389 parte
326 1327 439 1372 tantum
460 1312 583 1372 nostram
605 1326 730 1371 mentem
753 1310 945 1371 constituunt.

113 1425 172 1483 Sed
194 1426 277 1500 quod
298 1424 391 1485 adhue
412 1422 495 1485 venit
517 1424 773 1497 considerandum,
795 1440 825 1483 ct
847 1425 927 1499 quod
950 1423 1024 1483 circa
1045 1422 1263 1485 ficiionemnon

72 1534 132 1595 luit
164 1552 263 1610 opcrae
294 1534 418 1611 pretium
450 1550 572 1609 notare,
605 1552 634 1595 et
665 1534 716 1595 ubi
748 1534 869 1595 maxima
902 1538 987 1595 datur
1017 1534 1176 1611 deceptio,
1207 1536 1265 1608 cst,

74 1650 198 1725 quando
221 1646 385 1725 contingit,
413 1662 446 1708 ut
468 1649 620 1723 quaedam,
646 1664 710 1721 quae
731 1646 762 1706 in
784 1645 990 1724 imaginatione
1011 1644 1189 1720 offeruntur,
1209 1646 1264 1706 sant

72 1760 163 1820 etiam
194 1760 226 1819 in
258 1758 423 1832 intelleciu,
453 1758 510 1818 hoe
539 1756 595 1832 est,
623 1760 704 1833 quod
733 1760 807 1818 clare
836 1774 866 1818 et
888 1756 1019 1819 distincte
1040 1756 1263 1834 concipiantur;

73 1875 159 1949 quod
180 1888 265 1947 tum,
285 1869 425 1947 quamdiu
445 1870 606 1931 distindium
625 1890 640 1931 a
659 1870 784 1931 confuso
805 1888 865 1931 non
887 1869 1264 1949 distinguitur,certitud0,

73 1984 132 2044 hoc
156 1982 199 2042 est
221 1982 285 2043 idea
309 2000 396 2055 vera,
418 2000 483 2042 cum
505 1999 565 2041 non
586 1980 726 2043 distinctis
756 1980 965 2042 commiscetur.
1005 1980 1062 2041 Ex.
1083 1998 1123 2059 gr.
1145 1980 1262 2056 quidam

73 2094 246 2155 Stoicorum
268 2096 343 2155 forte
365 2092 541 2155 audiverunt
562 2111 667 2153 nonten
689 2091 809 2165 atrimae,
830 2108 861 2153 et
881 2091 967 2153 etiam
990 2094 1071 2168 quod
1092 2091 1126 2152 stt
1147 2090 1263 2153 immor-

73 2206 164 2281 talis,
195 2225 261 2282 quae
293 2222 406 2266 tantum
434 2204 555 2266 confuse
584 2204 832 2284 imaginabantur;
853 2205 1085 2284 imaginabantur
1104 2205 1212 2280 etiam,
1233 2221 1263 2266 et

1 2390 2 2401 χ
73 2316 157 2379 srmttl
179 2317 401 2395 intelligebant,
421 2336 544 2393 corpora
566 2316 739 2378 subtiliffima
761 2333 865 2377 caetera
886 2318 983 2377 omnia
1004 2331 1175 2392 penetrare,
1195 2333 1225 2377 et
1246 2337 1262 2378 a

73 2426 163 2486 nullis
192 2425 344 2502 penetrari.
376 2425 450 2487 Cum
471 2427 533 2488 lraee
555 2426 651 2488 omnia
673 2424 753 2487 fimul
773 2426 1024 2505 imaginabantur,
1044 2426 1262 2488 concomitante

73 2538 229 2600 certudinc
259 2537 348 2614 hujus
379 2537 554 2612 axiomatis,
585 2537 677 2598 statim
709 2537 781 2598 certi
810 2541 1025 2613 reddebantur,
1055 2555 1179 2599 mentem
1208 2540 1263 2601 elie

75 2649 252 2710 subtiliffima
283 2649 330 2709 illa
360 2668 504 2725 corpora,
532 2665 561 2708 et
583 2648 756 2710 subtilillrma
778 2649 825 2710 illa
847 2668 969 2726 corpora
992 2668 1051 2710 non
1073 2650 1186 2724 dividi,
1206 2667 1262 2711 etc.

73 2765 133 2824 Sed
166 2765 203 2822 ab
235 2764 292 2824 hoc
324 2761 410 2823 etiam
441 2762 612 2837 liberamur,
635 2765 702 2824 dum
724 2781 864 2824 conamur
885 2767 921 2825 ad
942 2783 1069 2825 normam
1090 2769 1164 2827 datae
1187 2786 1263 2828 verae

74 2875 150 2936 idcae
172 2895 274 2936 omnes
294 2875 404 2937 nostras
425 2874 628 2952 perceptiones
650 2875 824 2951 examinare,
845 2879 989 2950 cavend0,
1010 2877 1054 2938 uti
1076 2876 1164 2939 initio
1187 2878 1263 2939 dixi-

72 3009 161 3064 mus,
190 2994 227 3051 ab
258 2991 315 3064 iis,
346 3009 418 3067 quas
449 3009 486 3050 ex
517 2991 640 3064 atrditu,
670 3006 722 3051 aut
754 2993 790 3050 ab
818 2990 998 3066 experientia
1020 3011 1094 3070 vaga
1114 2994 1262 3053 habemus.

1 3147 2 3154 a
74 3105 163 3164 Adde
196 3105 278 3178 quod
309 3101 375 3162 talis
406 3101 543 3176 deceptio
576 3121 613 3162 ex
645 3120 681 3162 eo
711 3101 824 3175 oritur,
852 3103 934 3178 quod
954 3119 999 3162 res
1021 3103 1106 3163 nimis
1126 3103 1262 3164 abstracte

72 3214 263 3290 concipiunt:
284 3233 349 3274 nam
371 3234 422 3291 per
444 3213 472 3274 sc
494 3215 562 3276 statis
585 3217 691 3276 clarerm
714 3215 769 3288 est,
790 3233 835 3274 me
859 3215 945 3287 illud,
965 3217 1048 3290 quod
1069 3213 1098 3273 in
1120 3214 1172 3274 suo
1190 3232 1262 3275 vero

71 3327 193 3402 objciio
215 3325 366 3402 concipio,
385 3325 466 3386 alteri
490 3345 549 3386 non
572 3325 650 3402 polle
672 3326 827 3402 applicare.
849 3326 950 3386 Oritur
970 3325 1097 3402 denique
1117 3325 1204 3385 etiarn
1225 3345 1263 3385 ex

69 3457 129 3512 eo,
160 3440 244 3513 quod
275 3435 365 3514 prima
388 3439 527 3497 clementa
557 3436 651 3498 totius
674 3439 795 3498 Natura
816 3456 877 3498 non
898 3435 1085 3516 intelligunt3
1107 3439 1183 3498 unde
1205 3438 1263 3497 sane

72 3549 176 3610 ordine
208 3550 418 3624 procedendo,
449 3563 478 3608 et
500 3541 639 3610 Naturam
672 3567 738 3610 cum
769 3548 936 3622 abstrudis,
966 3547 1099 3624 quamvis
1120 3548 1174 3608 lint
1195 3567 1263 3609 vera

73 3661 244 3736 axiomata,
274 3661 506 3734 confundend0,
536 3661 564 3721 se
596 3660 678 3738 ipsos
697 3663 905 3734 confundunt,
933 3660 1122 3736 ordinemque
1143 3663 1262 3722 Naturae

75 3791 258 3852 pervertunt.
300 3775 397 3835 Nobis
418 3791 536 3849 autem,
558 3775 576 3835 st
600 3794 686 3851 quam
707 3774 823 3835 minime
845 3775 982 3836 abstracte
1004 3778 1215 3850 procedamus,
1236 3793 1266 3837 et

76 3909 91 3948 a
112 3887 213 3966 primis
235 3887 398 3963 elementis,
418 3888 474 3947 hoc
495 3887 536 3947 est
555 3907 570 3948 a
590 3888 673 3949 forare
695 3905 724 3948 et
747 3886 859 3966 origine
880 3890 1016 3962 Naturae,
1036 3907 1122 3963 quam
1144 3888 1265 3964 primum
1335 3906 1338 3911 ·

74 3998 135 4059 sacri
169 3997 282 4074 potest,
309 3997 496 4072 incipiamus,
524 3999 604 4058 nullo
633 4000 722 4059 modo
753 3997 818 4058 talis
848 3997 985 4073 deceptio
1017 3997 1072 4059 erit
1102 4001 1266 4058 metuenda.

75 4111 167 4192 Quod
198 4125 296 4168 aurem
328 4109 435 4168 attinet
466 4111 503 4169 ad
533 4108 732 4188 cognitionem
766 4109 886 4188 originis
913 4111 1055 4183 Natura,
1086 4109 1201 4168 minime
1227 4110 1267 4168 est

74 4223 257 4295 timendum,
288 4239 323 4282 ne
356 4239 417 4282 eam
439 4240 514 4288 ‚cum
546 4221 693 4282 abstractis
724 4222 958 4283 confundamus:
981 4241 1046 4281 nam
1068 4240 1134 4282 cum
1156 4221 1267 4298 aliquid

73 4335 214 4395 abstrafte
243 4332 428 4408 concipitur,
456 4333 499 4393 uti
528 4333 595 4394 stant
622 4333 718 4392 omnia
741 4331 911 4393 universalia
919 4377 929 4406 ,
949 4331 1060 4408 semper
1079 4332 1167 4394 latius
1187 4353 1267 4394 com-
