<?xml version="1.0" encoding="UTF-8"?>
<!DOCTYPE html PUBLIC "-//W3C//DTD XHTML 1.0 Transitional//EN"
    "http://www.w3.org/TR/xhtml1/DTD/xhtml1-transitional.dtd">
<html xmlns="http://www.w3.org/1999/xhtml" xml:lang="en" lang="en">
 <head>
  <title>
</title>
<meta http-equiv="Content-Type" content="text/html;charset=utf-8" />
  <meta name='ocr-system' content='tesseract 3.04.00' />
  <meta name='ocr-capabilities' content='ocr_page ocr_carea ocr_par ocr_line ocrx_word'/>
</head>
<body>
  <div class='ocr_page' id='page_1' title='image "benedictidespin02landgoog_0594.png"; bbox 0 0 2934 4900; ppageno 0'>
   <div class='ocr_carea' id='block_1_1' title="bbox 190 307 906 383">
    <p class='ocr_par' dir='ltr' id='par_1_1' title="bbox 190 307 906 383">
     <span class='ocr_line' id='line_1_1' title="bbox 190 307 906 383; baseline -0.004 -14"><span class='ocrx_word' id='word_1_1' title='bbox 190 317 251 383; x_wconf 79' lang='lat'>570</span> <span class='ocrx_word' id='word_1_2' title='bbox 666 307 906 368; x_wconf 71' lang='lat' dir='ltr'>&#39;tractatur</span> 
     </span>
    </p>
   </div>
   <div class='ocr_carea' id='block_1_2' title="bbox 129 481 1386 3471">
    <p class='ocr_par' dir='ltr' id='par_1_2' title="bbox 129 481 1386 3471">
     <span class='ocr_line' id='line_1_2' title="bbox 191 481 1384 561; baseline 0.003 -19"><span class='ocrx_word' id='word_1_3' title='bbox 191 481 364 558; x_wconf 69' lang='lat' dir='ltr'>adiment,</span> <span class='ocrx_word' id='word_1_4' title='bbox 391 497 425 544; x_wconf 89' lang='lat' dir='ltr'>ut</span> <span class='ocrx_word' id='word_1_5' title='bbox 452 499 518 559; x_wconf 68' lang='lat' dir='ltr'>qut</span> <span class='ocrx_word' id='word_1_6' title='bbox 547 482 686 559; x_wconf 79' lang='lat' dir='ltr'>imperare</span> <span class='ocrx_word' id='word_1_7' title='bbox 710 483 801 545; x_wconf 83' lang='lat' dir='ltr'>vellet</span> <span class='ocrx_word' id='word_1_8' title='bbox 821 481 972 557; x_wconf 79' lang='lat' dir='ltr'>audirent;</span> <span class='ocrx_word' id='word_1_9' title='bbox 994 482 1043 544; x_wconf 89' lang='lat' dir='ltr'>sed</span> <span class='ocrx_word' id='word_1_10' title='bbox 1064 482 1094 546; x_wconf 92' lang='lat' dir='ltr'>in</span> <span class='ocrx_word' id='word_1_11' title='bbox 1115 483 1169 545; x_wconf 84' lang='lat' dir='ltr'>hac</span> <span class='ocrx_word' id='word_1_12' title='bbox 1190 483 1281 561; x_wconf 82' lang='lat' dir='ltr'>prima</span> <span class='ocrx_word' id='word_1_13' title='bbox 1305 483 1384 546; x_wconf 82' lang='lat' dir='ltr'>salu·</span> 
     </span>
     <span class='ocr_line' id='line_1_3' title="bbox 190 593 1382 672; baseline 0.002 -18"><span class='ocrx_word' id='word_1_14' title='bbox 190 595 305 657; x_wconf 87' lang='lat' dir='ltr'>tatione</span> <span class='ocrx_word' id='word_1_15' title='bbox 335 597 411 656; x_wconf 80' lang='lat' dir='ltr'>adeo</span> <span class='ocrx_word' id='word_1_16' title='bbox 441 593 586 672; x_wconf 82' lang='lat' dir='ltr'>perterriti</span> <span class='ocrx_word' id='word_1_17' title='bbox 617 594 757 671; x_wconf 87' lang='lat' dir='ltr'>fuerunt,</span> <span class='ocrx_word' id='word_1_18' title='bbox 787 609 818 654; x_wconf 90' lang='lat' dir='ltr'>et</span> <span class='ocrx_word' id='word_1_19' title='bbox 848 595 944 654; x_wconf 88' lang='lat' dir='ltr'>Deum</span> <span class='ocrx_word' id='word_1_20' title='bbox 964 595 1136 672; x_wconf 87' lang='lat' dir='ltr'>loquentem</span> <span class='ocrx_word' id='word_1_21' title='bbox 1157 599 1232 658; x_wconf 84' lang='lat' dir='ltr'>adeo</span> <span class='ocrx_word' id='word_1_22' title='bbox 1252 597 1382 658; x_wconf 83' lang='lat' dir='ltr'><strong>attoniti</strong></span> 
     </span>
     <span class='ocr_line' id='line_1_4' title="bbox 192 701 1385 786; baseline 0.002 -20"><span class='ocrx_word' id='word_1_23' title='bbox 192 705 387 780; x_wconf 83' lang='lat' dir='ltr'>audiverunt,</span> <span class='ocrx_word' id='word_1_24' title='bbox 406 719 441 766; x_wconf 94' lang='lat' dir='ltr'>ut</span> <span class='ocrx_word' id='word_1_25' title='bbox 462 703 625 780; x_wconf 89' lang='lat' dir='ltr'>supremum</span> <span class='ocrx_word' id='word_1_26' title='bbox 645 703 699 764; x_wconf 85' lang='lat' dir='ltr'>sthi</span> <span class='ocrx_word' id='word_1_27' title='bbox 719 718 837 779; x_wconf 77' lang='lat' dir='ltr'>ternpus</span> <span class='ocrx_word' id='word_1_28' title='bbox 858 701 953 765; x_wconf 81' lang='lat' dir='ltr'>adesse</span> <span class='ocrx_word' id='word_1_29' title='bbox 973 705 1157 780; x_wconf 67' lang='lat' dir='ltr'>putaverint.</span> <span class='ocrx_word' id='word_1_30' title='bbox 1186 707 1268 767; x_wconf 86' lang='lat' dir='ltr'>Pleni</span> <span class='ocrx_word' id='word_1_31' title='bbox 1289 707 1385 786; x_wconf 84' lang='lat' dir='ltr'>igitur</span> 
     </span>
     <span class='ocr_line' id='line_1_5' title="bbox 190 815 1377 896; baseline 0.003 -19"><span class='ocrx_word' id='word_1_32' title='bbox 190 830 273 878; x_wconf 87' lang='lat' dir='ltr'>metu</span> <span class='ocrx_word' id='word_1_33' title='bbox 294 816 399 878; x_wconf 90' lang='lat' dir='ltr'>Mosen</span> <span class='ocrx_word' id='word_1_34' title='bbox 421 819 458 878; x_wconf 90' lang='lat' dir='ltr'>de</span> <span class='ocrx_word' id='word_1_35' title='bbox 479 833 561 880; x_wconf 87' lang='lat' dir='ltr'>novo</span> <span class='ocrx_word' id='word_1_36' title='bbox 583 815 622 876; x_wconf 88' lang='lat' dir='ltr'>src</span> <span class='ocrx_word' id='word_1_37' title='bbox 642 817 769 878; x_wconf 80' lang='lat' dir='ltr'>adeunt:</span> <span class='ocrx_word' id='word_1_38' title='bbox 790 835 850 876; x_wconf 83' lang='lat' dir='ltr'>ecee</span> <span class='ocrx_word' id='word_1_39' title='bbox 867 817 961 878; x_wconf 80' lang='lat' dir='ltr'>Deum</span> <span class='ocrx_word' id='word_1_40' title='bbox 980 821 1012 876; x_wconf 78' lang='lat' dir='ltr'>iu</span> <span class='ocrx_word' id='word_1_41' title='bbox 1031 821 1100 893; x_wconf 80' lang='lat' dir='ltr'>igne</span> <span class='ocrx_word' id='word_1_42' title='bbox 1118 820 1274 896; x_wconf 81' lang='lat' dir='ltr'>loquentem</span> <span class='ocrx_word' id='word_1_43' title='bbox 1294 821 1377 880; x_wconf 72' lang='lat' dir='ltr'>audi-</span> 
     </span>
     <span class='ocr_line' id='line_1_6' title="bbox 189 925 1383 1006; baseline 0.001 -17"><span class='ocrx_word' id='word_1_44' title='bbox 189 933 301 1005; x_wconf 80' lang='lat' dir='ltr'>vimus,</span> <span class='ocrx_word' id='word_1_45' title='bbox 330 948 380 989; x_wconf 81' lang='lat' dir='ltr'>nec</span> <span class='ocrx_word' id='word_1_46' title='bbox 409 930 499 1006; x_wconf 79' lang='lat' dir='ltr'><em>causa</em></span> <span class='ocrx_word' id='word_1_47' title='bbox 527 929 567 1006; x_wconf 78' lang='lat' dir='ltr'>cst</span> <span class='ocrx_word' id='word_1_48' title='bbox 596 947 650 988; x_wconf 83' lang='lat' dir='ltr'>cur</span> <span class='ocrx_word' id='word_1_49' title='bbox 681 931 755 988; x_wconf 80' lang='lat' dir='ltr'>mori</span> <span class='ocrx_word' id='word_1_50' title='bbox 785 929 925 1000; x_wconf 59' lang='lat' dir='ltr'>velintne,-</span> <span class='ocrx_word' id='word_1_51' title='bbox 945 925 994 988; x_wconf 79' lang='lat' dir='ltr'>hic</span> <span class='ocrx_word' id='word_1_52' title='bbox 1013 942 1089 990; x_wconf 79' lang='lat' dir='ltr'>certe</span> <span class='ocrx_word' id='word_1_53' title='bbox 1109 934 1210 1006; x_wconf 79' lang='lat' dir='ltr'>iugens</span> <span class='ocrx_word' id='word_1_54' title='bbox 1229 934 1311 1006; x_wconf 77' lang='lat' dir='ltr'>ignis</span> <span class='ocrx_word' id='word_1_55' title='bbox 1332 951 1383 990; x_wconf 87' lang='lat' dir='ltr'>nos</span> 
     </span>
     <span class='ocr_line' id='line_1_7' title="bbox 190 1039 1384 1119; baseline 0.002 -19"><span class='ocrx_word' id='word_1_56' title='bbox 190 1041 327 1113; x_wconf 78' lang='lat' dir='ltr'>vorabit,·</span> <span class='ocrx_word' id='word_1_57' title='bbox 352 1041 379 1119; x_wconf 76' lang='lat' dir='ltr'><em>fi</em></span> <span class='ocrx_word' id='word_1_58' title='bbox 408 1045 514 1101; x_wconf 80' lang='lat' dir='ltr'>iterum</span> <span class='ocrx_word' id='word_1_59' title='bbox 543 1039 623 1100; x_wconf 79' lang='lat' dir='ltr'>nobis</span> <span class='ocrx_word' id='word_1_60' title='bbox 653 1058 713 1099; x_wconf 74' lang='lat' dir='ltr'>vox</span> <span class='ocrx_word' id='word_1_61' title='bbox 731 1041 791 1101; x_wconf 83' lang='lat' dir='ltr'>Dei</span> <span class='ocrx_word' id='word_1_62' title='bbox 809 1041 954 1100; x_wconf 79' lang='lat' dir='ltr'>audiendo</span> <span class='ocrx_word' id='word_1_63' title='bbox 973 1041 1029 1118; x_wconf 79' lang='lat' dir='ltr'>est,</span> <span class='ocrx_word' id='word_1_64' title='bbox 1048 1055 1125 1101; x_wconf 82' lang='lat' dir='ltr'>certe</span> <span class='ocrx_word' id='word_1_65' title='bbox 1144 1046 1310 1102; x_wconf 75' lang='lat' dir='ltr'>morimur.</span> <span class='ocrx_word' id='word_1_66' title='bbox 1338 1045 1384 1102; x_wconf 80' lang='lat' dir='ltr'>Tu</span> 
     </span>
     <span class='ocr_line' id='line_1_8' title="bbox 190 1153 1384 1234; baseline 0.001 -21"><span class='ocrx_word' id='word_1_67' title='bbox 190 1157 286 1229; x_wconf 75' lang='lat' dir='ltr'>igitur</span> <span class='ocrx_word' id='word_1_68' title='bbox 316 1155 385 1228; x_wconf 75' lang='lat' dir='ltr'>adi,</span> <span class='ocrx_word' id='word_1_69' title='bbox 414 1167 443 1213; x_wconf 82' lang='lat' dir='ltr'>et</span> <span class='ocrx_word' id='word_1_70' title='bbox 471 1154 543 1213; x_wconf 78' lang='lat' dir='ltr'>audi</span> <span class='ocrx_word' id='word_1_71' title='bbox 567 1155 662 1212; x_wconf 81' lang='lat' dir='ltr'>omnia</span> <span class='ocrx_word' id='word_1_72' title='bbox 681 1153 961 1232; x_wconf 54' lang='lat' dir='ltr'>Deinostrt&#39;dt&#39;sm</span> <span class='ocrx_word' id='word_1_73' title='bbox 983 1153 1277 1234; x_wconf 66' lang='lat' dir='ltr'>crumentum)</span> <span class='ocrx_word' id='word_1_74' title='bbox 1299 1156 1384 1216; x_wconf 80' lang='lat' dir='ltr'>nobis</span> 
     </span>
     <span class='ocr_line' id='line_1_9' title="bbox 190 1264 1384 1345; baseline 0.003 -20"><span class='ocrx_word' id='word_1_75' title='bbox 190 1267 332 1343; x_wconf 77' lang='lat' dir='ltr'>loqueris:</span> <span class='ocrx_word' id='word_1_76' title='bbox 349 1266 401 1327; x_wconf 72' lang='lat' dir='ltr'>Au</span> <span class='ocrx_word' id='word_1_77' title='bbox 415 1283 507 1341; x_wconf 79' lang='lat' dir='ltr'>omne,</span> <span class='ocrx_word' id='word_1_78' title='bbox 528 1265 604 1342; x_wconf 72' lang='lat' dir='ltr'>quod</span> <span class='ocrx_word' id='word_1_79' title='bbox 615 1265 696 1326; x_wconf 81' lang='lat' dir='ltr'>Deus</span> <span class='ocrx_word' id='word_1_80' title='bbox 713 1264 770 1324; x_wconf 75' lang='lat' dir='ltr'>tibi</span> <span class='ocrx_word' id='word_1_81' title='bbox 789 1266 930 1342; x_wconf 83' lang='lat' dir='ltr'>loquetur,</span> <span class='ocrx_word' id='word_1_82' title='bbox 939 1265 1094 1326; x_wconf 74' lang='lat' dir='ltr'>obedimus</span> <span class='ocrx_word' id='word_1_83' title='bbox 1104 1268 1188 1344; x_wconf 79' lang='lat' dir='ltr'>idque</span> <span class='ocrx_word' id='word_1_84' title='bbox 1199 1287 1384 1345; x_wconf 66' lang='lat' dir='ltr'>exequuntur.</span> 
     </span>
     <span class='ocr_line' id='line_1_10' title="bbox 191 1375 1384 1456; baseline 0 -18"><span class='ocrx_word' id='word_1_85' title='bbox 191 1379 248 1438; x_wconf 85' lang='lat' dir='ltr'>Hit</span> <span class='ocrx_word' id='word_1_86' title='bbox 268 1380 343 1439; x_wconf 87' lang='lat' dir='ltr'>clare</span> <span class='ocrx_word' id='word_1_87' title='bbox 364 1378 488 1456; x_wconf 83' lang='lat' dir='ltr'>primunr</span> <span class='ocrx_word' id='word_1_88' title='bbox 508 1379 624 1454; x_wconf 73' lang='lat' dir='ltr'>paeium</span> <span class='ocrx_word' id='word_1_89' title='bbox 645 1379 861 1454; x_wconf 83' lang='lat' dir='ltr'><strong>aboleverunt,</strong></span> <span class='ocrx_word' id='word_1_90' title='bbox 880 1375 1022 1453; x_wconf 89' lang='lat' dir='ltr'>suumque</span> <span class='ocrx_word' id='word_1_91' title='bbox 1042 1375 1092 1453; x_wconf 82' lang='lat' dir='ltr'>jur</span> <span class='ocrx_word' id='word_1_92' title='bbox 1101 1378 1197 1438; x_wconf 86' lang='lat' dir='ltr'>Deum</span> <span class='ocrx_word' id='word_1_93' title='bbox 1207 1377 1384 1440; x_wconf 87' lang='lat' dir='ltr'>consulendi</span> 
     </span>
     <span class='ocr_line' id='line_1_11' title="bbox 192 1487 1383 1567; baseline -0.002 -15"><span class='ocrx_word' id='word_1_94' title='bbox 192 1488 314 1567; x_wconf 84' lang='lat' dir='ltr'>ejusque</span> <span class='ocrx_word' id='word_1_95' title='bbox 346 1489 440 1552; x_wconf 72' lang='lat' dir='ltr'>editio</span> <span class='ocrx_word' id='word_1_96' title='bbox 471 1488 683 1566; x_wconf 87' lang='lat' dir='ltr'>interpretandi</span> <span class='ocrx_word' id='word_1_97' title='bbox 713 1489 744 1549; x_wconf 90' lang='lat' dir='ltr'>in</span> <span class='ocrx_word' id='word_1_98' title='bbox 776 1491 881 1550; x_wconf 88' lang='lat' dir='ltr'>Mosen</span> <span class='ocrx_word' id='word_1_99' title='bbox 911 1487 1044 1552; x_wconf 84' lang='lat' dir='ltr'>absolute</span> <span class='ocrx_word' id='word_1_100' title='bbox 1065 1489 1286 1550; x_wconf 86' lang='lat' dir='ltr'>transtulerunt:</span> <span class='ocrx_word' id='word_1_101' title='bbox 1308 1492 1383 1552; x_wconf 94' lang='lat' dir='ltr'>Non</span> 
     </span>
     <span class='ocr_line' id='line_1_12' title="bbox 192 1600 1383 1680; baseline -0.001 -17"><span class='ocrx_word' id='word_1_102' title='bbox 192 1601 354 1676; x_wconf 73' lang='lat' dir='ltr'>erimine,</span> <span class='ocrx_word' id='word_1_103' title='bbox 375 1619 410 1664; x_wconf 91' lang='lat' dir='ltr'>ut</span> <span class='ocrx_word' id='word_1_104' title='bbox 429 1617 532 1679; x_wconf 83' lang='lat' dir='ltr'>rnteu,</span> <span class='ocrx_word' id='word_1_105' title='bbox 555 1604 591 1662; x_wconf 82' lang='lat' dir='ltr'>ad</span> <span class='ocrx_word' id='word_1_106' title='bbox 613 1602 711 1664; x_wconf 86' lang='lat' dir='ltr'>omnia</span> <span class='ocrx_word' id='word_1_107' title='bbox 732 1621 797 1680; x_wconf 88' lang='lat' dir='ltr'>quae</span> <span class='ocrx_word' id='word_1_108' title='bbox 825 1603 908 1663; x_wconf 82' lang='lat' dir='ltr'>Deus</span> <span class='ocrx_word' id='word_1_109' title='bbox 936 1600 1022 1678; x_wconf 80' lang='lat' dir='ltr'>ipsis,</span> <span class='ocrx_word' id='word_1_110' title='bbox 1042 1602 1092 1664; x_wconf 89' lang='lat' dir='ltr'>sed</span> <span class='ocrx_word' id='word_1_111' title='bbox 1112 1621 1178 1680; x_wconf 84' lang='lat' dir='ltr'>quae</span> <span class='ocrx_word' id='word_1_112' title='bbox 1199 1603 1282 1664; x_wconf 76' lang='lat' dir='ltr'>Deus</span> <span class='ocrx_word' id='word_1_113' title='bbox 1303 1601 1383 1663; x_wconf 85' lang='lat' dir='ltr'>Mosi</span> 
     </span>
     <span class='ocr_line' id='line_1_13' title="bbox 193 1713 1384 1792; baseline 0.001 -19"><span class='ocrx_word' id='word_1_114' title='bbox 193 1715 381 1791; x_wconf 82' lang='lat' dir='ltr'>loqueretur,</span> <span class='ocrx_word' id='word_1_115' title='bbox 413 1714 533 1777; x_wconf 87' lang='lat' dir='ltr'>obedire</span> <span class='ocrx_word' id='word_1_116' title='bbox 565 1713 759 1791; x_wconf 87' lang='lat' dir='ltr'>promiserunt</span> <span class='ocrx_word' id='word_1_117' title='bbox 791 1713 875 1792; x_wconf 82' lang='lat' dir='ltr'>(vide</span> <span class='ocrx_word' id='word_1_118' title='bbox 895 1714 985 1776; x_wconf 83' lang='lat' dir='ltr'>Dent.</span> <span class='ocrx_word' id='word_1_119' title='bbox 1007 1731 1072 1790; x_wconf 82' lang='lat' dir='ltr'>cap.</span> <span class='ocrx_word' id='word_1_120' title='bbox 1094 1725 1122 1788; x_wconf 78' lang='lat'>5.</span> <span class='ocrx_word' id='word_1_121' title='bbox 1142 1713 1209 1790; x_wconf 85' lang='lat' dir='ltr'>post</span> <span class='ocrx_word' id='word_1_122' title='bbox 1238 1714 1384 1792; x_wconf 69' lang='lat' dir='ltr'>Deculog.</span> 
     </span>
     <span class='ocr_line' id='line_1_14' title="bbox 193 1824 1385 1906; baseline -0.001 -19"><span class='ocrx_word' id='word_1_123' title='bbox 193 1842 224 1887; x_wconf 93' lang='lat' dir='ltr'>et</span> <span class='ocrx_word' id='word_1_124' title='bbox 244 1845 310 1902; x_wconf 79' lang='lat' dir='ltr'>cap.</span> <span class='ocrx_word' id='word_1_125' title='bbox 335 1827 380 1886; x_wconf 81' lang='lat' dir='ltr'>rii.</span> <span class='ocrx_word' id='word_1_126' title='bbox 400 1825 443 1888; x_wconf 76' lang='lat' dir='ltr'>vs,</span> <span class='ocrx_word' id='word_1_127' title='bbox 468 1838 521 1902; x_wconf 83' lang='lat'>15,</span> <span class='ocrx_word' id='word_1_128' title='bbox 545 1824 738 1906; x_wconf 81' lang='lat' dir='ltr'>16.).Moses</span> <span class='ocrx_word' id='word_1_129' title='bbox 760 1843 831 1905; x_wconf 77' lang='lat' dir='ltr'>ergo</span> <span class='ocrx_word' id='word_1_130' title='bbox 852 1825 930 1888; x_wconf 82' lang='lat' dir='ltr'>solur</span> <span class='ocrx_word' id='word_1_131' title='bbox 951 1827 1048 1905; x_wconf 81' lang='lat' dir='ltr'>legum</span> <span class='ocrx_word' id='word_1_132' title='bbox 1069 1825 1232 1888; x_wconf 81' lang='lat' dir='ltr'>divinrmm</span> <span class='ocrx_word' id='word_1_133' title='bbox 1252 1828 1332 1888; x_wconf 71' lang='lat' dir='ltr'>lator</span> <span class='ocrx_word' id='word_1_134' title='bbox 1352 1843 1385 1886; x_wconf 88' lang='lat' dir='ltr'>et</span> 
     </span>
     <span class='ocr_line' id='line_1_15' title="bbox 193 1937 1386 2018; baseline -0.001 -19"><span class='ocrx_word' id='word_1_135' title='bbox 193 1939 336 2015; x_wconf 76' lang='lat' dir='ltr'>interpret</span> <span class='ocrx_word' id='word_1_136' title='bbox 356 1937 475 2014; x_wconf 82' lang='lat' dir='ltr'>mnnfit,</span> <span class='ocrx_word' id='word_1_137' title='bbox 497 1957 528 2000; x_wconf 92' lang='lat' dir='ltr'>er</span> <span class='ocrx_word' id='word_1_138' title='bbox 548 1937 763 2014; x_wconf 82' lang='lat' dir='ltr'>consequenter</span> <span class='ocrx_word' id='word_1_139' title='bbox 783 1938 870 1998; x_wconf 86' lang='lat' dir='ltr'>etiarn</span> <span class='ocrx_word' id='word_1_140' title='bbox 890 1937 1039 2014; x_wconf 76' lang='lat' dir='ltr'>supremus</span> <span class='ocrx_word' id='word_1_141' title='bbox 1059 1937 1174 2018; x_wconf 83' lang='lat' dir='ltr'>Juden‚</span> <span class='ocrx_word' id='word_1_142' title='bbox 1193 1955 1386 2015; x_wconf 85' lang='lat' dir='ltr'>quemnemo</span> 
     </span>
     <span class='ocr_line' id='line_1_16' title="bbox 191 2049 1386 2127; baseline -0.002 -15"><span class='ocrx_word' id='word_1_143' title='bbox 191 2049 325 2127; x_wconf 84' lang='lat' dir='ltr'>judicare</span> <span class='ocrx_word' id='word_1_144' title='bbox 355 2064 490 2126; x_wconf 82' lang='lat' dir='ltr'>poterat,</span> <span class='ocrx_word' id='word_1_145' title='bbox 520 2065 551 2110; x_wconf 91' lang='lat' dir='ltr'>et</span> <span class='ocrx_word' id='word_1_146' title='bbox 581 2051 633 2126; x_wconf 88' lang='lat' dir='ltr'>qui</span> <span class='ocrx_word' id='word_1_147' title='bbox 664 2050 744 2112; x_wconf 80' lang='lat' dir='ltr'>solus</span> <span class='ocrx_word' id='word_1_148' title='bbox 777 2053 855 2127; x_wconf 78' lang='lat' dir='ltr'>apud</span> <span class='ocrx_word' id='word_1_149' title='bbox 887 2052 1030 2114; x_wconf 77' lang='lat' dir='ltr'>Hebraeot</span> <span class='ocrx_word' id='word_1_150' title='bbox 1051 2049 1145 2114; x_wconf 82' lang='lat' dir='ltr'>vicem</span> <span class='ocrx_word' id='word_1_151' title='bbox 1165 2049 1240 2126; x_wconf 89' lang='lat' dir='ltr'>Dei,</span> <span class='ocrx_word' id='word_1_152' title='bbox 1259 2051 1320 2110; x_wconf 87' lang='lat' dir='ltr'>hnc</span> <span class='ocrx_word' id='word_1_153' title='bbox 1341 2051 1386 2110; x_wconf 88' lang='lat' dir='ltr'>est</span> 
     </span>
     <span class='ocr_line' id='line_1_17' title="bbox 192 2160 1386 2239; baseline 0 -17"><span class='ocrx_word' id='word_1_154' title='bbox 192 2161 351 2236; x_wconf 77' lang='lat' dir='ltr'>supremam</span> <span class='ocrx_word' id='word_1_155' title='bbox 373 2160 566 2238; x_wconf 80' lang='lat' dir='ltr'>majestatem,</span> <span class='ocrx_word' id='word_1_156' title='bbox 585 2161 708 2222; x_wconf 82' lang='lat' dir='ltr'>habuit:</span> <span class='ocrx_word' id='word_1_157' title='bbox 730 2161 970 2239; x_wconf 79' lang='lat' dir='ltr'>quandoquidem</span> <span class='ocrx_word' id='word_1_158' title='bbox 993 2161 1072 2224; x_wconf 83' lang='lat' dir='ltr'>solut</span> <span class='ocrx_word' id='word_1_159' title='bbox 1086 2160 1135 2237; x_wconf 83' lang='lat' dir='ltr'>jue</span> <span class='ocrx_word' id='word_1_160' title='bbox 1145 2160 1273 2222; x_wconf 79' lang='lat' dir='ltr'>habebat</span> <span class='ocrx_word' id='word_1_161' title='bbox 1283 2163 1386 2222; x_wconf 87' lang='lat' dir='ltr'>Deum</span> 
     </span>
     <span class='ocr_line' id='line_1_18' title="bbox 192 2272 1385 2353; baseline 0.002 -19"><span class='ocrx_word' id='word_1_162' title='bbox 192 2272 382 2348; x_wconf 87' lang='lat' dir='ltr'>consulendi,</span> <span class='ocrx_word' id='word_1_163' title='bbox 412 2287 443 2334; x_wconf 90' lang='lat' dir='ltr'>et</span> <span class='ocrx_word' id='word_1_164' title='bbox 474 2275 588 2351; x_wconf 93' lang='lat' dir='ltr'>populo</span> <span class='ocrx_word' id='word_1_165' title='bbox 620 2273 722 2336; x_wconf 75' lang='lat' dir='ltr'>divina</span> <span class='ocrx_word' id='word_1_166' title='bbox 743 2272 878 2350; x_wconf 82' lang='lat' dir='ltr'>responsa</span> <span class='ocrx_word' id='word_1_167' title='bbox 899 2275 1005 2351; x_wconf 76' lang='lat' dir='ltr'>dandi,</span> <span class='ocrx_word' id='word_1_168' title='bbox 1025 2273 1177 2353; x_wconf 88' lang='lat' dir='ltr'>ipsumque</span> <span class='ocrx_word' id='word_1_169' title='bbox 1198 2276 1234 2336; x_wconf 83' lang='lat' dir='ltr'>ad</span> <span class='ocrx_word' id='word_1_170' title='bbox 1254 2293 1290 2335; x_wconf 84' lang='lat' dir='ltr'>ea</span> <span class='ocrx_word' id='word_1_171' title='bbox 1310 2293 1385 2336; x_wconf 87' lang='lat' dir='ltr'>exe-</span> 
     </span>
     <span class='ocr_line' id='line_1_19' title="bbox 193 2385 1385 2465; baseline 0.003 -19"><span class='ocrx_word' id='word_1_172' title='bbox 193 2387 310 2462; x_wconf 84' lang='lat' dir='ltr'>quenda</span> <span class='ocrx_word' id='word_1_173' title='bbox 332 2386 467 2464; x_wconf 82' lang='lat' dir='ltr'>cogendi.</span> <span class='ocrx_word' id='word_1_174' title='bbox 488 2385 593 2463; x_wconf 80' lang='lat' dir='ltr'>Solus,</span> <span class='ocrx_word' id='word_1_175' title='bbox 614 2385 749 2464; x_wconf 78' lang='lat' dir='ltr'>inquam3</span> <span class='ocrx_word' id='word_1_176' title='bbox 771 2404 837 2447; x_wconf 81' lang='lat' dir='ltr'>narn</span> <span class='ocrx_word' id='word_1_177' title='bbox 858 2387 879 2447; x_wconf 87' lang='lat' dir='ltr'>sr</span> <span class='ocrx_word' id='word_1_178' title='bbox 900 2385 983 2465; x_wconf 79' lang='lat' dir='ltr'>quir,</span> <span class='ocrx_word' id='word_1_179' title='bbox 1005 2387 1127 2451; x_wconf 88' lang='lat' dir='ltr'>vivente</span> <span class='ocrx_word' id='word_1_180' title='bbox 1145 2387 1385 2463; x_wconf 87' lang='lat' dir='ltr'>Mose‚nomine</span> 
     </span>
     <span class='ocr_line' id='line_1_20' title="bbox 191 2497 1386 2576; baseline 0.003 -19"><span class='ocrx_word' id='word_1_181' title='bbox 191 2497 249 2557; x_wconf 86' lang='lat' dir='ltr'>Dei</span> <span class='ocrx_word' id='word_1_182' title='bbox 281 2497 437 2573; x_wconf 79' lang='lat' dir='ltr'>praedicare</span> <span class='ocrx_word' id='word_1_183' title='bbox 470 2498 583 2575; x_wconf 85' lang='lat' dir='ltr'>aliquid</span> <span class='ocrx_word' id='word_1_184' title='bbox 615 2501 737 2561; x_wconf 82' lang='lat' dir='ltr'>volebat</span> <span class='ocrx_word' id='word_1_185' title='bbox 743 2544 753 2575; x_wconf 90' lang='lat'><strong><em>,</em></strong></span> <span class='ocrx_word' id='word_1_186' title='bbox 775 2499 909 2576; x_wconf 75' lang='lat' dir='ltr'>quamvis</span> <span class='ocrx_word' id='word_1_187' title='bbox 929 2518 1017 2561; x_wconf 85' lang='lat' dir='ltr'>verus</span> <span class='ocrx_word' id='word_1_188' title='bbox 1038 2500 1185 2575; x_wconf 77' lang='lat' dir='ltr'>Propheta</span> <span class='ocrx_word' id='word_1_189' title='bbox 1206 2499 1294 2575; x_wconf 82' lang='lat' dir='ltr'>esset,</span> <span class='ocrx_word' id='word_1_190' title='bbox 1314 2516 1386 2561; x_wconf 88' lang='lat' dir='ltr'>reus</span> 
     </span>
     <span class='ocr_line' id='line_1_21' title="bbox 192 2609 1386 2689; baseline 0.001 -20"><span class='ocrx_word' id='word_1_191' title='bbox 192 2622 289 2670; x_wconf 73' lang='lat' dir='ltr'>tumen</span> <span class='ocrx_word' id='word_1_192' title='bbox 320 2623 398 2685; x_wconf 84' lang='lat' dir='ltr'>erat,</span> <span class='ocrx_word' id='word_1_193' title='bbox 430 2624 462 2671; x_wconf 88' lang='lat' dir='ltr'>et</span> <span class='ocrx_word' id='word_1_194' title='bbox 492 2609 618 2685; x_wconf 87' lang='lat' dir='ltr'>supremi</span> <span class='ocrx_word' id='word_1_195' title='bbox 646 2610 721 2687; x_wconf 79' lang='lat' dir='ltr'>juris</span> <span class='ocrx_word' id='word_1_196' title='bbox 753 2612 907 2688; x_wconf 83' lang='lat' dir='ltr'>usurpator</span> <span class='ocrx_word' id='word_1_197' title='bbox 937 2610 1021 2689; x_wconf 88' lang='lat' dir='ltr'>(vide</span> <span class='ocrx_word' id='word_1_198' title='bbox 1041 2612 1161 2673; x_wconf 87' lang='lat' dir='ltr'>Numer.</span> <span class='ocrx_word' id='word_1_199' title='bbox 1183 2630 1247 2687; x_wconf 72' lang='lat' dir='ltr'>erp.</span> <span class='ocrx_word' id='word_1_200' title='bbox 1272 2628 1317 2671; x_wconf 88' lang='lat'>11.</span> <span class='ocrx_word' id='word_1_201' title='bbox 1340 2611 1386 2673; x_wconf 85' lang='lat' dir='ltr'>vs.</span> 
     </span>
     <span class='ocr_line' id='line_1_22' title="bbox 192 2718 1383 2802; baseline 0.003 -23"><span class='ocrx_word' id='word_1_202' title='bbox 192 2718 241 2780; x_wconf 77' lang='lat'>28.</span> <span class='ocrx_word' id='word_1_203' title='bbox 263 2720 303 2799; x_wconf 68' lang='lat'>¹⁸).</span> <span class='ocrx_word' id='word_1_204' title='bbox 334 2720 374 2780; x_wconf 88' lang='lat' dir='ltr'>Et</span> <span class='ocrx_word' id='word_1_205' title='bbox 401 2720 451 2781; x_wconf 89' lang='lat' dir='ltr'>hic</span> <span class='ocrx_word' id='word_1_206' title='bbox 477 2724 660 2797; x_wconf 86' lang='lat' dir='ltr'>notandum,</span> <span class='ocrx_word' id='word_1_207' title='bbox 687 2724 787 2799; x_wconf 89' lang='lat' dir='ltr'>quod,</span> <span class='ocrx_word' id='word_1_208' title='bbox 808 2722 860 2783; x_wconf 84' lang='lat' dir='ltr'>etss</span> <span class='ocrx_word' id='word_1_209' title='bbox 880 2721 986 2785; x_wconf 90' lang='lat' dir='ltr'>Mosen</span> <span class='ocrx_word' id='word_1_210' title='bbox 1008 2723 1138 2799; x_wconf 76' lang='lat' dir='ltr'>populun</span> <span class='ocrx_word' id='word_1_211' title='bbox 1158 2722 1294 2802; x_wconf 82' lang='lat' dir='ltr'>elegerit,</span> <span class='ocrx_word' id='word_1_212' title='bbox 1316 2722 1383 2784; x_wconf 89' lang='lat' dir='ltr'>suc-</span> 
     </span>
     <span class='ocr_line' id='line_1_23' title="bbox 129 2830 1384 2913; baseline 0.002 -22"><span class='ocrx_word' id='word_1_213' title='bbox 129 2834 132 2837; x_wconf 82' lang='grc'><strong>’</strong></span> <span class='ocrx_word' id='word_1_214' title='bbox 193 2830 331 2893; x_wconf 88' lang='lat' dir='ltr'>cessorem</span> <span class='ocrx_word' id='word_1_215' title='bbox 362 2846 459 2895; x_wconf 85' lang='lat' dir='ltr'>tamen</span> <span class='ocrx_word' id='word_1_216' title='bbox 491 2834 560 2895; x_wconf 87' lang='lat' dir='ltr'>loco</span> <span class='ocrx_word' id='word_1_217' title='bbox 587 2832 681 2895; x_wconf 82' lang='lat' dir='ltr'>Moiir</span> <span class='ocrx_word' id='word_1_218' title='bbox 711 2834 817 2913; x_wconf 84' lang='lat' dir='ltr'>eligere</span> <span class='ocrx_word' id='word_1_219' title='bbox 841 2832 907 2911; x_wconf 86' lang='lat' dir='ltr'>jure</span> <span class='ocrx_word' id='word_1_220' title='bbox 928 2852 989 2897; x_wconf 95' lang='lat' dir='ltr'>non</span> <span class='ocrx_word' id='word_1_221' title='bbox 1009 2836 1126 2911; x_wconf 90' lang='lat' dir='ltr'>potuit:</span> <span class='ocrx_word' id='word_1_222' title='bbox 1146 2836 1223 2896; x_wconf 83' lang='lat' dir='ltr'>Nam</span> <span class='ocrx_word' id='word_1_223' title='bbox 1244 2833 1327 2897; x_wconf 76' lang='lat' dir='ltr'>simul</span> <span class='ocrx_word' id='word_1_224' title='bbox 1348 2854 1384 2895; x_wconf 82' lang='lat' dir='ltr'>ac</span> 
     </span>
     <span class='ocr_line' id='line_1_24' title="bbox 189 2942 1383 3024; baseline 0.003 -20"><span class='ocrx_word' id='word_1_225' title='bbox 189 2942 240 3019; x_wconf 80' lang='lat' dir='ltr'>jus</span> <span class='ocrx_word' id='word_1_226' title='bbox 262 2943 344 3007; x_wconf 87' lang='lat' dir='ltr'>suum</span> <span class='ocrx_word' id='word_1_227' title='bbox 364 2946 461 3007; x_wconf 87' lang='lat' dir='ltr'>Deum</span> <span class='ocrx_word' id='word_1_228' title='bbox 483 2945 654 3007; x_wconf 84' lang='lat' dir='ltr'>consulendi</span> <span class='ocrx_word' id='word_1_229' title='bbox 674 2945 705 3007; x_wconf 91' lang='lat' dir='ltr'>in</span> <span class='ocrx_word' id='word_1_230' title='bbox 725 2946 833 3009; x_wconf 86' lang='lat' dir='ltr'>Mosen</span> <span class='ocrx_word' id='word_1_231' title='bbox 853 2946 1077 3023; x_wconf 82' lang='lat' dir='ltr'>transtulerunt,</span> <span class='ocrx_word' id='word_1_232' title='bbox 1106 2964 1136 3009; x_wconf 89' lang='lat' dir='ltr'>et</span> <span class='ocrx_word' id='word_1_233' title='bbox 1157 2947 1290 3010; x_wconf 85' lang='lat' dir='ltr'>absolute</span> <span class='ocrx_word' id='word_1_234' title='bbox 1311 2966 1383 3024; x_wconf 90' lang='lat' dir='ltr'>pto-</span> 
     </span>
     <span class='ocr_line' id='line_1_25' title="bbox 192 3053 1386 3137; baseline 0.005 -22"><span class='ocrx_word' id='word_1_235' title='bbox 192 3053 332 3117; x_wconf 88' lang='lat' dir='ltr'>miserunt</span> <span class='ocrx_word' id='word_1_236' title='bbox 353 3056 446 3132; x_wconf 88' lang='lat' dir='ltr'>ipsum</span> <span class='ocrx_word' id='word_1_237' title='bbox 468 3058 537 3119; x_wconf 90' lang='lat' dir='ltr'>loco</span> <span class='ocrx_word' id='word_1_238' title='bbox 558 3056 653 3119; x_wconf 88' lang='lat' dir='ltr'>divini</span> <span class='ocrx_word' id='word_1_239' title='bbox 673 3060 784 3121; x_wconf 76' lang='lat' dir='ltr'>oraculi</span> <span class='ocrx_word' id='word_1_240' title='bbox 805 3058 1025 3133; x_wconf 73' lang='lat' dir='ltr'>habere,omne</span> <span class='ocrx_word' id='word_1_241' title='bbox 1042 3061 1093 3137; x_wconf 81' lang='lat' dir='ltr'>J&#39;us</span> <span class='ocrx_word' id='word_1_242' title='bbox 1110 3059 1386 3135; x_wconf 78' lang='lat' dir='ltr'>plantamisenrnt,</span> 
     </span>
     <span class='ocr_line' id='line_1_26' title="bbox 194 3168 1384 3249; baseline 0.006 -23"><span class='ocrx_word' id='word_1_243' title='bbox 194 3182 337 3244; x_wconf 88' lang='lat' dir='ltr'>et‚quem</span> <span class='ocrx_word' id='word_1_244' title='bbox 358 3168 459 3231; x_wconf 85' lang='lat' dir='ltr'>Moser</span> <span class='ocrx_word' id='word_1_245' title='bbox 479 3168 669 3232; x_wconf 80' lang='lat' dir='ltr'>succesorem</span> <span class='ocrx_word' id='word_1_246' title='bbox 689 3170 824 3249; x_wconf 80' lang='lat' dir='ltr'>eligeret,</span> <span class='ocrx_word' id='word_1_247' title='bbox 845 3186 984 3247; x_wconf 80' lang='lat' dir='ltr'>tanquam</span> <span class='ocrx_word' id='word_1_248' title='bbox 1005 3190 1022 3233; x_wconf 87' lang='lat' dir='ltr'>a</span> <span class='ocrx_word' id='word_1_249' title='bbox 1041 3173 1109 3235; x_wconf 87' lang='lat' dir='ltr'>Deo</span> <span class='ocrx_word' id='word_1_250' title='bbox 1131 3173 1254 3233; x_wconf 69' lang='lat' dir='ltr'>elesium</span> <span class='ocrx_word' id='word_1_251' title='bbox 1275 3172 1384 3233; x_wconf 80' lang='lat' dir='ltr'>admit·</span> 
     </span>
     <span class='ocr_line' id='line_1_27' title="bbox 192 3281 1383 3363; baseline 0.004 -24"><span class='ocrx_word' id='word_1_252' title='bbox 192 3295 255 3340; x_wconf 92' lang='lat' dir='ltr'>tere</span> <span class='ocrx_word' id='word_1_253' title='bbox 286 3281 443 3341; x_wconf 85' lang='lat' dir='ltr'>debebant.</span> <span class='ocrx_word' id='word_1_254' title='bbox 473 3282 566 3363; x_wconf 87' lang='lat' dir='ltr'>Quod</span> <span class='ocrx_word' id='word_1_255' title='bbox 595 3281 617 3342; x_wconf 88' lang='lat' dir='ltr'>sr</span> <span class='ocrx_word' id='word_1_256' title='bbox 648 3284 734 3343; x_wconf 88' lang='lat' dir='ltr'>talem</span> <span class='ocrx_word' id='word_1_257' title='bbox 765 3281 908 3363; x_wconf 82' lang='lat' dir='ltr'>elegisset,</span> <span class='ocrx_word' id='word_1_258' title='bbox 940 3284 991 3361; x_wconf 90' lang='lat' dir='ltr'>qui</span> <span class='ocrx_word' id='word_1_259' title='bbox 1012 3300 1047 3346; x_wconf 91' lang='lat' dir='ltr'>ut</span> <span class='ocrx_word' id='word_1_260' title='bbox 1068 3283 1128 3360; x_wconf 91' lang='lat' dir='ltr'>ipse</span> <span class='ocrx_word' id='word_1_261' title='bbox 1150 3299 1245 3346; x_wconf 83' lang='lat' dir='ltr'>totam</span> <span class='ocrx_word' id='word_1_262' title='bbox 1266 3284 1383 3361; x_wconf 88' lang='lat' dir='ltr'>imperii</span> 
     </span>
     <span class='ocr_line' id='line_1_28' title="bbox 193 3391 1383 3471; baseline 0.006 -19"><span class='ocrx_word' id='word_1_263' title='bbox 193 3391 469 3455; x_wconf 74' lang='lat' dir='ltr'>administrationem</span> <span class='ocrx_word' id='word_1_264' title='bbox 499 3392 638 3470; x_wconf 84' lang='lat' dir='ltr'>haberet,</span> <span class='ocrx_word' id='word_1_265' title='bbox 668 3413 772 3471; x_wconf 89' lang='lat' dir='ltr'>nempe</span> <span class='ocrx_word' id='word_1_266' title='bbox 800 3394 850 3471; x_wconf 82' lang='lat' dir='ltr'>jue</span> <span class='ocrx_word' id='word_1_267' title='bbox 880 3396 977 3459; x_wconf 88' lang='lat' dir='ltr'>Deum</span> <span class='ocrx_word' id='word_1_268' title='bbox 1009 3397 1038 3457; x_wconf 89' lang='lat' dir='ltr'>in</span> <span class='ocrx_word' id='word_1_269' title='bbox 1066 3395 1120 3457; x_wconf 93' lang='lat' dir='ltr'>suo</span> <span class='ocrx_word' id='word_1_270' title='bbox 1148 3398 1281 3471; x_wconf 83' lang='lat' dir='ltr'>tentorio</span> <span class='ocrx_word' id='word_1_271' title='bbox 1301 3395 1383 3459; x_wconf 84' lang='lat' dir='ltr'>solus</span> 
     </span>
    </p>
   </div>
   <div class='ocr_carea' id='block_1_3' title="bbox 192 3501 1384 4143">
    <p class='ocr_par' dir='ltr' id='par_1_3' title="bbox 192 3501 1384 4143">
     <span class='ocr_line' id='line_1_29' title="bbox 193 3501 1382 3586; baseline 0.005 -23"><span class='ocrx_word' id='word_1_272' title='bbox 193 3501 380 3580; x_wconf 81' lang='lat' dir='ltr'>consulendi,</span> <span class='ocrx_word' id='word_1_273' title='bbox 408 3520 440 3565; x_wconf 87' lang='lat' dir='ltr'>et</span> <span class='ocrx_word' id='word_1_274' title='bbox 467 3504 682 3581; x_wconf 89' lang='lat' dir='ltr'>consequenter</span> <span class='ocrx_word' id='word_1_275' title='bbox 709 3506 919 3569; x_wconf 84' lang='lat' dir='ltr'>authoritatem</span> <span class='ocrx_word' id='word_1_276' title='bbox 947 3508 1026 3586; x_wconf 81' lang='lat' dir='ltr'>leges</span> <span class='ocrx_word' id='word_1_277' title='bbox 1054 3507 1224 3571; x_wconf 88' lang='lat' dir='ltr'>instituendi</span> <span class='ocrx_word' id='word_1_278' title='bbox 1244 3524 1276 3569; x_wconf 93' lang='lat' dir='ltr'>et</span> <span class='ocrx_word' id='word_1_279' title='bbox 1295 3511 1382 3569; x_wconf 82' lang='lat' dir='ltr'>abro-</span> 
     </span>
     <span class='ocr_line' id='line_1_30' title="bbox 192 3616 1383 3699; baseline 0.004 -23"><span class='ocrx_word' id='word_1_280' title='bbox 192 3616 297 3693; x_wconf 82' lang='lat' dir='ltr'>gandi,</span> <span class='ocrx_word' id='word_1_281' title='bbox 325 3618 361 3677; x_wconf 89' lang='lat' dir='ltr'>de</span> <span class='ocrx_word' id='word_1_282' title='bbox 388 3618 467 3677; x_wconf 85' lang='lat' dir='ltr'>bello</span> <span class='ocrx_word' id='word_1_283' title='bbox 489 3632 520 3677; x_wconf 91' lang='lat' dir='ltr'>et</span> <span class='ocrx_word' id='word_1_284' title='bbox 549 3636 623 3693; x_wconf 82' lang='lat' dir='ltr'>pace</span> <span class='ocrx_word' id='word_1_285' title='bbox 652 3619 846 3696; x_wconf 86' lang='lat' dir='ltr'>decernendi,</span> <span class='ocrx_word' id='word_1_286' title='bbox 866 3621 979 3699; x_wconf 79' lang='lat' dir='ltr'>legatos</span> <span class='ocrx_word' id='word_1_287' title='bbox 1000 3619 1154 3695; x_wconf 83' lang='lat' dir='ltr'>mittendi,</span> <span class='ocrx_word' id='word_1_288' title='bbox 1171 3620 1287 3696; x_wconf 83' lang='lat' dir='ltr'>judices</span> <span class='ocrx_word' id='word_1_289' title='bbox 1308 3638 1383 3681; x_wconf 90' lang='lat' dir='ltr'>con-</span> 
     </span>
     <span class='ocr_line' id='line_1_31' title="bbox 193 3727 1384 3810; baseline 0.003 -23"><span class='ocrx_word' id='word_1_290' title='bbox 193 3727 348 3804; x_wconf 88' lang='lat' dir='ltr'>stituendi,</span> <span class='ocrx_word' id='word_1_291' title='bbox 378 3729 569 3791; x_wconf 86' lang='lat' dir='ltr'>successorem</span> <span class='ocrx_word' id='word_1_292' title='bbox 601 3732 745 3810; x_wconf 81' lang='lat' dir='ltr'>eligendi,</span> <span class='ocrx_word' id='word_1_293' title='bbox 766 3748 797 3793; x_wconf 90' lang='lat' dir='ltr'>et</span> <span class='ocrx_word' id='word_1_294' title='bbox 818 3732 951 3794; x_wconf 87' lang='lat' dir='ltr'>absolute</span> <span class='ocrx_word' id='word_1_295' title='bbox 972 3731 1087 3795; x_wconf 86' lang='lat' dir='ltr'>summae</span> <span class='ocrx_word' id='word_1_296' title='bbox 1107 3732 1263 3809; x_wconf 80' lang='lat' dir='ltr'>potestatis</span> <span class='ocrx_word' id='word_1_297' title='bbox 1284 3733 1384 3792; x_wconf 79' lang='lat' dir='ltr'>omnia</span> 
     </span>
     <span class='ocr_line' id='line_1_32' title="bbox 192 3840 1384 3920; baseline 0.003 -19"><span class='ocrx_word' id='word_1_298' title='bbox 192 3840 291 3904; x_wconf 82' lang='lat' dir='ltr'>officia</span> <span class='ocrx_word' id='word_1_299' title='bbox 322 3842 553 3919; x_wconf 81' lang='lat' dir='ltr'>administrandi,</span> <span class='ocrx_word' id='word_1_300' title='bbox 585 3843 737 3920; x_wconf 88' lang='lat' dir='ltr'>imperium</span> <span class='ocrx_word' id='word_1_301' title='bbox 769 3862 845 3905; x_wconf 89' lang='lat' dir='ltr'>mere</span> <span class='ocrx_word' id='word_1_302' title='bbox 865 3844 1088 3906; x_wconf 85' lang='lat' dir='ltr'>Monarchicum</span> <span class='ocrx_word' id='word_1_303' title='bbox 1110 3842 1228 3920; x_wconf 85' lang='lat' dir='ltr'>suisset,</span> <span class='ocrx_word' id='word_1_304' title='bbox 1247 3862 1302 3904; x_wconf 90' lang='lat' dir='ltr'>nec</span> <span class='ocrx_word' id='word_1_305' title='bbox 1323 3847 1384 3905; x_wconf 84' lang='lat' dir='ltr'>ulia</span> 
     </span>
     <span class='ocr_line' id='line_1_33' title="bbox 192 3950 1384 4031; baseline 0.006 -19"><span class='ocrx_word' id='word_1_306' title='bbox 192 3950 248 4012; x_wconf 79' lang='lat' dir='ltr'>aria</span> <span class='ocrx_word' id='word_1_307' title='bbox 280 3950 352 4014; x_wconf 86' lang='lat' dir='ltr'>esset</span> <span class='ocrx_word' id='word_1_308' title='bbox 381 3952 564 4029; x_wconf 84' lang='lat' dir='ltr'>differentia,</span> <span class='ocrx_word' id='word_1_309' title='bbox 595 3953 646 4015; x_wconf 82' lang='lat' dir='ltr'>nisi</span> <span class='ocrx_word' id='word_1_310' title='bbox 668 3957 751 4031; x_wconf 87' lang='lat' dir='ltr'>quod</span> <span class='ocrx_word' id='word_1_311' title='bbox 773 3954 965 4017; x_wconf 86' lang='lat' dir='ltr'>communiter</span> <span class='ocrx_word' id='word_1_312' title='bbox 985 3954 1202 4017; x_wconf 83' lang='lat' dir='ltr'>monarchicum</span> <span class='ocrx_word' id='word_1_313' title='bbox 1230 3954 1384 4031; x_wconf 88' lang='lat' dir='ltr'>imperium</span> 
     </span>
     <span class='ocr_line' id='line_1_34' title="bbox 194 4062 1384 4143; baseline 0.008 -20"><span class='ocrx_word' id='word_1_314' title='bbox 194 4080 233 4123; x_wconf 80' lang='lat' dir='ltr'>ex</span> <span class='ocrx_word' id='word_1_315' title='bbox 253 4062 310 4125; x_wconf 89' lang='lat' dir='ltr'>Dei</span> <span class='ocrx_word' id='word_1_316' title='bbox 340 4066 477 4141; x_wconf 87' lang='lat' dir='ltr'>decreto,</span> <span class='ocrx_word' id='word_1_317' title='bbox 498 4066 550 4142; x_wconf 86' lang='lat' dir='ltr'>ipsi</span> <span class='ocrx_word' id='word_1_318' title='bbox 571 4064 660 4129; x_wconf 85' lang='lat' dir='ltr'>etiam</span> <span class='ocrx_word' id='word_1_319' title='bbox 679 4067 850 4131; x_wconf 82' lang='lat' dir='ltr'>Monarehae</span> <span class='ocrx_word' id='word_1_320' title='bbox 871 4067 1010 4143; x_wconf 84' lang='lat' dir='ltr'>occulto,</span> <span class='ocrx_word' id='word_1_321' title='bbox 1032 4068 1224 4135; x_wconf 83' lang='lat' dir='ltr'>Hebraeorum</span> <span class='ocrx_word' id='word_1_322' title='bbox 1246 4082 1346 4132; x_wconf 82' lang='lat' dir='ltr'>auteur</span> <span class='ocrx_word' id='word_1_323' title='bbox 1368 4090 1384 4134; x_wconf 82' lang='lat' dir='ltr'>a</span> 
     </span>
    </p>
   </div>
   <div class='ocr_carea' id='block_1_4' title="bbox 203 4226 480 4241">
    <p class='ocr_par' dir='ltr' id='par_1_4' title="bbox 203 4226 480 4241">
     <span class='ocr_line' id='line_1_35' title="bbox 203 4226 480 4241; baseline 0.007 -2"><span class='ocrx_word' id='word_1_324' title='bbox 203 4226 480 4241; x_wconf 40' lang='grc' dir='ltr'><strong><em>ἡ</em></strong></span> 
     </span>
    </p>
   </div>
   <div class='ocr_carea' id='block_1_5' title="bbox 227 4309 562 4373">
    <p class='ocr_par' dir='ltr' id='par_1_5' title="bbox 227 4309 562 4373">
     <span class='ocr_line' id='line_1_36' title="bbox 227 4309 562 4373; baseline 0.015 -14"><span class='ocrx_word' id='word_1_325' title='bbox 227 4314 240 4353; x_wconf 73' lang='grc' dir='ltr'><em>ν</em></span> <span class='ocrx_word' id='word_1_326' title='bbox 275 4309 316 4371; x_wconf 83' lang='lat' dir='ltr'>cf·</span> <span class='ocrx_word' id='word_1_327' title='bbox 333 4310 428 4363; x_wconf 75' lang='grc' dir='ltr'>ιιιοι,</span> <span class='ocrx_word' id='word_1_328' title='bbox 444 4313 562 4373; x_wconf 82' lang='lat' dir='ltr'>xxxvr.</span> 
     </span>
    </p>
   </div>
   <div class='ocr_carea' id='block_1_6' title="bbox 0 0 1473 4900">
    <p class='ocr_par' dir='ltr' id='par_1_6' title="bbox 0 0 1473 4900">
     <span class='ocr_line' id='line_1_37' title="bbox 0 0 1473 4900; baseline 0 0"><span class='ocrx_word' id='word_1_329' title='bbox 0 0 1473 4900; x_wconf 95' lang='lat' dir='ltr'> </span> 
     </span>
    </p>
   </div>
  </div>
 </body>
</html>
