2934 4900
219 336 277 397 170
635 321 817 383 Ethices
844 320 911 383 Pars
932 322 984 383 lll.

216 498 268 560 seu
288 498 406 560 essentia
428 496 516 559 unius
536 500 572 559 ab
591 496 711 559 essentia
729 496 850 559 alterius
868 498 980 574 differt;
999 512 1030 559 et
1046 498 1260 577 consequenter
1278 498 1409 578 quilibet

217 608 445 686 uniuscujusque
465 608 613 673 individui
634 610 756 672 assessus
777 611 814 670 ab
835 608 942 672 assessu
964 608 1083 671 alterius
1104 626 1217 673 tantum
1238 611 1410 689 discrepat,

217 737 275 783 etc.
317 725 351 800 Q.
373 722 411 784 Ε.
431 725 473 786 D.

685 852 940 895 senonum.

257 961 334 1023 HInc
357 962 497 1040 sequitur,
518 964 639 1025 asscitus
662 962 844 1037 animalium,
866 982 931 1040 quae
954 964 1132 1025 irrationalia
1154 964 1292 1028 dicuntur
1303 966 1412 1044 (bruta
1456 1016 1457 1049 ζ

217 1074 294 1135 enim
317 1073 422 1135 sentite
451 1094 636 1152 nequaquam
666 1075 801 1137 dubitare
823 1074 989 1151 possumus,
1011 1076 1164 1153 postquam
1185 1076 1298 1138 Mentis
1319 1078 1414 1139 novi-

216 1204 280 1247 mus
312 1186 486 1266 originem),
514 1190 550 1247 ab
582 1186 737 1249 astilibus
769 1186 919 1249 hominum
951 1202 1066 1248 tantum
1098 1187 1231 1265 differre,
1262 1205 1411 1266 quantum

218 1316 319 1361 eorum
339 1314 442 1360 natura
460 1318 475 1359 a
494 1313 598 1360 natura
618 1300 743 1361 humana
766 1298 873 1360 differt.
894 1300 998 1359 Fertur
1019 1299 1136 1376 quidem
1154 1318 1248 1379 equus
1267 1316 1297 1363 et
1314 1303 1411 1364 homo
1456 1284 1457 1287 Ἴ

217 1412 355 1474 Libidine
387 1410 578 1489 procreandi;
609 1426 640 1472 at
671 1410 719 1472 ille
751 1410 889 1474 Libidine
917 1410 1042 1489 equina,
1070 1411 1118 1473 hic
1147 1428 1243 1474 autem
1269 1414 1412 1477 humana.

217 1525 266 1586 Sic
287 1523 374 1586 etiam
396 1523 549 1585 LibidInes
571 1538 602 1584 et
622 1522 786 1600 Appetitas
807 1521 996 1598 insedlorum,
1017 1522 1151 1600 piscium,
1173 1542 1202 1585 et
1220 1525 1334 1601 avium,
1359 1526 1411 1589 alii

218 1652 308 1714 atque
338 1635 386 1697 alii
413 1634 469 1697 esse
500 1637 619 1697 debent,
661 1634 804 1717 Quamvis
833 1634 932 1711 itaque
960 1639 1192 1714 unumquodque
1220 1636 1411 1700 Indiuiduum

218 1749 284 1824 sua,
303 1768 362 1825 qua
382 1748 496 1809 constat
503 1793 512 1824 ,
532 1763 636 1808 natura
658 1762 832 1809 contentum
855 1746 938 1809 viVat
959 1765 1052 1824 eaque
1070 1750 1211 1826 gaudeat,
1228 1748 1290 1811 vita
1309 1764 1410 1811 tamen

218 1862 284 1936 illa,
311 1880 369 1939 qua
396 1863 628 1938 unumquodque
658 1860 699 1922 esi
727 1874 918 1935 contentum,
947 1874 977 1921 et
998 1858 1135 1939 gaudium
1157 1859 1227 1922 nihil
1248 1860 1328 1924 aliud
1350 1864 1411 1938 est,
1456 1924 1457 1927 ,

219 1992 305 2051 quam
334 1973 398 2035 idea
426 1973 476 2034 seu
498 1972 593 2035 anIma
613 1971 742 2050 ejusdem
763 1972 930 2048 individui,
951 1988 1040 2049 atque
1062 1974 1138 2034 adeo
1159 1974 1297 2052 gaudium
1320 1975 1412 2037 unius

219 2083 365 2164 agaudio
393 2084 512 2147 alterius
540 2100 654 2146 tantum
682 2100 786 2147 natura
815 2084 976 2161 discrepat,
1004 2100 1145 2161 quantum
1174 2085 1291 2148 essentia
1320 2088 1412 2149 unlus

221 2200 258 2257 ab
289 2194 407 2258 essentia
438 2197 557 2259 alterIus
594 2197 700 2258 differt.
753 2197 889 2273 Denique
922 2216 958 2257 ex
989 2198 1166 2273 praecedenti
1201 2198 1412 2274 Proposrtione

221 2308 368 2387 sequitur,
396 2328 455 2370 non
485 2327 585 2386 parum
614 2310 702 2370 eriam
730 2308 864 2371 interesse
886 2310 960 2370 inter
981 2310 1135 2388 gaudIum,
1157 2329 1217 2387 quo
1238 2310 1339 2373 ebrius
1363 2332 1411 2373 ex.
1456 2296 1457 2299 ¹

219 2440 259 2502 gr.
281 2421 416 2498 ducitur,
437 2438 468 2482 et
490 2420 567 2484 inter
587 2420 725 2501 gaudium
748 2441 809 2500 quo
830 2422 946 2500 potitur
967 2420 1184 2500 Philosophus,
1204 2426 1286 2500 quod
1308 2424 1358 2486 hic
1380 2425 1410 2486 iu
1456 2485 1457 2496 ἶ

219 2535 341 2596 transitu
367 2553 485 2596 monere
513 2533 607 2598 volui.
648 2536 750 2611 Atque
778 2534 841 2596 haec
871 2539 907 2597 de
937 2533 1107 2612 affectibus,
1129 2535 1180 2612 qui
1202 2539 1238 2597 ad
1258 2537 1411 2599 hominem

218 2649 401 2723 resemntur,
422 2664 567 2724 quatenus
588 2647 710 2723 patitur,
752 2647 903 2724 Superest,
928 2661 962 2708 ut
984 2665 1076 2722 pauca
1099 2649 1201 2710 addam
1224 2651 1261 2710 de
1281 2649 1337 2726 iis,
1359 2651 1412 2726 qui

220 2762 256 2821 ad
277 2761 401 2820 eundem
421 2759 603 2834 referuntur,
625 2776 774 2835 quatenus
796 2747 867 2839 agit.

579 2882 909 2994 PRoP081T10
942 2933 1050 2996 LVIII.

259 3061 377 3121 Praetar
403 3060 553 3122 Latitiam
580 3074 608 3120 es
635 3062 846 3140 Cupiditatem,
867 3079 929 3138 qua
946 3062 1081 3142 pafflones
1096 3063 1186 3140 suns,
1207 3062 1263 3120 alii
1281 3063 1411 3122 Latrim

220 3185 247 3234 et
270 3174 449 3253 Cupiditatss
469 3172 588 3250 affedsus
608 3177 728 3252 dantur,
749 3179 800 3253 qui
809 3178 923 3250 adnos,
939 3180 1216 3253 quatenusagsmus,
1228 3174 1412 3254 referuntur.

622 3335 1017 3382 namonsraasso

260 3431 335 3492 Cum
364 3431 452 3492 Mens
480 3429 509 3491 se
538 3429 628 3506 ipsam
650 3430 787 3506 suamque
810 3429 915 3509 agendi
937 3428 1101 3506 potentiam
1123 3428 1272 3505 concipit,
1291 3430 1412 3490 laetatur

222 3542 294 3622 (per
314 3544 403 3622 Prop.
426 3553 474 3618 53.
495 3539 614 3621 hujus):
643 3541 730 3602 Mens
760 3556 856 3604 autem
878 3541 1017 3616 seipsam
1046 3539 1203 3602 necessario
1225 3544 1412 3618 contempla-

221 3670 285 3728 tur,
313 3654 433 3729 quando
461 3669 558 3714 veram
585 3651 645 3716 sive
674 3656 855 3730 adaquatam
884 3650 978 3713 ideam
999 3651 1132 3728 concipit
1153 3651 1228 3731 (per
1247 3654 1338 3731 Prop.
1364 3671 1414 3732 43.

216 3779 249 3845 p.
270 3765 324 3845 a).
364 3765 408 3825 At
433 3766 521 3825 Mens
549 3763 685 3841 quasdam
713 3765 795 3826 ideas
824 3768 992 3842 adaquatas
1021 3763 1153 3840 concipit
1175 3764 1248 3843 (per
1267 3763 1363 3825 Schol.
1387 3783 1417 3824 a.

221 3879 311 3956 Prop.
332 3893 380 3955 40.
397 3889 429 3955 p.
452 3877 505 3954 a).
546 3877 627 3956 Ergo
655 3891 779 3938 eatenus
801 3875 887 3936 etiam
909 3878 1042 3951 laetatur,
1062 3891 1208 3955 quatenus
1229 3875 1312 3936 ideas
1333 3879 1416 3938 adae-

222 4004 327 4066 quatas
347 3989 496 4064 concipit,
516 3990 575 4050 hoc
597 3988 638 4049 esl
659 3989 733 4068 (per
754 3990 843 4067 Prop.
864 4005 888 4048 r.
910 3987 1011 4067 liujus)
1034 4003 1180 4064 quatenus
1202 3986 1272 4066 agit.
1292 3987 1417 4050 Deinde
1456 4005 1457 4074 ,

221 4103 309 4164 Mens
339 4117 399 4162 tam
430 4118 577 4179 quatenus
609 4103 699 4162 claras
729 4117 760 4162 et
790 4099 954 4176 dillinsias,
982 4119 1068 4178 quam
1097 4114 1244 4178 quatenus
1271 4101 1417 4163 confusas

221 4213 311 4275 habet
337 4213 435 4287 ideas,
462 4213 492 4274 sn
521 4213 574 4275 suo
603 4213 662 4274 esse
688 4211 870 4291 perseverare
892 4229 1016 4275 conatur
1037 4213 1111 4293 (per
1131 4214 1220 4293 Prop.
1240 4231 1270 4290 9.
1290 4211 1415 4295 husim:
1456 4225 1457 4236 ¹

223 4326 266 4385 At
287 4343 339 4400 per
358 4341 497 4386 conatum
518 4323 720 4402 Cupiditatem
742 4324 931 4404 intelligimus
952 4325 1026 4405 (per
1045 4325 1168 4404 ejusdem
1186 4323 1311 4403 Schol>3
1339 4345 1413 4406 ergo
