2934 4900
528 337 583 396 De
622 337 776 398 Mente.

471 523 834 570 eonoannnruna.

91 613 172 678 Hinc
204 615 356 695 seqnitur,
387 621 469 696 quod
501 618 557 680 Dei
590 619 740 700 cogitandi
771 618 907 697 potentia
939 615 1059 695 equalis
1085 615 1127 677 est
1152 613 1241 692 iplior

53 730 158 790 asluali
186 731 293 810 agendi
320 730 472 810 potentie.
514 734 581 795 Hoc
610 733 668 810 est,
695 732 847 814 Quicquid
867 751 905 792 ex
925 730 1039 792 infinita
1060 729 1117 790 Dei
1138 745 1242 792 natura

53 841 187 918 sequitur
215 843 389 923 formaliter,
417 844 446 907 id
475 863 560 908 omne
588 863 625 906 ex
652 845 709 906 Dei
737 845 802 908 idea
831 847 936 907 eodem
958 843 1061 906 ordine
1081 845 1241 920 eademque

52 954 244 1018 connexione
266 956 398 1034 sequitur
419 957 448 1019 in
470 957 536 1020 Deo
559 957 725 1056 objet’tive.¹

523 1121 778 1166 acuonruu.

91 1214 168 1291 llic,
189 1231 346 1292 antequam
366 1213 490 1278 ulterius
510 1234 680 1296 pergarnus,
698 1218 897 1279 revocandum
917 1216 1004 1278 nobis
1023 1216 1054 1277 in
1075 1215 1241 1278 memoriam

52 1325 93 1386 cll
124 1327 174 1402 id,
206 1331 289 1404 quod
319 1327 404 1404 supra
435 1327 629 1404 ostendimua3
660 1345 764 1406 nempe
794 1330 877 1406 quod
905 1327 1047 1406 quicquid
1067 1331 1105 1390 ab
1125 1328 1240 1389 infinito

52 1439 207 1501 intellectu
232 1439 345 1517 percipi
371 1439 468 1516 potest
496 1455 633 1517 tanquam
664 1438 829 1502 substantiae
864 1438 1012 1502 essentiam
1046 1438 1241 1518 constituens,

52 1551 82 1612 id
111 1570 201 1614 omne
230 1555 266 1615 ad
299 1552 411 1614 unicam
442 1568 555 1616 tantum
587 1551 773 1617 substantiam
803 1552 948 1630 pertinet,
975 1567 1007 1614 et
1027 1551 1241 1628 consequenter

52 1667 136 1740 quod
169 1663 327 1726 substantia
358 1664 492 1744 cogitans
521 1681 552 1727 et
582 1664 740 1728 substantia
772 1665 891 1728 extensa
922 1684 980 1728 una
1012 1667 1171 1742 eademque
1197 1662 1245 1724 est.

51 1775 231 1852 substantia,
250 1795 315 1854 qun
335 1776 395 1856 jam
414 1775 466 1839 sub
487 1777 561 1853 hoc,
578 1778 639 1855 J'am
660 1778 712 1840 sub
735 1777 787 1840 illo
808 1777 953 1840 attributo
975 1775 1240 1855 comprehenditur.

50 1889 100 1950 Sic
128 1889 218 1950 etiam
246 1893 351 1952 modus
380 1887 559 1952 extensionis
588 1905 618 1952 er
644 1890 711 1953 idea
739 1890 817 1952 illius
838 1890 918 1954 modi
939 1907 997 1952 una
1019 1891 1179 1966 eidemque
1200 1886 1242 1948 cst

50 2019 115 2076 res,
136 2000 188 2062 sed
209 2004 327 2064 duobus
348 2001 443 2066 modis
463 2000 611 2079 exprella;
633 2005 715 2079 quod
737 2001 855 2080 quidam
876 2002 1068 2064 Hebraeorum
1088 1999 1167 2078 quasr
1188 2016 1240 2076 per

51 2113 190 2176 nebulam
206 2113 309 2178 vidille
325 2114 478 2190 videntur,
495 2114 546 2192 qui
563 2113 673 2176 scilicet
690 2115 835 2190 statuunt,
855 2115 967 2189 Deum,
978 2113 1035 2174 Dei
1045 2113 1240 2188 intelledlum,

53 2225 158 2304 resque
185 2229 223 2288 ab
249 2227 315 2304 ipio
343 2227 519 2304 intellellas,
546 2245 636 2290 unum
657 2242 688 2288 et
708 2225 784 2289 idem
811 2225 878 2288 esse.
917 2225 974 2287 Ex.
995 2244 1037 2306 qr.
1058 2225 1183 2286 circulor
1210 2226 1240 2286 in

53 2341 170 2402 Natura
196 2339 340 2416 existens,
366 2353 398 2400 et
424 2339 489 2401 idea
517 2338 618 2400 circuli
645 2338 812 2416 existentis,
840 2358 906 2416 quae
935 2339 1021 2400 etiam
1042 2338 1072 2399 in
1093 2340 1160 2399 Deo
1181 2337 1240 2415 est,

53 2471 111 2513 una
133 2454 294 2529 eademque
315 2452 355 2513 est
375 2470 437 2529 res,
459 2470 523 2529 quae
545 2469 597 2528 per
616 2452 729 2515 diversa
749 2451 891 2514 attributa
909 2451 1088 2529 explicnuu3
1107 2465 1138 2511 et
1154 2449 1241 2517 ideo.

52 2562 112 2627 five
134 2564 276 2625 Naturam
296 2563 349 2627 sub
370 2563 514 2627 attributo
535 2564 741 2642 Extenfionis,
758 2562 818 2628 sive
836 2565 888 2627 sub
906 2562 1050 2625 attributo
1070 2560 1238 2643 Cogitatio·

54 2676 115 2752 nie,
133 2675 195 2739 lire
215 2676 266 2737 sub
284 2676 343 2738 alio
362 2696 541 2755 quocunque
559 2676 774 2754 concipiamus,
790 2696 880 2741 unum
899 2679 1083 2753 eundemque
1094 2675 1240 2752 ordinem,

53 2787 112 2849 five
143 2805 230 2849 unam
257 2792 436 2866 eandemque
465 2788 612 2850 causarum
640 2778 873 2865 connexionem,
900 2789 958 2849 hoc
981 2788 1022 2849 eil
1044 2788 1156 2850 easdem
1176 2806 1239 2864 res,

54 2896 181 2959 invicem
209 2895 290 2973 sequi
316 2897 501 2974 reperiemus.
542 2900 607 2960 Nec
636 2900 696 2959 ulla
717 2898 772 2959 alia
794 2901 831 2960 de
852 2897 937 2960 causa
957 2897 1036 2975 dlxi,
1056 2901 1138 2977 quod
1158 2900 1240 2960 Deus

53 3008 86 3069 srt
115 3009 204 3071 causa
231 3010 303 3072 ideae
332 3028 379 3071 ex.
405 3029 449 3089 gr.
481 3010 581 3073 circuli
611 3026 757 3089 quatenus
777 3026 891 3072 tantum
912 3010 953 3071 eil
972 3028 1018 3071 ree
1037 3010 1189 3089 cogitans,
1210 3024 1240 3069 et

52 3119 155 3180 circuli
183 3135 330 3197 quatenus
359 3135 472 3183 tantum
499 3122 540 3182 est
561 3139 606 3183 res
628 3122 764 3200 extensa,
785 3121 837 3183 nili
858 3121 928 3200 quia
948 3119 1004 3183 esse
1026 3120 1145 3182 formale
1166 3120 1239 3181 idcae

52 3229 155 3291 circuli
176 3249 237 3293 non
258 3231 309 3293 nist
331 3252 382 3309 per
403 3232 490 3295 aliurn
511 3233 662 3313 cogitandi
683 3220 823 3309 modum,
845 3248 984 3309 tanquam
1005 3231 1117 3294 causam
1138 3229 1240 3307 proxi·

53 3360 143 3417 mam,
171 3358 202 3404 et
229 3344 276 3405 ille
305 3344 409 3408 iterum
436 3364 489 3423 per
517 3346 622 3423 alium,
650 3362 681 3407 et
701 3346 739 3407 stc
760 3344 790 3407 in
810 3344 974 3421 infinitum,
994 3343 1092 3421 potest
1112 3342 1240 3420 percipi;

53 3454 94 3515 ita
116 3470 170 3532 ut,
190 3456 329 3531 quamdiu
350 3475 395 3518 rer
417 3474 451 3519 ut
472 3456 624 3537 cogitandi
642 3456 722 3520 modi
740 3455 975 3533 considerantur,
993 3454 1123 3516 ordinem
1145 3452 1240 3514 totius

53 3568 194 3643 Natura,
212 3566 271 3631 five
288 3567 435 3630 causarum
453 3568 685 3647 connexionem,
705 3586 759 3646 per
778 3568 872 3631 solum
893 3564 1094 3647 Cogitationis
1116 3566 1239 3629 attribu·

55 3694 117 3739 tum
138 3676 286 3754 explicare
308 3680 448 3741 debemus
465 3680 498 3757 *ς
519 3696 550 3741 et
571 3695 717 3758 quatenus
737 3696 773 3743 ut
798 3680 879 3742 modi
899 3678 1087 3741 Extensionis
1108 3676 1238 3739 confide·

55 3804 172 3863 rantur,
199 3790 275 3851 ordo
303 3788 389 3851 ctiam
414 3790 509 3853 totius
530 3792 652 3853 Natura
673 3810 725 3868 per
746 3792 838 3854 solum
858 3790 1047 3853 Extensronis
1066 3789 1239 3852 attributum

56 3900 195 3977 explicari
223 3902 330 3977 debet,
357 3918 387 3963 et
414 3900 491 3965 idem
513 3904 550 3965 de
571 3902 636 3965 aliia
655 3902 807 3965 attributis
827 3902 969 3983 intelligo.
1010 3905 1109 3986 Quare
1129 3920 1240 3977 rerum,

56 4030 87 4073 ut
117 4012 149 4075 in
180 4012 211 4074 se
244 4012 328 4089 sunt,
358 4014 439 4077 Deua
454 4034 570 4105 ,revera
602 4016 642 4077 cll
672 4016 774 4092 causa,
806 4032 951 4092 quatenus
978 4016 1100 4079 infinitis
1126 4016 1239 4079 constat

55 4126 223 4204 attributie3
245 4143 300 4186 nec
321 4115 575 4203 impraesentiarum
597 4128 659 4189 haec
681 4128 786 4191 clarius
807 4127 920 4205 possum
938 4129 1093 4206 explicare.

86 4341 347 4395 ’Qmmm
