2934 4900
372 327 510 405 Caput
542 328 594 389 Vl.
635 328 680 387 De
701 326 883 388 Monarchia.
1165 344 1224 404 309

31 502 104 562 nihil
134 504 173 563 de
202 502 349 580 aliquare
371 504 493 564 statuere
520 503 625 579 liceat,
646 502 697 563 ttisr
719 503 865 564 intelledta
886 502 967 578 ptius
986 502 1075 579 hujus
1097 502 1224 563 Concilii

32 613 190 675 sententis.
216 615 275 676 Sed
295 614 315 674 st
338 614 491 690 Concili0,
520 630 552 675 ut
574 616 745 692 plerumque
766 616 833 691 fiet,
855 634 915 676 nott
937 635 994 676 tttta
1016 635 1096 676 mens
1117 616 1222 692 suerit,

32 724 80 786 sed
102 726 234 788 diversas
254 726 389 787 habuerit
409 726 584 805 sententias,
603 704 690 788 etiam
712 726 865 805 postquam
886 726 932 786 bis
952 741 1002 787 aut
1024 742 1069 786 ter
1088 726 1224 803 quastio-

32 856 97 897 nem
126 840 167 899 de
194 838 294 899 eadem
322 856 351 899 re
379 838 550 914 habuerint,
577 858 623 899 res
650 840 680 900 in
709 838 826 917 longius
854 840 994 899 trahenda
1014 856 1074 899 non
1096 839 1153 914 eil,
1175 838 1224 899 sed

32 950 233 1025 discrepantes
260 949 410 1011 sententiae
438 953 475 1011 ad
503 953 613 1029 Regem
640 952 824 1028 deserenda,
846 967 879 1012 ut
900 952 966 1012 Art.
987 962 1036 1026 25.
1056 950 1144 1028 hujtts
1165 951 1223 1013 Ca-

33 1061 104 1137 pitis
126 1062 310 1123 docebimus.

72 1174 99 1252 §.
121 1174 235 1233 XVIII.
277 1171 375 1248 Hujus
402 1188 542 1250 practerea
571 1173 699 1235 Concilii
729 1174 858 1236 officium
886 1175 973 1235 etiam
994 1174 1045 1251 fit,
1066 1174 1158 1253 Regis
1178 1176 1222 1236 in-

36 1286 135 1347 stituta
165 1286 215 1349 seu
242 1289 358 1348 decreta
386 1286 587 1364 promulgate,
618 1302 664 1362 et,
687 1286 758 1363 quid
780 1286 810 1347 in
832 1286 1051 1362 Rempublicam
1073 1290 1223 1349 decretum

36 1387 96 1473 ests
109 1416 225 1473 curare,
246 1397 398 1475 totiusque
420 1396 677 1459 administrationis
699 1398 813 1476 imperii
835 1416 931 1460 cutam
953 1399 1222 1476 habete,tanqttam

39 1510 128 1589 Regis
153 1509 263 1571 vicarii.

74 1622 204 1703 §XIX
245 1620 370 1684 Civibus
402 1620 473 1681 nulli
506 1622 542 1681 ad
574 1622 683 1699 Regem
717 1620 815 1683 aditus
847 1637 989 1698 pateant,
1021 1622 1072 1683 nist
1093 1641 1145 1698 per
1164 1623 1222 1683 hoc

37 1733 220 1808 Concilium,
248 1732 295 1793 cui
325 1750 427 1793 omnes
458 1732 673 1808 postulationes
708 1733 759 1794 seu
792 1732 882 1794 libelli
910 1733 1057 1810 supplices
1088 1734 1221 1795 tradendi

38 1846 119 1922 sunt,
143 1860 176 1905 ut
197 1844 272 1923 Regi
296 1844 465 1905 offerantur.
497 1844 617 1923 Legatis
638 1844 725 1905 ctiam
747 1844 865 1905 aliarum
887 1843 1050 1907 Civitattrtn
1070 1863 1147 1921 nort,
1169 1843 1221 1905 nist

38 1959 236 2018 intercedente
254 1956 312 2018 hoc
330 1956 484 2031 Concilio,
501 1958 616 2018 venIam
636 1959 748 2036 Regem
766 1957 935 2034 alloquendi
951 1956 1103 2035 impetrare
1120 1957 1221 2032 liceat;

38 2070 173 2144 Epistolae
202 2084 358 2144 praeterea,
387 2088 452 2145 quae
482 2087 519 2129 ex
548 2068 611 2129 aliis
638 2070 713 2131 locis
742 2070 819 2149 Regi
833 2069 1022 2145 mittuntur,
1050 2070 1078 2130 ei
1106 2070 1221 2131 abhoc

39 2182 174 2243 Concilio
195 2181 269 2243 tradi
291 2183 414 2257 debent;
437 2195 466 2241 et
489 2181 622 2242 absolute
645 2184 711 2242 Rex
733 2181 894 2243 censendus
912 2182 953 2242 est
970 2182 1063 2243 veluti
1081 2181 1221 2243 Civitatis

39 2313 133 2367 mens,
154 2294 211 2353 hoc
232 2308 329 2354 autem
361 2291 526 2353 Concilium
558 2293 664 2355 mentis
695 2294 795 2356 sensus
823 2293 953 2370 externi,
973 2294 1023 2356 seu
1045 2297 1059 2329 *
1081 2294 1221 2358 Civitatis

40 2422 161 2480 corpus,
181 2422 233 2480 per
253 2405 336 2481 quod
357 2421 437 2464 mens
458 2402 599 2467 Civitatis
621 2405 724 2468 statum
747 2404 897 2483 concipit,
915 2423 946 2466 et
965 2424 1018 2483 per
1037 2408 1120 2483 quod
1139 2424 1221 2466 mens

40 2515 65 2576 id
86 2517 165 2596 agit,
185 2519 266 2593 quod
286 2516 337 2578 srbi
359 2517 502 2592 optimum
524 2517 581 2578 esse
600 2518 741 2580 decernit.

75 2628 102 2708 ᾗ,
122 2629 188 2688 XX.
229 2630 305 2691 Cura
326 2628 402 2689 filios
423 2629 514 2707 Regis
535 2631 678 2692 educandi
699 2630 768 2691 huic
790 2630 878 2691 etiam
898 2629 1036 2691 Concilio
1055 2629 1222 2705 incumbat,

40 2757 64 2800 et
85 2741 173 2802 etiam
194 2741 303 2816 tutela,
324 2741 344 2800 st
366 2743 449 2817 Rex,
470 2741 629 2802 successore
651 2741 782 2817 Infante,
810 2742 861 2802 seu
883 2759 976 2817 puero
996 2741 1113 2819 relicto,
1135 2741 1221 2804 obiit.

40 2855 92 2913 Sed
120 2871 157 2913 rte
186 2867 282 2914 tamen
308 2853 474 2916 Concilium
497 2853 606 2914 interea
628 2854 770 2931 temporis
790 2854 848 2915 stne
869 2856 953 2932 Rege
973 2853 1024 2928 stt,
1045 2873 1082 2914 ex
1102 2854 1220 2915 Nobili·

41 2968 91 3025 bus
121 2965 262 3028 Cluitatis
292 2967 395 3027 Senior
426 2967 596 3046 eligendus,
628 2966 679 3042 qui
713 2967 804 3046 Regis
834 2968 931 3027 locum
953 2966 1104 3042 suppleat,
1124 2968 1219 3027 donec

41 3078 182 3156 legitimus
210 3077 352 3139 successor
379 3097 415 3138 eo
443 3077 539 3140 aetatis
562 3075 746 3155 pervenerit,
767 3096 828 3155 quo
851 3077 963 3155 imperii
986 3096 1062 3139 ottus
1083 3076 1218 3139 sustinete

41 3192 129 3263 possit.

76 3301 101 3381 ἓ.
122 3301 203 3360 XXI.
246 3301 343 3377 Huius
375 3299 503 3361 Concilii
532 3301 690 3362 Candidati
717 3301 739 3362 ii
767 3301 839 3378 Imt,
866 3301 917 3378 qni
945 3302 1088 3380 regimen,
1116 3303 1219 3363 sunda-

41 3430 148 3488 menta,
179 3428 210 3473 et
240 3413 343 3474 statum
375 3413 425 3474 sert
457 3412 658 3476 conditionem
691 3415 852 3491 Civitatis,
883 3414 967 3491 cuius
998 3413 1106 3476 subditi
1137 3414 1219 3490 sunt,

42 3527 150 3600 norint;
172 3525 274 3601 atqui
293 3524 454 3601 iurisperiti
482 3527 579 3587 locum
609 3545 753 3603 occupare
774 3529 856 3603 vult,
876 3526 902 3586 is
921 3540 1026 3603 praeter
1043 3527 1169 3605 regimen
1190 3542 1220 3586 et

41 3637 237 3698 conditionem
259 3635 415 3712 Civitatis,
437 3636 520 3713 cujus
543 3637 677 3700 subditus
698 3638 750 3713 est,
772 3638 889 3700 aliarum
908 3638 1008 3714 etiam,
1026 3657 1091 3699 cum
1112 3637 1220 3713 quibus

41 3747 237 3808 commercium
267 3747 389 3823 aliquod
417 3747 590 3826 intercedit,
620 3748 690 3810 scire
721 3751 825 3826 debet;
855 3750 903 3810 sed
930 3749 1017 3826 nulli,
1038 3749 1090 3810 nist
1111 3749 1162 3825 qui
1183 3753 1219 3811 ad

42 3858 300 3938 quinquagesimum
330 3858 425 3920 aetatis
453 3879 578 3936 annum,
606 3861 686 3922 nullo
708 3860 838 3923 convisii
859 3860 994 3937 crimine,
1015 3861 1219 3938 pervenerint,

42 3970 64 4030 in
84 3973 249 4050 catalogum
271 3971 471 4051 eligendorum
492 3973 636 4035 referendi
657 3973 733 4038 sunt.

75 4083 100 4164 ς.
121 4083 215 4144 XXII.
256 4085 291 4144 ln
314 4085 372 4146 hoe
400 4085 538 4146 Concilio
567 4085 640 4148 nihil
661 4088 697 4148 de
719 4088 807 4148 rebus
827 4087 943 4163 Imperii
969 4087 1219 4162 concludendum,

72 4333 82 4362 ⁸
115 4333 162 4384 ud.
178 4333 233 4383 Pu:
256 4345 317 4388 cett„
