2934 4900
224 318 284 406 436
703 314 944 387 Tractatui

263 496 319 557 ilis
349 511 445 573 puto,
474 514 519 562 me
549 514 641 556 meam
672 495 844 557 sententiam
873 496 1030 572 scripturae
1053 496 1234 559 authoritate
1256 498 1407 558 confirma

222 609 308 683 ville;
339 608 467 684 superest
493 608 555 685 jam
585 608 755 681 ostendere,
776 611 929 684 quomodo
951 622 981 668 et
1003 628 1060 684 qua
1082 608 1197 669 ratione
1227 608 1419 669 caeremonia

222 720 421 783 inserviebant
442 724 477 783 ad
499 720 651 797 imperium
672 722 863 782 Hebraeorum
886 721 1117 785 conservandum
1139 736 1170 783 et
1191 722 1419 795 stabiliendum3

224 836 323 911 quod,
343 851 429 910 quam
451 832 623 908 paucillimis
643 849 769 909 potero,
797 851 835 894 ex
857 832 1070 897 universalibus
1092 833 1293 895 fundamentis
1316 834 1418 895 oslen-

222 948 298 1007 dam.
337 945 472 1005 Societas
502 962 563 1005 non
591 960 705 1006 tantum
738 949 774 1005 ad
807 945 905 1007 secure
937 949 973 1006 ab
1004 944 1138 1007 hostibus
1159 946 1342 1021 vivendum,
1367 946 1417 1007 sed

223 1057 310 1119 etiam
339 1060 375 1118 ad
403 1059 557 1118 multatum
583 1074 677 1119 rerum
705 1059 911 1133 compendium
940 1058 1104 1121 faciendum
1111 1104 1121 1135 ,
1144 1058 1279 1135 perutilis
1302 1061 1345 1119 est
1353 1104 1364 1135 ,
1387 1076 1417 1120 et

224 1169 346 1231 maxime
366 1169 454 1230 etiam
475 1168 645 1245 necessaria3
667 1188 748 1245 nam,
770 1170 821 1231 nili
842 1170 976 1232 homines
997 1172 1124 1234 invicem
1143 1190 1262 1247 operam
1279 1187 1416 1233 mutuam

224 1285 291 1343 dare
326 1282 435 1357 velint,
467 1280 534 1359 ipsu
562 1299 593 1343 et
621 1300 666 1343 ars
694 1298 724 1342 et
754 1297 871 1361 tempus
902 1284 1040 1345 deficeret
1068 1286 1104 1345 ad
1136 1284 1182 1359 se,
1213 1288 1315 1361 quoad
1349 1284 1417 1359 ejus

223 1394 284 1457 lieri
316 1395 430 1470 potest,
461 1394 677 1455 sustentandum
709 1410 740 1455 et
772 1395 1012 1458 conservandum.
1053 1398 1125 1457 Non
1151 1397 1355 1457 enimomnes
1379 1400 1415 1457 ad

224 1506 321 1566 omnia
342 1525 425 1583 aeque
446 1506 507 1582 apti
528 1508 615 1581 sunt,
636 1526 691 1568 nec
712 1508 911 1585 unusquisque
932 1509 1014 1586 potis
1035 1508 1103 1570 esset
1126 1513 1162 1570 ad
1184 1528 1218 1569 ea
1239 1528 1416 1585 comparan-

224 1621 309 1693 dum,
330 1618 439 1694 quibua
461 1618 540 1679 solus
560 1619 684 1681 maxime
706 1619 828 1698 indiget.
869 1620 956 1681 Vires
978 1636 1008 1681 et
1028 1636 1166 1697 tempus,
1187 1621 1324 1698 inquam,
1346 1622 1415 1683 uni-

223 1729 331 1806 cuique
359 1732 516 1792 delicerent
522 1777 532 1808 ,
560 1730 581 1791 st
608 1731 686 1792 solua
707 1733 828 1792 deberet
849 1750 945 1807 arare,
959 1732 1119 1808 seminare,
1141 1748 1265 1807 metere,
1286 1734 1415 1807 molere,

224 1860 369 1919 coquere,
396 1859 512 1919 texere,
540 1844 638 1917 suere,
665 1858 695 1903 et
725 1843 780 1903 alia
810 1843 984 1919 perplurima
1013 1843 1163 1905 advitam
1192 1844 1415 1905 sustentandum

224 1954 352 2029 efficere3
374 1970 407 2015 ut
423 1953 483 2031 jam
505 1970 616 2016 taceam
637 1970 714 2015 artes
731 1970 762 2015 et
781 1954 931 2031 scientias,
953 1976 1018 2033 quae
1040 1956 1181 2018 etiamad
1201 1958 1413 2033 perfeclionem

223 2067 357 2128 humanae
378 2082 489 2129 naturae
511 2067 631 2145 eiusque
651 2068 866 2130 beatitudinem
887 2068 954 2129 sunt
976 2068 1083 2129 summe
1105 2068 1275 2131 necessariae.
1317 2070 1413 2129 Vide·

225 2198 289 2241 mus
317 2180 393 2240 enim
419 2198 487 2256 eoa,
514 2180 566 2257 qui
593 2183 713 2242 barbare
741 2180 800 2241 stne
829 2180 934 2257 politia
963 2181 1086 2255 vivunt,
1115 2181 1206 2243 vitam
1228 2180 1357 2241 miseram
1381 2197 1412 2240 et

225 2308 309 2367 paene
330 2292 472 2352 brutalem
494 2311 594 2371 agere,
617 2312 671 2353 nec
692 2308 790 2353 tamen
812 2311 904 2368 pauca
926 2292 991 2368 illa,
1012 2292 1111 2354 misera
1133 2308 1164 2354 et
1185 2292 1412 2368 impolita,quae

224 2400 350 2478 habent,
370 2400 428 2464 stne
449 2420 550 2466 mutua
572 2421 677 2480 opera,
698 2404 793 2482 qualis
815 2404 909 2482 qualis
930 2422 963 2466 ea
985 2404 1040 2480 lit,
1061 2403 1112 2466 stbi
1135 2418 1315 2481 comparant.
1344 2406 1411 2485 Jam

225 2518 244 2578 li
265 2517 400 2578 homines
419 2538 435 2578 a
452 2519 566 2580 Natura
587 2517 629 2578 ita
651 2518 742 2579 essent
760 2517 928 2594 constituti,
949 2533 983 2578 ut
1004 2517 1076 2578 nihil
1097 2517 1148 2578 nist
1171 2519 1214 2594 id,
1237 2520 1318 2595 quod
1340 2535 1411 2579 veta

225 2628 317 2690 Ratio
345 2629 472 2704 indicat,
501 2645 660 2706 cuperent,
688 2630 775 2691 nullis
803 2631 869 2691 sane
898 2629 1011 2709 legibus
1034 2631 1177 2709 indigeret
1198 2630 1338 2705 societas,
1361 2631 1409 2691 sed

225 2742 358 2803 absolute
390 2742 555 2818 sufficeret,
593 2742 726 2803 homines
759 2759 827 2804 vera
858 2746 1036 2803 documenta
1068 2741 1186 2803 moralia
1218 2744 1345 2816 docere,
1377 2758 1410 2803 ut

226 2853 330 2930 sponte
360 2855 476 2933 integro
507 2871 538 2915 et
569 2855 679 2915 liberali
711 2854 809 2916 animo
839 2855 887 2930 id,
916 2856 998 2932 quod
1020 2873 1088 2917 vere
1111 2854 1183 2915 utile
1205 2853 1262 2930 est,
1282 2871 1409 2932 agerent.

225 2968 335 3029 Venam
355 2969 444 3046 longe
465 2967 550 3027 aliter
569 2985 635 3027 cum
657 2967 782 3028 humana
804 2983 907 3027 natura
928 2966 1120 3028 constitutum
1141 2965 1202 3041 est;
1223 2983 1324 3026 omnes
1345 2967 1410 3042 qui-

226 3081 291 3139 dem
313 3079 394 3140 suum
416 3079 489 3140 utile
510 3094 660 3156 quarunt,
682 3095 712 3139 at
732 3079 848 3139 minime
868 3098 904 3138 ex
922 3079 996 3139 sanae
1019 3077 1158 3138 Rationis
1179 3077 1408 3152 disiamine‚sed

226 3190 431 3267 perplurimum
452 3211 489 3250 ex
511 3191 572 3250 sola
592 3189 729 3264 libidine,
748 3205 778 3250 et
798 3189 885 3250 animi
907 3189 1060 3251 affedtibus
1082 3189 1194 3265 abrepti
1217 3189 1282 3266 (qui
1304 3191 1407 3249 nullam

226 3301 367 3377 temporis
397 3303 489 3363 futuri
520 3302 699 3379 aliarumque
726 3321 819 3363 retum
850 3301 994 3362 rationem
1021 3302 1163 3375 habent),
1190 3318 1236 3362 tea
1267 3317 1408 3378 appetunt

227 3415 372 3492 utilesque
389 3415 535 3491 judicant.
557 3413 635 3475 Hinc
658 3415 708 3489 sit,
729 3429 763 3474 ut
785 3415 862 3475 nulla
885 3413 1009 3474 societas
1031 3415 1116 3489 possit
1137 3411 1282 3473 subsistere
1303 3414 1407 3490 absque

226 3525 350 3602 imperio
379 3542 409 3586 et
438 3527 486 3601 vi,
514 3543 545 3587 et
576 3527 791 3602 consequenter
823 3524 953 3605 legibus,
984 3543 1049 3602 quae
1081 3523 1231 3586 hominum
1262 3525 1406 3586 libidinem

227 3654 316 3715 atque
348 3639 528 3699 effraenatum
558 3639 699 3715 impetum
731 3641 920 3699 moderentur
952 3652 982 3697 et
1014 3635 1182 3696 cohibeant.
1223 3638 1293 3696 Non
1315 3653 1405 3698 tamen

227 3750 352 3812 humana
372 3766 475 3813 natura
494 3750 606 3826 patitur
626 3749 761 3811 absolute
783 3749 811 3810 sc
833 3750 916 3828 cogi,
939 3765 987 3824 et,
1007 3763 1040 3809 ut
1060 3749 1170 3809 Seneca
1191 3749 1332 3827 Tragicus
1352 3749 1407 3822 ait,

227 3864 354 3922 violenta
373 3866 497 3943 imperia
518 3881 594 3922 neoto
616 3866 757 3924 continuit
777 3865 844 3934 diu;
864 3864 1012 3922 moderata
1030 3862 1139 3921 durant
1149 3863 1174 3936 *ς
1185 3861 1324 3938 quamdiu
1334 3863 1404 3921 enim

226 3973 360 4035 homines
392 3993 429 4035 ex
460 3976 523 4036 solo
555 3991 635 4036 metu
667 3990 775 4054 agunt,
807 3973 919 4036 tamdiu
951 3973 998 4048 id,
1030 3977 1111 4050 quod
1138 3973 1261 4034 maxime
1290 3975 1404 4048 nolunt,

228 4083 358 4161 faciunt,
379 4105 432 4148 nec
455 4087 598 4149 tationem
619 4085 758 4150 utilitatis
781 4101 811 4147 et
833 4083 1007 4147 necessitatis
1028 4085 1069 4146 rei
1091 4087 1209 4164 agendae
1230 4100 1345 4160 tenent,
1360 4086 1404 4146 sed

262 4319 275 4350 ⁸
311 4316 439 4368 Troadum
456 4329 504 4367 act.
523 4319 558 4366 ll.
574 4316 613 4369 vl.
629 4318 678 4382 258
697 4316 750 4380 sq.a
771 4315 893 4370 Violenter
911 4333 980 4368 nenio
998 4317 1105 4384 imperia
1124 4325 1171 4366 erc.
