2934 4900
310 301 798 381 Theologico-Politici
834 301 1025 380 Cap.XVIl.
1210 305 1269 382 583

74 473 202 554 judice,
232 475 282 540 sed
313 489 375 538 arte
405 476 499 540 Moiia
530 478 678 541 antinoios
709 477 784 556 effe;
814 479 866 558 qui
896 482 1020 543 tandem.
1045 479 1110 556 post
1140 497 1270 559 magnam

81 590 199 651 cladem
219 591 268 653 vel
287 589 480 666 peihlentiam
501 589 589 652 feffua
609 590 740 669 sedavit,
761 591 802 652 ast
822 591 863 654 ita
884 607 918 654 ut
939 611 1040 656 omnes
1061 591 1133 654 mori
1154 593 1271 654 mallent

83 723 176 780 quam
195 703 309 782 vivere;
329 704 429 786 Quare
449 719 522 766 tuuc
541 703 683 782 temporit
703 704 810 768 seditio
833 705 923 785 magis
942 705 1081 782 deierat,
1102 723 1188 782 quam
1199 722 1270 767 con-

83 817 190 881 cordia
209 833 349 895 eoeperat.
370 818 463 900 Quod
482 819 525 880 ita
545 818 696 895 Scriptum
714 819 837 882 testatur
856 821 947 882 Deut.
968 839 1032 897 cap.
1044 835 1092 896 31.
1109 819 1125 855 *
1142 819 1184 881 vs.
1202 834 1269 894 ut„

85 929 141 995 ubi
160 932 244 992 Deua
263 931 357 1008 Mpst,
377 931 531 1008 postquam
551 931 580 993 ei
600 930 756 1008 praedixit,
776 933 919 1008 populum
939 932 1005 1008 post
1026 931 1090 1009 ejus
1111 947 1233 994 mortem
1254 949 1271 992 a

86 1041 194 1106 divino
224 1043 309 1104 cultu
338 1044 535 1118 defedumm,
563 1042 627 1104 hac
658 1041 720 1104 ait:
751 1045 834 1104 Nora·
853 1047 926 1104 enim
945 1043 1033 1123 ipstus
1051 1047 1226 1124 appetitam,
1246 1057 1274 1104 et

86 1155 164 1232 quid
179 1153 262 1215 bodie
279 1153 480 1231 machinabor,
500 1155 566 1215 dum
585 1155 706 1216 nondum
725 1155 841 1214 eandam
860 1155 969 1214 duxero
989 1155 1032 1213 ad
1048 1167 1176 1229 terram,
1188 1171 1273 1231 quam

77 1263 202 1339 juravi.
228 1263 270 1324 Et
290 1264 380 1341 pauiu
400 1263 466 1338 post
486 1262 589 1324 Moser
609 1262 662 1338 ipfi
681 1263 813 1338 populo:
844 1264 924 1324 Nam
943 1281 992 1338 ego
1011 1267 1082 1324 noui
1099 1262 1275 1324 rebellionem

87 1389 171 1436 tuam
189 1389 218 1436 et
236 1379 439 1437 contumaciam
459 1388 547 1436 mam.
569 1375 620 1450 Si,
640 1375 775 1450 damage
795 1375 940 1452 vobafcum
958 1377 1041 1452 viai,
1052 1373 1274 1453 rebellesfutstt's

41 1474 45 1483 ’
85 1502 192 1550 contra
220 1489 330 1564 Deum,
359 1487 446 1548 amito
474 1490 569 1563 magis
598 1489 684 1548 eritis
707 1487 770 1565 post
790 1499 907 1547 monem
926 1503 1024 1547 mam.
1054 1486 1094 1546 Et
1116 1503 1215 1550 revera
1236 1485 1274 1546 iic

87 1598 179 1660 etiam
205 1598 349 1679 contigit,
376 1615 412 1662 ut
438 1613 552 1660 notum.
583 1600 672 1660 Unde
699 1615 811 1678 magna
839 1598 1035 1675 mutationes,
1056 1615 1217 1676 magnaque
1237 1597 1275 1658 ad

88 1713 190 1774 omnia
208 1712 343 1790 licentia,
370 1714 459 1774 luxua
479 1726 510 1772 et
531 1711 683 1787 socordia,
703 1710 813 1789 quibua
834 1709 932 1773 omnia
952 1709 982 1770 in
1004 1709 1133 1772 deterius
1153 1709 1194 1771 ire
1214 1727 1273 1770 coe-

89 1837 215 1900 petunt,
245 1825 342 1886 donec
373 1821 449 1898 sape
480 1821 591 1884 subadi
617 1821 669 1899 juo
688 1821 822 1885 divinum
843 1822 930 1898 plane
948 1837 1105 1899 ruperunt,
1127 1836 1157 1883 et
1178 1839 1274 1902 regem

88 1936 241 1998 mortalem
268 1937 446 2010 voluerunt,
474 1950 508 1996 ut
535 1932 649 2010 imperii
676 1933 755 2013 regia
776 1951 836 1996 non
857 1935 1014 2012 templum,
1034 1933 1084 1996 sed
1104 1935 1168 1996 aula
1189 1931 1276 2010 effer,

89 2062 124 2108 et
153 2061 189 2110 ut
219 2065 320 2108 omnea
352 2046 446 2108 tribua
476 2063 537 2107 non
568 2045 691 2122 amplius
718 2045 793 2123 juria
824 2045 918 2110 divini
945 2061 976 2106 et
996 2045 1205 2124 Pontificatua,
1225 2043 1275 2107 sed

88 2163 207 2241 Regum
233 2160 366 2238 respediu
392 2159 533 2225 concives
561 2175 719 2222 manerent.
759 2162 803 2223 dt
830 2161 899 2222 hine
927 2161 1029 2240 ingens
1050 2161 1169 2222 materia
1188 2159 1276 2224 novis

89 2272 302 2349 seditionibut;
329 2292 366 2334 en
394 2273 503 2350 quibus
530 2272 618 2335 etiam
646 2275 764 2334 tandem
792 2273 905 2350 imperii
932 2274 1027 2336 totius
1047 2273 1131 2336 ruina
1150 2273 1274 2352 sequuta

89 2385 143 2447 eii
182 2388 258 2446 Nam
290 2385 362 2464 quid
394 2385 473 2449 aliud
502 2389 602 2466 Reges
632 2386 728 2449 minua
759 2387 833 2451 ferre
863 2387 998 2467 poh'unt,
1029 2407 1115 2468 quam
1144 2387 1275 2466 precario

89 2518 227 2579 regnare,
255 2514 286 2561 et
313 2498 464 2575 imperium
492 2499 522 2561 in
546 2499 669 2576 imperio
697 2501 784 2577 pati?
805 2501 866 2586 Qui
885 2502 969 2579 primi
990 2522 1028 2565 en
1048 2502 1172 2580 privatio
1192 2502 1276 2566 eleut

89 2613 176 2691 sunt,
206 2614 298 2692 gradu
327 2610 497 2691 dignitatis,
529 2614 567 2674 ad
597 2630 683 2689 quem
703 2612 912 2691 ascenderant,
932 2614 1066 2677 contenti
1087 2616 1223 2691 fuerunt3
1244 2629 1275 2675 at

88 2726 246 2803 postquam
275 2723 327 2787 iiiii
355 2724 422 2801 jure
451 2723 634 2787 succeffionio
663 2743 755 2805 regno
785 2726 877 2802 potiti
907 2726 991 2804 sunt,
1019 2726 1116 2789 omnia
1136 2723 1276 2801 paulatim

89 2852 204 2899 mutare
224 2851 393 2913 coeperunt,
415 2850 450 2899 ut
470 2854 557 2898 omne
573 2836 624 2914 juo
644 2836 757 2914 imperii
778 2838 832 2899 soli
852 2853 1004 2914 tenerent;
1025 2855 1086 2915 quo
1104 2834 1275 2897 maximaex

89 2965 176 3028 parte
203 2950 357 3025 carebant,
385 2946 527 3026 quamdiu
550 2947 601 3025 jua
627 2950 723 3027 legum
745 2950 781 3010 ab
801 2947 902 3010 iisdem
923 2966 983 3011 non
1005 2949 1170 3024 pendebat,
1188 2945 1239 3009 sed
1259 2966 1276 3007 a

90 3062 253 3136 Pontifice,
280 3060 332 3138 qui
360 3078 410 3121 aaa
430 3061 460 3121 in
481 3059 605 3122 sacratio
634 3059 819 3123 custodiebat
838 3060 945 3138 easque
967 3061 1081 3137 populo
1103 3059 1275 3136 interpreta-

90 3177 188 3235 batur.
229 3175 376 3250 Adeoque
407 3187 545 3249 tanquam
577 3170 686 3235 subditi
713 3171 829 3253 legibus
857 3173 1049 3249 tenebantur,
1069 3189 1124 3233 nec
1140 3171 1206 3248 jure
1227 3188 1277 3233 eas

90 3289 233 3365 abrogare
262 3300 419 3363 poterant,
448 3285 499 3347 ael
529 3302 623 3349 novat
654 3286 760 3363 aquali
791 3284 971 3348 authoritate
1002 3286 1138 3346 condere.
1159 3282 1275 3346 Deinde

91 3396 163 3475 quia
190 3396 241 3475 jus
270 3395 442 3460 Levitarum
473 3398 571 3475 Reges
602 3414 686 3474 aque
718 3413 752 3457 ac
784 3396 935 3473 subditos,
965 3411 999 3458 ut
1020 3396 1179 3473 profanos,
1198 3394 1277 3455 sacra

92 3508 287 3572 administrare
314 3506 509 3585 prohibebat;
529 3522 560 3569 et
580 3508 708 3585 denique
728 3508 798 3586 quia
819 3522 883 3570 tota
905 3508 947 3570 sui
969 3508 1080 3585 imperii
1101 3506 1239 3569 securitas
1260 3526 1276 3568 a

91 3622 153 3684 sola
180 3622 337 3683 voluntate
364 3619 453 3683 unius
459 3663 470 3697 ,
498 3620 550 3697 qui
577 3620 726 3697 Propheta
753 3620 926 3699 videbatur,
947 3622 1111 3698 pendebat,
1131 3618 1215 3696 cujus
1236 3617 1277 3681 rei

91 3734 227 3809 exempla
246 3732 398 3817 videraut:
420 3732 554 3794 nimirum
575 3748 686 3810 quanta
705 3752 772 3795 cum
792 3734 927 3795 libertate
947 3734 1060 3795 Samuel
1080 3732 1168 3795 Saule
1180 3730 1277 3793 omnia

92 3846 269 3924 imperabat,
290 3859 321 3906 et
342 3862 429 3922 quam
450 3845 534 3906 facile
554 3863 641 3907 unam
663 3846 703 3906 ob
727 3864 833 3907 noxam
852 3844 902 3923 juo
923 3844 1061 3925 regnandi
1081 3844 1112 3904 in
1131 3840 1276 3905 Davidem

91 3959 248 4023 transferte
268 3956 418 4034 potuerit:
440 3974 529 4035 quare
549 3974 580 4019 et
600 3956 753 4033 imperium
774 3955 805 4017 in
826 3956 948 4033 imperio
975 3956 1140 4030 habebant,
1160 3968 1191 4014 et
1210 3971 1277 4030 pre·

91 4072 172 4135 catio
201 4072 372 4149 regnabant.
412 4072 462 4138 Ad
492 4070 555 4137 haec
585 4088 655 4154 ergo
687 4070 864 4147 superanda,
892 4068 947 4130 alia
967 4068 1076 4155 templa
1095 4065 1161 4139 Diis
1182 4064 1277 4141 dicare

127 4309 140 4346 '
167 4306 215 4369 Ed·
232 4306 287 4366 ΡΜ
303 4318 344 4366 33ι
