2934 4900
309 314 809 405 'theologico-Politici
841 318 989 403 capvt
1188 336 1248 408 451'

57 517 180 577 contra,
211 518 244 563 ut
275 501 327 579 ipsi
358 504 479 563 Naturae
510 516 648 577 pareant3
681 516 787 578 utpote
820 502 871 579 qui
904 515 983 563 certe
1017 502 1130 579 sciunt,
1151 506 1246 565 Deum

56 616 200 674 Naturam
231 612 353 692 dirigere
384 628 473 689 prout
506 613 569 690 ejus
601 614 679 692 leges
710 613 908 690 universales,
939 633 999 676 non
1030 631 1127 676 autem
1157 630 1247 692 prout

57 727 192 786 humanae
213 740 324 787 naturae
344 726 534 802 particulares
552 727 630 804 leges
650 724 791 804 exigunt,
808 728 943 801 adeoque
965 728 1060 788 Deum
1075 746 1139 788 nort
1159 727 1248 789 solius

57 838 178 899 humani
198 837 328 917 generis,
349 838 398 898 sed
418 837 513 899 totius
534 839 655 898 Naturae
677 837 821 899 rationem
842 840 959 900 habere.
1001 838 1124 901 Constat
1146 840 1247 917 itaque

58 950 148 1010 etiam
168 969 206 1010 ex
226 950 287 1025 ipsa
308 949 475 1025 Scriptura,
497 949 633 1010 miracula
655 968 753 1012 veram
774 950 831 1011 Dei
853 950 1054 1029 cognitionem
1077 970 1137 1013 non
1160 954 1247 1028 dare,

60 1080 115 1122 nec
135 1061 192 1123 Dei
213 1061 429 1137 providentiam
450 1063 526 1122 clare
547 1064 663 1122 docere.
706 1062 797 1143 Quod
829 1078 927 1123 autem
947 1062 978 1122 in
1001 1064 1150 1139 Scriptura
1172 1063 1249 1142 saepe

58 1174 219 1249 reperitur,
245 1176 340 1235 Deum
370 1189 508 1249 portenta
536 1172 651 1249 secisse,
680 1189 714 1234 ut
736 1172 905 1235 hominibus
926 1174 1141 1253 innotesceret,
1163 1192 1196 1237 ut
1218 1177 1248 1237 in

58 1286 159 1348 Exodi
180 1305 244 1361 cap.
258 1303 303 1347 10.
325 1286 455 1360 versu,
475 1288 569 1346 Deum
588 1287 750 1365 AEgyptios
769 1285 898 1361 illusisse,
915 1302 945 1346 et
962 1284 1040 1365 signa
1059 1286 1102 1349 sui
1121 1287 1249 1364 dedisse,

58 1415 94 1459 ut
115 1398 250 1459 lsraelitae
271 1398 482 1477 cognoscerent
504 1418 569 1459 eum
592 1398 647 1459 esse
667 1401 782 1474 Deum;
811 1399 879 1460 inde
901 1415 997 1459 tamen
1019 1418 1080 1460 non
1102 1400 1250 1477 sequitur,

59 1511 196 1572 miracula
208 1510 238 1571 id
248 1528 348 1573 revera
369 1512 492 1586 docere,
513 1510 563 1571 sed
584 1526 699 1572 tantum
721 1510 862 1588 sequitur,
883 1512 1005 1591 Judaeos
1026 1515 1099 1574 tales
1120 1512 1248 1574 habuisse

59 1621 237 1699 opiniones,
268 1636 302 1682 ut
333 1622 418 1681 facile
448 1620 484 1681 iis
512 1621 657 1682 miraculis
679 1622 818 1685 convinci
841 1621 966 1697 possent.
1006 1623 1099 1698 Supra
1121 1622 1248 1685 enimin

59 1731 168 1806 Capite
189 1732 318 1792 secundo
348 1734 423 1792 clare
448 1732 643 1809 ostendimus,
664 1732 794 1794 rationes
815 1732 1022 1809 propheticas,
1043 1731 1103 1797 five
1125 1753 1190 1811 qute
1212 1752 1248 1795 err

58 1844 241 1905 revelatione
263 1846 440 1920 formantur,
459 1862 518 1905 non
540 1844 606 1905 elici
624 1864 663 1905 err
684 1845 859 1906 notionibus
881 1845 1096 1907 universalibus
1117 1863 1148 1907 et
1168 1866 1248 1908 com·

58 1956 216 2031 munibus,
236 1955 285 2016 sed
306 1974 344 2015 ex
366 1957 522 2029 concessio,
543 1956 678 2032 quamvis
699 1956 846 2031 absurdis,
868 1971 898 2017 et
917 1956 1111 2032 opinionibus
1133 1976 1250 2034 eorum,

59 2065 171 2142 quibus
198 2082 244 2125 res
271 2064 455 2138 revelantur,
482 2058 541 2125 sive
570 2080 647 2139 quos
674 2061 800 2139 Spiritus
821 2065 944 2124 Sansius
965 2064 1143 2127 convincere
1165 2068 1250 2142 vult;

59 2180 145 2255 quod
175 2175 275 2236 multis
307 2175 449 2251 exemplis
479 2173 700 2251 illustravimus,
728 2190 759 2235 et
780 2176 866 2236 etiam
888 2176 1056 2239 testimonio
1078 2179 1177 2255 Pauli,
1199 2180 1250 2256 qui
1287 2188 1292 2199 “

60 2308 129 2351 cum
156 2289 267 2349 Graecis
294 2304 357 2349 erat
385 2285 522 2362 Graecus,
543 2303 573 2348 et
594 2306 660 2348 curn
680 2288 792 2368 Judaeis
811 2289 942 2369 Judaeus.
984 2292 1094 2352 Verum
1116 2292 1249 2369 quamvis

58 2402 109 2462 illa
131 2400 267 2462 miracula
293 2399 458 2480 AEgyptios
478 2415 508 2461 et
528 2402 648 2481 Judaeos
670 2420 707 2461 err
728 2400 787 2462 suis
809 2402 948 2464 corcellis
973 2404 1168 2480 convincere,
1189 2423 1249 2467 non

58 2533 159 2577 tamen
187 2533 284 2578 veram
310 2513 369 2576 Dei
397 2512 490 2575 ideam
519 2529 550 2574 et
577 2513 778 2592 coguitionem
800 2517 867 2576 dare
888 2529 1044 2590 poterant,
1065 2515 1114 2577 sed
1135 2531 1249 2578 tantum

58 2629 176 2702 facere,
195 2640 231 2687 ut
252 2628 466 2700 concederent,
494 2625 554 2685 dari
579 2627 697 2687 Numen
719 2625 856 2686 omnibus
877 2629 963 2688 rebus
984 2625 1021 2687 iis
1042 2625 1122 2688 notis
1144 2643 1250 2702 poten·

58 2740 138 2815 tius,
157 2739 263 2801 deinde
284 2741 366 2816 quod
386 2739 543 2812 Hebraeos,
564 2736 673 2814 quibus
694 2752 756 2797 tum
778 2737 917 2813 temporis
939 2736 1036 2797 omnia
1057 2752 1161 2812 praeter
1172 2737 1250 2814 spem

58 2852 218 2914 seliciffime
248 2850 406 2927 cesserunt,
437 2849 522 2926 supra
554 2867 656 2911 omnes
687 2851 823 2923 curabat,
855 2867 915 2909 non
946 2864 1043 2910 autem
1065 2850 1146 2925 quod
1167 2850 1251 2910 Deus

60 2985 166 3028 omnes
197 2979 280 3042 aeque
311 2981 410 3041 curet;
442 2982 506 3025 nam
537 2963 595 3023 hoc
623 2961 684 3023 sola
705 2959 897 3037 Philosophia
918 2963 1024 3021 docere
1046 2961 1161 3036 potest;
1181 2960 1250 3022 ideo

58 3079 159 3162 Judaei
186 3096 217 3140 et
245 3097 363 3154 omnes,
390 3076 442 3154 qui
463 3075 577 3138 nonnisi
598 3095 635 3135 ex
657 3073 778 3135 dissimili
800 3091 893 3134 rerum
915 3071 1101 3133 humanarum
1124 3073 1200 3134 statu
1221 3087 1251 3134 et

60 3190 166 3267 impari
185 3190 337 3251 hominurn
358 3191 477 3250 fortuna
498 3187 554 3248 Dei
576 3186 792 3264 providentiam
815 3199 1038 3263 cognoverunt,
1060 3183 1112 3244 sibi
1134 3183 1251 3261 persua·

60 3306 177 3379 serunt,
197 3305 317 3384 Judaeos
338 3305 404 3363 Deo
425 3300 591 3363 dilesiiores
612 3297 732 3376 reliquis
751 3296 850 3372 suille,
868 3295 1002 3374 quamvis
1014 3311 1110 3358 tamen
1122 3285 1251 3374 reliquos

62 3433 133 3480 vera
152 3415 277 3477 humana
298 3414 477 3492 perfectione
498 3433 558 3475 non
577 3411 792 3488 superaverint,
804 3427 837 3472 ut
844 3409 903 3486 jam
916 3409 1052 3485 Capill.
1064 3409 1251 3472 ostendimus.

104 3529 155 3589 Ad
193 3532 312 3588 tertium
349 3527 440 3606 igitur
467 3543 575 3604 pergo,
606 3523 717 3585 scilicet
748 3541 786 3583 ex
816 3521 966 3598 Scriptura
998 3522 1163 3597 ostendam,
1195 3520 1251 3582 Dei

62 3642 182 3700 decreta
203 3654 234 3699 et
254 3641 407 3713 mandata,
434 3653 464 3698 et
487 3636 702 3713 consequenter
723 3633 958 3710 providentiam,
980 3631 1053 3692 nihil
1074 3629 1129 3692 esse
1147 3646 1251 3726 revera

61 3769 171 3831 praeter
200 3755 323 3815 Naturae
355 3754 503 3826 ordinem3
534 3750 592 3811 hoc
623 3750 680 3825 est,
712 3751 833 3825 quando
860 3746 1009 3822 Sciiptura
1031 3745 1103 3807 dicit
1124 3747 1183 3808 hoc
1204 3747 1253 3810 vel

61 3866 139 3926 illud
166 3883 182 3924 a
202 3866 270 3926 Deo
291 3865 340 3926 vel
359 3863 416 3925 Dei
437 3864 595 3926 voluntate
617 3863 742 3935 fastum,
762 3859 834 3922 nihil
855 3859 934 3920 aliud
954 3875 1054 3921 revera
1075 3857 1253 3936 intelligere,

62 3995 153 4054 quam
184 3978 267 4052 quod
297 3975 328 4036 id
359 3974 451 4051 ipsum
482 3975 640 4036 secundum
671 3975 751 4052 leges
784 3988 814 4033 et
846 3970 977 4033 ordinem
1008 3971 1129 4031 Naturae
1163 3969 1253 4030 fuerit

62 4090 190 4162 mhum,
211 4105 272 4150 non
294 4103 408 4162 autem,
428 4101 462 4147 ut
482 4087 590 4164 vulgus
612 4085 767 4161 opinatur,
789 4085 871 4160 quod
898 4085 1013 4145 Natura
1033 4081 1144 4144 tamdiu
1166 4079 1252 4142 cessa·

62 4201 111 4265 vit
134 4217 234 4279 agere,
254 4214 306 4260 aut
327 4202 408 4276 quod
427 4199 491 4276 eius
511 4200 585 4260 ordo
607 4197 786 4274 aliquamdiu
807 4195 988 4272 interruptus
1005 4195 1072 4257 suit.
1093 4197 1137 4256 At
1155 4195 1253 4272 Scrip-

62 4330 131 4375 tura
160 4330 193 4373 ea
201 4357 211 4388 ,
239 4330 305 4389 quae
332 4314 369 4372 ad
395 4310 458 4388 ejus
486 4311 646 4374 dohrinam
674 4329 735 4372 non
764 4309 910 4387 speuam,
932 4308 1038 4372 diresie
1060 4327 1120 4369 non
1142 4309 1252 4386 docet,
