2934 4900
330 321 821 408 'theologico-politici
861 322 935 404 Cap.
965 323 1030 389 XX.
1215 329 1276 404 607

88 504 221 582 apprime
242 501 413 579 necessaria,
434 515 685 578 corrumperetur,
708 515 739 562 et
760 499 954 562 abominanda
974 500 1104 562 adulatio
1115 515 1146 562 et
1156 500 1277 578 persidia

87 619 282 692 foverentur;
302 618 380 677 unde
401 615 482 693 doli,
501 629 532 676 et
554 613 683 676 omnium
704 616 846 675 bonarum
867 611 972 674 artium
993 613 1154 689 corruptio.
1165 613 1275 675 Verum

87 731 180 807 longe
201 728 297 806 abest,
316 741 351 789 ut
371 727 402 789 id
422 728 484 788 fieri
504 729 606 805 poilit,
627 742 662 788 ut
683 744 784 788 omnes
806 725 917 787 scilicet
937 725 1081 802 praefinito
1102 725 1277 802 loquantur;

89 840 144 902 sed
164 855 283 916 contra,
304 858 365 916 quo
386 839 478 918 magis
499 840 622 900 libertas
641 837 784 916 loquendi
805 839 974 900 hominibus
995 838 1082 900 adimi
1103 852 1229 915 curatur,
1240 855 1277 898 eo

89 952 297 1014 contumacius
317 967 421 1014 contra
442 951 593 1028 nituntur3
614 969 675 1013 non
695 951 814 1029 quidem
832 950 926 1027 avari,
944 953 1125 1028 adulatores,
1136 966 1166 1012 et
1175 951 1280 1028 reliqui

89 1065 275 1141 impotentes
302 1063 407 1141 animi,
434 1082 560 1141 quorum
587 1063 695 1124 summa
722 1063 799 1124 salus
827 1063 883 1139 est,
908 1081 1042 1124 nummos
1063 1062 1092 1123 in
1113 1080 1179 1123 arca
1199 1081 1279 1123 com·

90 1175 244 1252 templati,
272 1191 303 1235 et
329 1189 450 1238 ventres
477 1175 619 1237 distentos
647 1176 771 1250 habere,
798 1175 848 1237 sed
868 1174 906 1251 ii,
927 1192 1003 1252 quos
1023 1176 1103 1236 bona
1124 1176 1263 1238 educatio
1270 1221 1280 1253 ,

91 1306 207 1349 morum
227 1287 397 1366 integritas,
418 1303 449 1348 et
469 1288 564 1351 virtus
584 1288 735 1349 liberiores
764 1288 846 1349 fecit.
886 1289 932 1349 Ita
953 1288 1088 1350 homines
1109 1289 1280 1366 plerumque

92 1398 249 1461 constituti
276 1399 360 1475 sunt,
388 1415 422 1461 ut
450 1399 523 1461 nihil
550 1399 642 1480 magis
662 1400 850 1477 impatienter
871 1401 983 1477 ferant,
1004 1420 1091 1478 quam
1112 1403 1194 1478 quod
1215 1401 1281 1479 opi-

92 1512 218 1588 niones,
244 1531 319 1588 quas
338 1530 423 1575 veras
451 1512 508 1573 elle
537 1515 677 1590 credunt,
705 1530 760 1590 pro
789 1513 907 1574 crimine
935 1514 1113 1589 habeantur,
1140 1529 1171 1575 et
1198 1516 1281 1591 quod

92 1623 164 1700 ipsis
193 1624 294 1685 sceleri
323 1639 477 1700 reputetur
507 1624 555 1701 id,
586 1627 668 1702 quod
699 1623 780 1700 ipsos
811 1628 848 1686 ad
878 1624 1019 1702 pietatem
1046 1644 1113 1706 erga
1133 1627 1228 1690 Deum
1250 1640 1280 1688 et

92 1734 230 1797 homines
249 1751 366 1811 movet;
387 1754 425 1796 ex
445 1754 506 1813 quo
527 1737 575 1814 iit,
597 1751 631 1798 ut
651 1738 731 1817 leges
752 1737 901 1815 detestari,
919 1753 949 1799 et
967 1738 1085 1816 quidvis
1096 1740 1126 1801 in
1136 1739 1281 1820 magistra-

93 1864 160 1909 tum
186 1851 329 1924 audeant,
358 1867 411 1908 nec
439 1864 543 1924 turpe,
569 1848 619 1910 sed
647 1849 870 1912 honestiffimum
896 1865 1021 1928 putent,
1047 1851 1206 1914 seditiones
1226 1852 1282 1914 hac

95 1964 134 2021 de
155 1959 241 2021 causa
260 1977 396 2036 movere,
418 1975 447 2021 ct
468 1960 599 2037 quodvis
620 1962 736 2023 facinus
756 1977 881 2024 tentare.
910 1961 984 2024 Cum
1006 1963 1107 2041 itaque
1127 1964 1280 2026 humanam

96 2090 230 2136 naturam
256 2073 296 2133 src
322 2090 519 2150 comparatam
547 2073 603 2136 esse
631 2074 763 2150 constet,
789 2075 935 2153 sequitur,
954 2076 1051 2155 leges,
1072 2095 1137 2153 quae
1158 2079 1195 2138 de
1217 2077 1282 2153 opi·

96 2185 238 2249 nionibus
269 2188 454 2263 conduntur,
485 2205 545 2249 non
576 2187 711 2249 scelestos
742 2187 792 2249 sed
819 2188 966 2267 ingenuos
992 2188 1149 2266 respicere,
1169 2208 1224 2252 nec
1245 2192 1282 2252 ad

96 2300 241 2379 malignos
262 2301 473 2375 coercendum,
493 2299 543 2361 sed
563 2298 666 2375 potius
688 2302 724 2360 ad
744 2297 884 2362 honestos
911 2299 1080 2362 irritandum
1102 2301 1207 2376 condi,
1228 2317 1282 2360 nec

95 2410 157 2471 line
184 2427 289 2489 magno
316 2409 428 2487 imperii
456 2411 589 2487 periculo
614 2411 732 2474 defendi
754 2409 842 2489 polle.
884 2413 987 2489 Adde,
1008 2413 1090 2490 quod
1111 2414 1184 2475 tales
1204 2411 1282 2492 leges

97 2524 218 2585 inutiles
238 2523 360 2586 omnino
380 2524 462 2601 sunt;
483 2544 548 2585 nam
569 2525 621 2602 qui
641 2524 814 2602 opiniones,
835 2544 901 2603 quae
918 2526 1032 2606 legibus
1049 2525 1283 2602 damnataesunt,

96 2638 181 2698 sanas
207 2635 264 2698 eisc
291 2639 427 2714 credent,
452 2638 568 2717 legibus
589 2656 688 2715 parere
709 2657 770 2700 non
792 2652 951 2715 poterunt;
972 2638 1023 2715 qui
1044 2653 1148 2699 contra
1168 2639 1281 2699 easdem

96 2766 237 2827 tanquam
257 2748 342 2810 falsas
362 2748 516 2825 rejiciunt,
536 2751 634 2828 leges,
660 2748 769 2825 quibus
788 2748 834 2809 hae
856 2750 1044 2825 damnantur,
1065 2763 1202 2825 tanquam
1223 2748 1282 2824 pri·

97 2862 206 2942 vilegia
232 2861 395 2938 recipiunt,
423 2877 454 2923 et
481 2861 581 2924 iisdem
607 2860 650 2922 ita
677 2861 874 2937 triumphant,
902 2876 935 2922 ut
962 2860 1142 2940 magistratus
1169 2860 1282 2923 easdem

96 2975 215 3052 postea,
246 2974 297 3036 etii
328 2974 419 3050 velit,
449 2975 587 3054 abrogare
619 2992 679 3035 non
709 2975 815 3037 valeat.
857 2972 912 3033 llis
933 2976 1092 3049 accedunt,
1112 2991 1177 3049 quae
1198 2972 1283 3048 supra

96 3087 173 3162 Cap.
187 3086 232 3147 18.
253 3104 290 3146 ex
311 3084 438 3147 historiis
460 3087 651 3147 Hebraeorum
671 3084 773 3146 N⁰.11.
796 3084 980 3146 deduximus.
1001 3086 1040 3145 Et
1061 3085 1188 3163 denique
1206 3100 1283 3163 quot

96 3197 228 3259 scismata
255 3197 286 3257 in
311 3196 439 3257 Ecclesia
467 3216 505 3258 ex
532 3198 590 3258 hoc
617 3198 788 3274 plerumque
810 3211 875 3259 orta
895 3196 979 3276 sunt,
1000 3200 1083 3274 quod
1102 3197 1282 3277 magistratus

96 3311 252 3373 dodorum
276 3306 489 3371 controversias
516 3308 630 3389 legibus
659 3310 791 3372 dirimere
817 3312 991 3387 voluerunt3
1013 3330 1078 3372 nam
1099 3311 1129 3372 ni
1148 3310 1282 3373 homines

96 3422 149 3499 spe
175 3435 359 3496 tenerentur,
385 3422 465 3500 leges
493 3436 524 3482 et
545 3420 740 3500 magistratum
761 3422 848 3483 adse
869 3422 1020 3498 trahendi,
1041 3438 1072 3483 et
1093 3424 1129 3484 de
1151 3422 1209 3484 suis
1230 3425 1281 3485 ad-

98 3533 232 3599 versariis
252 3532 399 3596 communi
419 3534 501 3614 vulgi
522 3532 663 3610 applausu
683 3533 896 3611 triumphandi,
908 3548 939 3595 et
949 3535 1079 3596 honores
1090 3534 1283 3612 adipiscendi,

97 3662 249 3722 nunquam
268 3661 327 3706 tam
348 3645 452 3723 iniquo
474 3646 570 3707 animo
592 3661 754 3721 certarent,
775 3665 829 3707 nec
849 3660 950 3707 tantus
967 3646 1051 3708 furor
1060 3664 1160 3707 eorum
1171 3662 1284 3707 mentes

98 3757 232 3836 agitaret.
273 3759 375 3835 Atque
395 3757 458 3819 haec
480 3776 540 3819 non
561 3774 676 3819 tantum
697 3758 808 3835 Ratio,
828 3757 877 3819 sed
898 3758 985 3819 etiam
1006 3758 1186 3835 experientia
1207 3777 1282 3835 quo·

98 3869 221 3931 tidianis
243 3870 385 3945 exemplis
406 3871 511 3947 docet3
532 3889 636 3947 nempe
656 3866 760 3932 similes
780 3873 875 3950 leges,
904 3870 1010 3947 quibus
1031 3870 1141 3931 scilicet
1162 3870 1284 3947 impera·

99 3998 157 4059 tur,
179 3980 251 4059 quid
271 3982 434 4059 unicuique
455 3985 630 4045 credendum
651 3982 705 4059 fit,
726 3997 758 4043 et
778 3998 880 4043 contra
900 3980 975 4043 hanc
996 3998 1048 4044 aut
1068 3981 1144 4044 iliam
1166 3978 1284 4059 opinio·

100 4116 167 4157 nem
194 4095 305 4174 aliquid
333 4095 430 4158 dicere
458 4094 506 4178 γε]
527 4096 650 4157 scribere
671 4095 861 4172 prohibetur,
882 4095 957 4173 sape
977 4095 1124 4157 institutas
1145 4088 1227 4158 fuisse
1248 4096 1284 4157 ad

99 4208 300 4288 largiendum,
329 4210 377 4272 vel
407 4208 510 4285 potius
542 4211 703 4271 cedendum
735 4226 836 4271 eorum
867 4208 936 4286 irae,
968 4208 1019 4286 qui
1049 4207 1138 4269 libera
1168 4204 1285 4287 ingenia

100 4320 175 4383 serre
204 4338 370 4400 nequeunt,
399 4338 429 4382 et
445 4336 543 4413 ¹torna
564 4324 688 4399 quadam
710 4322 889 4384 authoritate
910 4321 1055 4383 seditiosae
1077 4320 1170 4398 plebis
1190 4323 1284 4385 devo·
