2934 4900
401 349 540 425 Caput
571 348 621 409 lX.
663 351 708 410 De
731 348 933 411 Aristocratia.
1201 361 1259 426 357

113 524 141 605 ξ.
162 525 214 584 XI.
257 524 380 587 Urbium
409 524 552 586 Consules
573 544 589 585 a
609 524 743 585 Patrieiis
772 524 857 587 etiam
884 525 1011 603 ejusdem
1034 526 1112 587 urbis
1134 526 1260 605 eligendi

75 638 157 711 sunt,
189 636 240 715 qui
272 638 365 700 veluti
396 638 535 698 Seruatum
567 637 644 699 illius
674 638 755 699 urbis
786 639 975 700 constituant.
1017 640 1130 700 Horum
1163 654 1259 699 autem

74 766 222 809 numerum
252 749 442 809 determinare
470 766 531 809 non
560 748 690 826 pollura,
717 768 772 810 nec
794 750 880 811 etiam
902 750 1013 811 necelle
1035 748 1089 811 else
1110 748 1261 825 existimo,

75 860 314 937 quandoquidem
341 860 470 937 ejusdem
500 861 579 922 urbis
608 861 745 940 negotia,
775 880 839 939 quae
863 863 957 941 magni
979 862 1118 938 ponderis
1139 861 1259 937 sunt,a

74 974 209 1048 supremo
230 971 358 1049 ejusdem
379 973 531 1048 Concilio,
553 990 600 1048 et,
621 992 686 1050 quae
708 977 744 1036 ad
767 974 931 1037 universum
952 974 1106 1051 Imperium
1116 974 1261 1050 spellant,

74 1106 90 1145 a
112 1104 218 1164 magno
239 1086 349 1147 Senatu
369 1102 556 1165 peraguntur.
577 1086 741 1161 Caeterum,
762 1086 782 1145 sr
804 1087 889 1163 pauci
911 1086 1036 1161 fuerint,
1058 1083 1167 1147 necell'e
1188 1085 1260 1162 erit,

74 1212 108 1256 ut
131 1196 162 1255 in
184 1196 236 1257 suo
258 1196 395 1257 Concilio
417 1200 510 1273 palam
530 1197 664 1276 suffragia
686 1199 799 1271 ferant,
820 1216 879 1258 non
902 1213 998 1259 autem
1021 1196 1156 1273 calculis,
1176 1214 1209 1257 ut
1231 1198 1260 1258 in

73 1308 187 1387 magnis
218 1307 371 1370 Consiliis.
412 1311 444 1370 ln
467 1309 564 1386 parvis
586 1311 663 1370 enirn
686 1308 845 1385 Consiliis,
867 1310 917 1371 ubi
938 1308 1071 1389 suffragia
1092 1310 1164 1371 clam
1185 1308 1261 1370 indi-

72 1436 196 1495 cantur,
217 1421 268 1497 qui
290 1422 440 1498 aliquanto
463 1422 595 1483 callidior
617 1422 676 1498 en,
702 1422 787 1482 facile
808 1420 948 1499 cujusque
970 1420 1096 1499 suffragii
1115 1422 1261 1483 audorenr

73 1532 213 1606 noscere,
236 1549 266 1593 et
287 1532 382 1594 minus
404 1534 581 1595 attentiores
601 1532 701 1594 multis
722 1532 818 1595 modis
839 1535 955 1595 eludere
976 1532 1081 1609 potest.

117 1644 145 1723 §.
166 1645 230 1705 XII.
271 1647 305 1705 ln
333 1664 509 1723 unaquaque
537 1663 677 1723 praterea
706 1648 777 1707 urbe
801 1646 921 1727 Judices
942 1666 957 1707 a
979 1647 1112 1722 supremo
1135 1645 1261 1723 ejusdem

75 1755 215 1816 Concilio
237 1757 433 1819 constituendi
454 1757 537 1832 sunt;
556 1778 572 1818 a
591 1776 715 1834 quorum
737 1774 834 1819 tamen
857 1758 999 1819 sententia
1020 1759 1183 1834 supremum
1205 1760 1260 1819 lm·

76 1868 152 1945 perii
177 1868 320 1944 judicium
349 1872 494 1947 appellare
521 1871 626 1944 liceat,
654 1886 846 1946 praeterquam
868 1887 918 1930 reo
939 1870 1031 1946 palam
1055 1869 1211 1947 convitio,
1231 1886 1261 1931 et

77 1982 234 2041 confitenti
255 1983 392 2043 debitori.
432 1985 490 2044 Sed
510 1984 572 2043 brec
594 1982 717 2043 ulterius
738 1982 871 2059 persequi
893 2002 952 2043 non
975 1982 1015 2042 est
1037 2000 1123 2058 opus.

119 2092 147 2173 §.
167 2093 247 2154 Xlll.
287 2096 421 2170 Superest
448 2096 553 2174 igitur,
581 2110 614 2155 ut
635 2098 670 2156 de
693 2094 831 2169 urbibus,
853 2112 918 2171 qnae
940 2093 1073 2171 suijuris
1095 2112 1154 2154 non
1176 2095 1261 2169 sunt,

77 2208 241 2281 loquamur.
283 2208 337 2268 llae
366 2206 386 2266 st
414 2208 444 2267 in
466 2208 527 2283 ipsa
547 2206 659 2284 imperii
685 2206 837 2283 provincia
860 2208 907 2268 vel
927 2206 1045 2285 regione
1067 2206 1211 2280 conditae,
1233 2222 1261 2266 et

79 2336 177 2378 earum
209 2317 312 2379 incolae
345 2318 472 2395 ejusdem
504 2319 633 2380 nationis
664 2336 695 2379 et
725 2320 831 2398 linguae
860 2318 930 2395 ssot,
959 2321 1067 2380 debent
1089 2316 1262 2393 necessario,

81 2427 164 2491 sicuti
194 2430 279 2508 pagi,
310 2432 402 2494 veluti
435 2434 548 2495 urbium
579 2432 740 2496 vicinarum
771 2449 868 2508 partes
898 2432 1021 2507 censeri,
1049 2430 1089 2492 ita
1113 2446 1144 2492 ut
1166 2449 1261 2491 earum

80 2563 264 2620 unaquaeque
293 2544 344 2606 sub
373 2546 511 2625 regimine
538 2546 626 2623 hujus
653 2562 705 2608 aut
733 2545 810 2608 illius
839 2545 936 2619 urbis,
964 2563 1028 2622 quae
1049 2544 1185 2622 suijuris
1206 2544 1263 2619 est,

80 2657 137 2717 elle
159 2659 274 2718 debeat.
312 2657 406 2735 Cujus
426 2659 467 2719 rei
487 2658 563 2719 ratio
585 2659 641 2734 ell,
663 2661 744 2735 quod
765 2657 881 2718 Patrieii
903 2677 962 2718 non
984 2677 999 2718 a
1021 2657 1154 2733 supremo
1175 2655 1263 2730 huius

80 2767 213 2845 Imperii,
235 2769 283 2831 sed
304 2789 320 2829 a
341 2771 474 2846 supremo
503 2770 728 2847 uniuscujusque
760 2772 852 2832 Urbis
873 2771 1010 2833 Concilio
1033 2770 1191 2849 eligantur,
1212 2769 1262 2846 qui

79 2882 109 2942 in
132 2900 309 2958 unaquaque
329 2887 418 2957 urbe,
438 2900 491 2958 pro
514 2901 633 2943 numero
657 2883 816 2944 incolarum
837 2883 911 2943 intra
932 2883 1038 2943 limites
1055 2881 1264 2960 jurisdidlionis

80 2993 208 3071 ejusdem
239 2993 335 3068 urbis,
366 2995 464 3070 plures
495 2995 687 3070 paucioresve
720 2995 797 3056 sunt‘
818 2995 889 3074 (per
914 2995 984 3055 Art.
1006 3007 1033 3070 5.
1054 2993 1141 3070 hujus
1167 2995 1263 3072 Cup).

81 3108 182 3182 Atque
210 3109 285 3166 adeo
313 3105 425 3166 neceffe
446 3106 504 3183 est,
531 3122 565 3167 ut
585 3106 745 3168 multitudo
767 3107 863 3182 urbis,
884 3126 949 3183 qnae
971 3107 1013 3166 sui
1031 3107 1105 3183 juris
1125 3124 1185 3166 non
1207 3105 1264 3178 est,

79 3221 116 3280 ad
145 3218 261 3278 censum
288 3217 484 3279 multitudinis
514 3217 650 3292 alterius,
678 3237 743 3295 quae
773 3218 906 3297 suijuris
927 3219 978 3294 srt,
999 3220 1155 3292 referatur,
1177 3233 1206 3278 et
1228 3219 1263 3278 ab

79 3329 143 3405 ejus
164 3329 323 3391 diretlione
346 3333 482 3405 pendeat.
524 3332 567 3390 At
589 3333 674 3391 urbes
693 3328 759 3407 jure
780 3331 848 3390 belli
870 3347 962 3408 captae
974 3376 984 3405 ,
1006 3346 1035 3390 et
1057 3348 1121 3406 qnae
1143 3329 1263 3404 imperio

79 3442 272 3518 accesserunt,
301 3442 393 3504 veluti
423 3443 534 3518 imperii
565 3443 659 3504 Soeiae
688 3443 846 3520 habendae,
869 3459 898 3504 et
918 3441 1061 3503 beneficio
1084 3441 1173 3503 vitta.
1190 3440 1264 3500 obli-

79 3559 199 3634 gandae;
226 3556 273 3616 vel
294 3555 446 3631 Coloniae,
475 3575 540 3632 quae
558 3555 623 3632 jure
645 3555 786 3617 Civitatis
807 3558 969 3634 gaudeant,
991 3573 1026 3616 eo
1049 3554 1214 3628 mittenda,
1235 3567 1264 3612 et

79 3687 151 3746 gens
171 3667 229 3729 aliu
251 3669 402 3743 ducenda,
423 3669 470 3730 vel
491 3667 612 3728 omnino
634 3669 756 3729 delenda
778 3668 827 3729 est.

120 3779 147 3859 §.
168 3780 248 3841 xlv.
289 3780 390 3856 Atque
429 3780 492 3840 lraee
531 3779 618 3854 sunt,
649 3799 714 3856 quae
748 3782 783 3841 ad
815 3780 902 3856 hirjats
934 3781 1045 3855 imperii
1077 3781 1264 3840 fundamenta

81 3891 220 3967 spellam.
260 3892 352 3974 Quod
383 3907 479 3952 autem
512 3891 575 3968 ejus
608 3892 742 3952 conditio
774 3893 874 3952 melior
902 3892 935 3953 stt
964 3913 1048 3969 quam
1070 3892 1164 3967 illius,
1185 3895 1266 3968 quod

81 4023 187 4064 nomen
210 4004 245 4063 ab
269 4022 325 4064 una
348 4004 418 4064 tube
440 4003 500 4064 sola
520 4005 627 4079 habet,
655 4004 723 4064 hinc
746 4006 908 4066 concludo:
931 4007 1013 4081 quod
1033 3999 1143 4065 seilicet
1165 4004 1265 4066 unius·

82 4116 221 4193 cujusque
249 4114 328 4176 urbis
356 4115 490 4191 Patricii,
519 4133 599 4176 more
628 4117 759 4178 humanae
789 4116 955 4193 cupidinis,
984 4117 1063 4178 suum
1086 4117 1135 4195 jus
1157 4133 1214 4178 tam
1236 4117 1265 4177 in

83 4232 151 4291 urbe
181 4247 267 4305 quarn
289 4229 318 4288 in
339 4230 449 4289 Senatu
479 4227 620 4304 retinere,
642 4243 689 4304 et,
709 4227 730 4289 fi
751 4229 812 4289 fieri
831 4228 945 4305 potest,
966 4247 1070 4307 augere
1092 4229 1267 4304 studebunt;

83 4357 170 4420 atque
192 4345 266 4403 adeo
273 4385 284 4418 ,
306 4357 447 4418 quantum
469 4356 626 4418 poterunt,
656 4343 843 4402 conabuntur
864 4341 1079 4404 multitudinem
1101 4342 1186 4404 adse
1208 4357 1266 4403 tra-
