2934 4900
206 335 267 398 266
631 334 812 397 Ethicet
839 336 910 397 Pars
929 335 968 395 V.

207 510 279 572 nihil
300 512 448 617 imaginari
469 511 550 590 (vide
569 513 729 587 Imaginor.
750 510 834 589 defin.
854 514 887 571 t'n
906 509 998 571 Sestos.
1020 512 1110 589 Prop.
1123 524 1169 585 ιγ.
1187 523 1220 589 p.
1234 510 1282 587 2.)
1305 526 1397 585 neque
1441 481 1442 550 s

206 642 299 685 rerum
331 624 541 699 praeteritarum
572 623 716 685 reeordari
750 622 869 699 potest,
898 621 950 683 nist
981 625 1106 684 durante
1137 622 1272 697 Corpore
1316 620 1397 698 (vide

207 735 290 814 defin.
311 736 461 795 Memoria
481 739 513 795 ιἰι
532 732 623 795 Stltus.
645 735 735 815 Prop.
761 734 806 795 18.
822 748 855 814 p.
877 734 932 813 2.).
975 735 1009 812 Q.
1030 734 1068 795 E.
1089 736 1130 795 D.

571 889 903 951 PROPOSITIO
944 890 1037 950 XXII.

248 1004 285 1063 In
311 1003 371 1062 Deo
399 1015 492 1062 tamen
519 1002 610 1062 datur
637 1002 788 1080 neceffart'o
815 1003 898 1077 idea,
919 1020 982 1079 que
1002 999 1088 1077 ltujus
1109 1016 1137 1061 et
1156 1002 1236 1061 Illius
1257 1000 1398 1079 Corporis
1424 1046 1429 1052 .

208 1114 328 1175 humani
346 1116 489 1194 effemium
502 1114 562 1192 sub
582 1118 759 1175 eternitatis
773 1115 871 1194 specie
890 1118 1038 1195 exprimit.

606 1261 1002 1306 Demonstaxrto

247 1358 330 1418 Deus
358 1375 418 1417 non
445 1370 559 1417 tantum
589 1355 630 1416 est
657 1356 743 1417 causa
771 1354 860 1433 hujus
882 1371 912 1416 et
933 1354 1010 1416 illius
1032 1354 1174 1431 Corporis
1194 1353 1317 1415 humani
1339 1352 1399 1413 exi·

209 1468 338 1545 stentiae,
358 1467 408 1529 sed
428 1467 516 1529 etiam
537 1467 663 1529 essentiae
687 1468 759 1547 (per
779 1470 869 1548 Prop.
890 1479 939 1543 25.
956 1481 988 1548 p.
1003 1468 1063 1547 1.);
1084 1486 1149 1545 quae
1171 1481 1330 1542 propterea
1352 1484 1401 1541 per

209 1583 298 1660 ipsam
319 1580 375 1642 Dei
402 1579 548 1642 essentiam
576 1580 732 1641 necessario
756 1584 845 1642 debet
867 1580 984 1657 concipi
1007 1581 1079 1661 (per
1099 1581 1213 1642 Axium.
1234 1600 1264 1659 4.
1283 1593 1316 1659 p.
1343 1580 1382 1656 1.)
1389 1623 1398 1652 ,

209 1696 297 1771 idque
319 1708 427 1755 aetema
455 1695 578 1770 qaudam
607 1696 773 1755 necessitate
803 1693 876 1774 (per
896 1696 985 1773 Prop.
1011 1696 1055 1754 16.
1073 1706 1105 1772 p.
1130 1692 1187 1771 1.);
1208 1691 1260 1769 qui
1281 1690 1400 1767 quidem

209 1822 373 1883 conceptus
394 1805 552 1867 necessario
573 1805 603 1867 in
623 1808 689 1867 Deo
712 1808 773 1867 dari
792 1808 883 1868 debet
904 1805 978 1885 (per
998 1806 1088 1885 Prop.
1099 1822 1128 1882 3.
1139 1818 1172 1884 p.
1184 1805 1238 1883 2.).
1261 1804 1297 1881 Q.
1311 1804 1348 1863 Ε.
1360 1802 1398 1861 D.

566 1962 897 2022 PROPOSITIO
929 1961 1038 2021 XXIII.

251 2082 338 2141 Mens
369 2078 495 2140 humana
525 2100 579 2139 nou
605 2080 695 2160 potest
725 2098 787 2138 cum
820 2080 947 2159 Corpore
973 2078 1102 2155 absolute
1122 2077 1246 2154 destrui,
1262 2076 1322 2153 scd
1338 2075 1397 2151 qus
1441 2081 1443 2090 '

212 2194 328 2269 aliquid
347 2205 491 2269 remanet,
512 2194 589 2269 quod
606 2206 742 2253 eternum
763 2191 810 2268 ess.

609 2337 1002 2383 Demonstnarto

250 2420 283 2478 ln
305 2418 370 2480 Deo
393 2421 477 2481 datur
495 2417 651 2480 necessario
674 2432 840 2494 conceptus
861 2416 911 2478 seu
932 2416 1012 2492 idea,
1032 2433 1098 2494 quae
1119 2412 1263 2490 Corporis
1278 2409 1395 2474 humani

210 2529 358 2591 essentiam
379 2530 514 2607 exprimit
537 2529 608 2610 (per
625 2531 714 2610 Prop.
728 2531 850 2610 pree),
871 2547 936 2606 quae
958 2544 1117 2606 propterea
1137 2525 1248 2603 aliquid
1270 2522 1393 2585 necessa-

209 2641 254 2702 rio
282 2641 338 2717 est,
367 2644 448 2718 quod
476 2644 513 2703 ad
539 2641 686 2702 essentiam
708 2641 820 2702 Mentis
840 2641 973 2704 humanae
994 2640 1123 2717 pertinet
1144 2639 1216 2718 (per
1236 2638 1326 2716 Prop.
1350 2652 1393 2709 13.

206 2767 238 2834 p.
259 2755 313 2833 2.).
354 2754 412 2814 Sed
439 2754 536 2815 Menti
563 2754 695 2815 humanae
725 2755 832 2814 nullam
862 2752 1064 2828 durationem,
1084 2770 1150 2829 quae
1170 2765 1305 2826 tempore
1325 2749 1393 2809 desi·

210 2865 265 2927 niri
286 2865 399 2942 potest,
426 2865 598 2940 tribuimus,
626 2865 678 2927 nin
705 2882 852 2942 quatenus
873 2865 1016 2942 Corporis
1036 2866 1176 2927 adualern
1197 2863 1394 2932 existentiam,

211 2997 276 3056 que
298 2995 349 3055 per
370 2977 552 3039 durationem
584 2977 749 3053 explicatur
776 2993 806 3038 et
828 2992 961 3052 tempore
983 2975 1096 3038 definiri
1115 2975 1226 3051 potest,
1244 2972 1393 3050 exprimit;

210 3091 268 3152 hoc
289 3089 330 3151 est
351 3091 422 3169 (per
443 3090 546 3149 Corols.
568 3090 657 3168 Prop.
680 3089 707 3149 8.
725 3103 756 3168 p.
779 3090 840 3167 2.),
862 3088 914 3164 ipsa
936 3088 1121 3150 durationem
1143 3105 1203 3148 non
1224 3085 1395 3156 tribuimus,

212 3201 262 3262 nisa
292 3204 414 3264 durante
441 3201 584 3277 Corpore.
627 3201 702 3262 Cum
731 3217 827 3262 tamen
850 3201 961 3278 aliquid
981 3200 1171 3262 nihilomiuus
1190 3199 1226 3260 sit
1247 3199 1294 3274 id,
1316 3198 1395 3274 quod

213 3329 319 3374 aeterna
347 3314 470 3388 quadam
500 3313 665 3372 neceffitate
695 3331 747 3388 per
774 3313 863 3389 ipsam
891 3313 948 3374 Dei
974 3311 1119 3372 essentiam
1140 3308 1309 3387 concipitur
1330 3311 1397 3388 (per

212 3426 301 3504 Prop.
318 3426 441 3504 praa),
468 3422 524 3484 erit
554 3424 711 3485 necessario
733 3426 791 3486 hoc
812 3425 938 3502 aliquid,
959 3428 1040 3502 quod
1061 3428 1098 3486 ad
1118 3424 1232 3484 Mentis
1251 3421 1397 3483 essentiam

212 3537 357 3612 pertinet,
378 3552 526 3596 aternum.
570 3537 603 3614 Q.
626 3537 663 3597 E.
683 3538 724 3597 D.

678 3683 760 3726 scu
773 3685 885 3727 otiu
898 3685 935 3727 u.

252 3761 319 3834 Est,
351 3761 394 3820 uti
427 3759 570 3835 diximus,
601 3761 663 3822 haec
696 3761 778 3837 idea,
810 3781 875 3839 quae
896 3761 1038 3838 Corporis
1060 3761 1207 3822 essentiam
1228 3760 1280 3822 sub
1303 3759 1397 3836 speeie

213 3872 385 3933 aeternitatis
414 3871 567 3948 exprimit,
596 3888 693 3934 certus
722 3872 874 3952 cogitandi
902 3877 1025 3948 modus,
1044 3872 1095 3949 qui
1117 3876 1154 3934 ad
1174 3872 1287 3932 Mentis
1310 3871 1396 3931 esIen-

213 3985 282 4045 tiam
304 3983 446 4060 pertinet,
469 3983 580 4060 qtrique
602 3983 758 4045 necessario
780 4000 907 4045 aternus
928 3984 977 4044 est.
998 3985 1063 4044 Nee
1084 3997 1182 4044 tamen
1202 3983 1265 4043 sieri
1285 3984 1397 4060 potest,

213 4112 247 4157 ut
278 4098 460 4156 recordemur
492 4113 546 4156 atos
579 4112 646 4156 aute
677 4097 795 4172 Corpus
826 4095 980 4172 exstitisse,
1010 4095 1250 4172 quandoquidem
1282 4115 1337 4156 uec
1368 4095 1396 4153 in

213 4210 346 4285 Corpore
368 4209 424 4268 ulia
447 4207 510 4284 ejus
538 4207 658 4286 vestigia
687 4209 765 4283 dari,
794 4227 847 4268 nec
869 4207 1018 4269 aeternitas
1038 4223 1172 4283 tempore
1194 4207 1324 4280 definiri,
1345 4227 1396 4267 nee

214 4321 298 4386 ullam
321 4322 357 4380 ad
377 4335 493 4399 tempus
515 4319 685 4382 relationem
708 4320 814 4382 habere
835 4321 942 4402 potest.
983 4321 1026 4380 At
1047 4319 1239 4388 nihilominus
1259 4319 1397 4385 stntImus
