2934 4900
336 333 833 412 Theologico·l>olitici
870 335 944 413 Cap.
967 338 1035 397 Vll.
1218 354 1274 418 471

89 523 114 580 κ
146 505 263 582 Aleph,
293 505 323 566 in
354 506 466 567 literam
496 505 607 567 scilicet
638 507 766 578 eiusdem
798 508 914 588 organi)
948 511 1053 588 versus
1084 525 1172 590 capot
1191 512 1274 587 leet}

89 624 209 686 Author
236 638 333 685 autem
359 623 515 700 Epistola,
535 636 564 683 et
582 628 756 685 incurvavit
770 628 807 703 se
826 627 927 705 lsrael
937 628 1036 706 supra
1056 640 1143 706 caput
1162 627 1276 702 bacilli,

88 737 215 814 legendo
243 734 376 800 nimirum
404 753 479 809 ,nun
506 749 600 811 mate,
626 737 695 797 loco
725 739 807 813 quod
830 737 878 797 alii
900 756 976 812 ,qm
995 741 1084 812 mita,
1106 756 1171 814 quae
1192 737 1276 798 diffe-

87 851 183 913 rentia
204 872 220 913 a
241 851 310 914 solis
332 853 485 915 vocalibus
507 853 610 914 oritur.
646 855 710 933 Jam
731 854 971 930 quandoquidem
991 854 1023 915 in
1043 854 1091 914 illa
1111 853 1277 915 narratione

87 966 126 1024 de
149 963 208 1024 sola
229 965 377 1028 senestute
398 965 518 1045 Jacobi,
540 984 600 1026 nort
622 981 737 1042 autem,
757 981 791 1026 ut
812 966 842 1026 in
864 967 998 1043 sequenti
1018 966 1277 1043 capite,deipsius

87 1078 192 1136 morbo
221 1075 332 1154 agitur,
361 1077 451 1156 magis
479 1096 550 1141 vero
579 1077 667 1139 limile
695 1079 830 1154 videtur,
861 1094 987 1140 mentem
1018 1079 1147 1140 historici
1178 1077 1277 1153 fuisse,

87 1194 172 1267 quod
192 1192 321 1271 Jacobus
349 1191 433 1266 supra
460 1206 550 1266 caput
579 1191 675 1251 bacilli
698 1191 774 1270 (quo
795 1190 929 1252 nimirum
950 1191 1033 1252 senes
1058 1190 1274 1267 proveetiffimae

87 1302 185 1363 aetatis
207 1305 244 1363 ad
264 1300 293 1362 se
315 1302 511 1366 sustinendum
533 1302 698 1382 indigent),
720 1321 779 1364 non
802 1319 899 1364 autem
916 1305 1001 1378 ledii,
1018 1301 1047 1363 se
1063 1303 1276 1379 incurvaverit,

86 1411 235 1488 praecipue
257 1431 322 1472 cum
343 1413 401 1474 hoc
423 1415 512 1475 modo
536 1431 596 1474 non
618 1413 729 1475 neceffe
752 1413 804 1489 srt,
825 1415 912 1475 ullam
932 1413 1077 1474 literarum
1099 1412 1276 1474 subalterna-

86 1525 200 1586 tionem
231 1525 406 1602 supponere.
446 1528 549 1602 Atque
581 1527 639 1588 hoc
671 1527 807 1602 exemplo
835 1545 896 1587 non
926 1541 1040 1588 tantum
1068 1526 1151 1589 volui
1176 1527 1274 1586 locum

85 1637 171 1699 istum
202 1638 340 1714 Epistola
369 1641 405 1699 ad
435 1639 577 1700 Hebraeos
609 1658 680 1700 cum.
706 1653 794 1700 textu
824 1637 972 1698 Geneseos
1002 1637 1206 1713 reconciliare,
1225 1637 1276 1698 sed

85 1750 235 1827 praecipue
256 1750 424 1826 ostendere,
445 1769 532 1827 quam
553 1768 654 1826 parum
675 1749 744 1812 fidei
765 1749 916 1810 hodiernis
935 1751 1052 1826 punitis
1063 1765 1093 1810 et
1104 1749 1274 1811 accentibus

86 1860 122 1920 fit
143 1860 325 1922 habendum:
347 1878 436 1939 atque
458 1865 533 1923 adeo
556 1862 607 1939 qui
628 1861 807 1938 scripturam
827 1861 885 1922 fine
907 1863 968 1923 ullo
988 1860 1162 1936 prejudicio
1183 1861 1273 1922 inter·

86 1973 195 2048 pretori
218 1975 282 2036 vult
294 2019 303 2050 ,
324 1977 361 2036 de
382 1974 459 2034 hisce
481 1973 615 2034 dubitare
638 1989 757 2035 tenetur
777 1989 807 2033 et
827 1977 865 2034 de
885 1973 1000 2052 integro
1021 1973 1193 2034 examinare.

127 2082 173 2141 Ex
203 2081 258 2142 hac
289 2081 378 2161 igitur
409 2083 457 2160 (ut
488 2085 524 2143 ad
556 2082 684 2144 nostrum
715 2082 899 2159 propositum
937 2085 1128 2162 revertamur)
1164 2082 1271 2162 lingua

88 2195 221 2254 Hebraeae
242 2193 454 2255 constitutione
476 2209 508 2254 et
534 2208 637 2256 natura
659 2195 744 2256 facile
773 2196 972 2274 unusquisque
992 2195 1138 2272 conjicere
1159 2196 1273 2272 potest,

83 2321 134 2366 tot
157 2308 261 2367 debere
283 2305 351 2366 oriri
373 2305 595 2385 ambiguitates,
616 2322 650 2368 ut
671 2307 749 2368 nulla
770 2307 855 2383 pollit
875 2306 937 2368 dari
957 2307 1131 2385 methodus,
1152 2326 1210 2384 qua
1231 2327 1272 2368 eae

83 2435 187 2479 omnes
215 2415 398 2479 determinari
420 2432 538 2495 queant.
559 2418 635 2478 Nam
657 2417 728 2479 nihil
749 2419 807 2496 est,
827 2422 910 2497 quod
930 2419 1091 2497 speramus,
1113 2439 1150 2482 ex
1171 2436 1272 2483 mutua

82 2528 251 2591 orationum
284 2528 442 2589 collatione
474 2530 575 2607 (quam
604 2530 719 2591 unicam
741 2531 795 2592 else
817 2532 893 2594 viam
914 2533 1092 2594 ostendimus
1112 2536 1150 2595 ad
1170 2552 1271 2597 verum

83 2640 195 2701 sensum
225 2658 262 2701 ex
291 2640 410 2717 multis,
438 2660 514 2717 quos
537 2660 720 2719 unaquaque
743 2644 839 2706 oratio
860 2662 897 2705 ex
919 2645 972 2705 usu
992 2644 1098 2723 linguae
1119 2645 1273 2707 admittere

82 2752 195 2830 potesl,
216 2754 389 2831 eruendum)
411 2753 469 2813 hoc
490 2752 569 2829 polle
591 2754 724 2816 absolute
744 2755 822 2832 lieri3
844 2775 910 2817 cum
930 2755 999 2832 quia
1019 2755 1082 2815 htec
1103 2755 1270 2816 orationum

82 2864 204 2925 collatio
232 2882 291 2924 non
321 2864 372 2925 nisi
400 2864 467 2926 casu
496 2866 660 2927 orationem
685 2866 812 2943 aliquam
840 2865 979 2927 illustrare
999 2864 1114 2941 potest,
1136 2868 1271 2941 quando·

82 2977 201 3054 quidem
231 2978 329 3038 nullus
359 2978 506 3054 Propheta
538 2996 575 3039 eo
602 2980 660 3040 fine
687 2979 814 3056 scripstt,
841 2996 875 3040 ut
896 2981 986 3041 verba
1005 2978 1125 3039 alterius
1146 2993 1198 3039 aut
1218 2979 1267 3040 sua

81 3088 145 3164 ipsa
165 3108 202 3149 ex
223 3088 349 3165 professo
371 3090 547 3167 explicaret;
567 3106 629 3152 tum
651 3091 738 3151 etiam
761 3090 830 3167 quia
850 3106 976 3151 mentem
997 3090 1085 3151 unius
1104 3090 1270 3167 Propheta,

80 3202 240 3278 Apostoli,
261 3218 318 3263 etc.
341 3221 378 3263 ex
410 3218 506 3264 mente
538 3204 656 3265 alterius
686 3205 861 3266 concludere
892 3220 952 3263 non
980 3200 1146 3278 poffumus,
1166 3202 1217 3263 nist
1238 3203 1267 3263 in

81 3316 169 3375 rebus
191 3313 271 3375 usum
293 3314 362 3377 vitae
385 3314 602 3391 speilantibus,
623 3330 655 3377 ut
673 3315 738 3403 jam·
754 3315 906 3377 evidenter
927 3314 1120 3391 ostendimus,
1141 3330 1171 3376 at
1191 3334 1252 3377 non
1259 3362 1269 3394 ,

81 3442 148 3484 cum
169 3426 205 3485 de
227 3427 313 3485 rebus
335 3424 526 3499 speculativis
547 3428 726 3503 loquuntur,
746 3425 806 3489 live
827 3446 892 3488 cum
913 3426 1049 3487 miracula
1068 3442 1120 3489 aut
1136 3426 1269 3489 hillorias

82 3551 208 3597 narrant.
249 3535 363 3598 Possum
392 3537 450 3599 hoc
479 3551 635 3613 praetcrea,
662 3556 767 3613 nempe
795 3539 878 3614 quod
898 3540 995 3599 multae
1017 3537 1167 3600 orationes
1186 3539 1269 3599 inex·

81 3650 231 3727 plicabiles
262 3650 291 3711 in
322 3652 352 3713 S.
378 3652 502 3727 Scriptis
530 3668 706 3727 occurrunt,
734 3650 907 3727 quibusdam
936 3651 1078 3727 exemplis
1099 3652 1268 3728 ostendere3

82 3766 132 3826 sed
162 3764 415 3839 impraesentiarum
447 3764 483 3826 iis
513 3764 664 3829 lubentius
695 3761 885 3839 supersedeo,
915 3777 946 3822 et
977 3764 1014 3823 ad
1043 3761 1168 3839 reliqua,
1201 3781 1266 3838 quae

84 3877 257 3953 supersunt,
290 3880 436 3950 notanda,
468 3876 540 3953 quid
571 3876 680 3936 scilicet
711 3876 774 3936 haec
804 3892 874 3937 vera
904 3874 1061 3935 methodus
1090 3874 1268 3951 scripturam

82 3989 293 4065 interpretandi
314 3988 496 4051 difficultatis
518 3990 613 4051 adhuc
633 3958 759 4063 hibent,
779 3989 827 4049 vel
848 3985 920 4063 quid
940 3986 970 4046 in
991 3986 1052 4062 ipsa
1073 3984 1267 4061 desideretur,

82 4120 209 4180 pergam.

122 4212 223 4273 Oritur
250 4212 280 4273 in
307 4212 361 4273 hac
390 4214 532 4275 methodo
558 4213 613 4275 alia
633 4228 773 4290 praeterea
794 4211 950 4273 difficultas
971 4230 1008 4271 ex
1029 4228 1084 4286 eo,
1104 4212 1186 4287 quod
1205 4209 1268 4286 ipsa

81 4322 228 4391 historiam
250 4323 365 4385 casuum
389 4325 516 4388 omnium
537 4326 677 4391 librorum
698 4325 855 4405 Scriptura
876 4322 989 4408 exigit,
1010 4322 1094 4405 cujus
1115 4322 1264 4391 maximam
