2934 4900
223 283 282 362 oeli
639 284 821 363 iitbices
848 288 916 362 Pars
936 286 990 362 lv.

623 491 1010 538 nnuousrnnaro

264 602 346 665 patet
368 606 405 650 eu
425 587 521 650 Defin.
541 588 590 649 all.
611 603 643 649 et
662 606 712 665 29.
732 588 839 651 Affeu.

595 731 924 793 PROPOSITIO
961 732 1040 793 Lvl.
1442 815 1443 825 ἵ

265 845 404 906 Maximo
423 844 566 925 Superbia
584 845 635 904 vel
651 842 780 919 Abjeulo
797 848 952 905 maximam
968 846 1062 905 onintt'
1077 846 1272 923 impotentiam
1290 846 1416 901 indicat.

623 1002 1019 1048 nnuonsrnarrm

262 1094 386 1157 Primum
407 1094 528 1159 virtutis
548 1096 769 1157 fundamentum
788 1093 829 1155 eli
847 1093 928 1155 suum
946 1093 1001 1155 elle
1019 1092 1192 1156 conservare
1207 1094 1278 1172 (per
1303 1094 1412 1153 Coroll.

222 1208 312 1287 Prop.
333 1226 382 1269 22.
403 1206 524 1287 hujus),
545 1207 635 1285 idque
665 1224 702 1269 eu
733 1210 824 1269 ‹luiiu
855 1206 995 1269 Rationis
1017 1206 1088 1287 (per
1115 1208 1204 1287 Prop.
1226 1224 1273 1286 ²4
1297 1205 1414 1285 hujus).
1443 1223 1444 1295 g

224 1319 283 1403 Qui
314 1318 403 1398 igitur
435 1319 463 1380 se
494 1318 588 1396 ipsum
617 1318 751 1398 ignorat,
782 1318 911 1380 omnium
945 1317 1086 1380 virtutum
1118 1319 1364 1393 fundamentum,
1385 1334 1414 1377 et

223 1431 437 1508 consequenter
457 1449 558 1491 omnes
579 1430 705 1493 virtutes
732 1430 858 1509 ignorat.
899 1429 1014 1491 Deinde
1035 1447 1072 1489 ex
1093 1429 1206 1491 virtute
1225 1446 1313 1508 agere
1341 1428 1414 1489 nihil

224 1541 304 1605 aliud
330 1542 389 1620 est,
416 1560 503 1621 quam
523 1560 561 1603 ea
582 1544 672 1605 doliu
693 1541 834 1603 Rationis
854 1558 938 1621 agere
961 1540 1032 1621 (per
1051 1542 1141 1620 Prop.
1162 1558 1211 1620 24.
1231 1538 1360 1621 iujus);
1382 1556 1411 1601 et

224 1653 276 1730 qui
306 1672 344 1715 ex
374 1656 465 1716 duilu
495 1652 635 1715 Rationis
665 1653 747 1733 agit,
778 1652 848 1713 scite
880 1651 1036 1714 necell'ario
1067 1654 1176 1729 debet,
1197 1652 1226 1713 se
1247 1670 1285 1714 ex
1318 1655 1412 1715 duclu

224 1764 363 1827 Rationis
390 1783 475 1845 agere
503 1766 574 1845 (per
593 1766 682 1845 Prop.
703 1782 752 1844 43.
767 1778 800 1845 p.
821 1766 875 1845 2.).
895 1763 956 1847 Qui
977 1764 1078 1841 itaque
1100 1764 1128 1825 se
1149 1762 1259 1841 ipsum,
1280 1780 1315 1825 et
1335 1782 1410 1824 con-

223 1876 377 1955 sequenter
405 1876 451 1955 (ut
465 1876 531 1952 jam
544 1876 610 1952 jam
629 1876 810 1955 ostendimus)
839 1894 940 1938 omnes
966 1875 1110 1951 virtutes,
1131 1874 1254 1937 maxime
1275 1874 1413 1954 ignorat,

223 1987 248 2048 is
276 1986 393 2049 minime
421 2006 459 2049 ex
485 1986 597 2049 virtute
624 1985 702 2066 agit,
727 1986 787 2048 hoc
815 1986 856 2047 est
885 1986 931 2065 (ut
958 2006 996 2047 ex
1021 1985 1116 2065 Defin.
1138 1986 1167 2049 8.
1187 1985 1274 2062 ltujos
1289 1988 1411 2067 patet),

228 2098 353 2159 maxime
381 2096 478 2159 animo
506 2096 547 2158 eli
567 2096 732 2173 impotens;
753 2112 843 2173 atque
865 2100 940 2159 adeo
962 2098 1034 2177 (per
1052 2100 1142 2177 Prop.
1157 2099 1263 2178 proc.)
1283 2098 1412 2159 maxima

225 2207 367 2287 Superbia
389 2210 437 2270 vel
456 2180 594 2286 Abje'uio
616 2208 767 2270 maximam
789 2209 876 2269 animi
897 2208 1102 2287 impotentiam
1122 2208 1243 2272 indicat.
1273 2211 1308 2288 Q.
1320 2210 1410 2271 121).

637 2370 1000 2417 conobnnnluu.

265 2466 343 2530 Hinc
372 2466 517 2529 clatillime
545 2466 691 2544 sequitur,
718 2467 860 2545 superbos
888 2483 919 2530 et
947 2466 1077 2546 abjeiioa
1104 2466 1228 2530 maxime
1256 2467 1410 2530 affectibus

225 2578 279 2640 el'c
301 2579 462 2642 obnoxios.

689 2677 736 2720 sc
749 2678 770 2722 tt
784 2678 803 2722 o
815 2678 835 2721 ι
848 2679 860 2722 1
873 2679 895 2722 u
908 2678 945 2722 m.

263 2769 402 2848 Abjellio
429 2787 527 2832 tamen
554 2770 670 2834 facilius
695 2771 802 2851 corrigi
823 2772 921 2849 potest
943 2791 1029 2850 quant
1050 2770 1200 2849 superbia;
1220 2769 1410 2849 quandoqui-

224 2886 289 2946 dem
309 2886 371 2945 lraec
391 2883 536 2960 Laetitiae,
555 2883 604 2944 illa
623 2898 722 2945 autem
742 2883 881 2946 Tristitia
903 2884 943 2946 est
965 2885 1102 2962 affalius,
1129 2899 1219 2962 atque
1240 2887 1316 2946 adeo
1340 2885 1411 2962 (per

223 2998 313 3077 Prop.
336 2997 383 3059 18.
402 2995 503 3075 tosus)
522 2996 585 3058 haec
605 2995 653 3058 illa
672 2995 689 3031 *
709 2995 816 3058 fortior
836 2996 886 3058 est.

586 3154 915 3218 PROPOSlTlO
955 3157 1049 3218 LVll.

261 3267 407 3347 Superbus
421 3266 618 3346 porofitorom
630 3268 687 3345 seu
706 3267 890 3328 adulatorum
904 3265 1408 3348 prasentiunamat,generosorom

221 3392 317 3439 autem
335 3379 405 3439 odit.

330 3492 335 3503 ,
620 3475 1016 3522 nzuousrnnrrm

262 3569 405 3648 Superbia
436 3569 477 3632 eli
508 3569 626 3632 Laetitia
658 3585 723 3632 otta
755 3590 792 3632 ex
823 3589 878 3648 eo,
910 3575 992 3649 quod
1019 3572 1109 3634 homo
1129 3575 1166 3634 de
1187 3565 1216 3634 'se
1236 3573 1303 3650 plus
1327 3571 1407 3650 julio

221 3681 311 3744 sentit
331 3683 403 3762 (per
422 3682 518 3761 Defin.
536 3683 663 3744 sueto.
681 3680 818 3765 Affeli.);
840 3701 925 3762 quant
947 3683 1118 3760 opinionem
1138 3685 1229 3746 homo
1249 3683 1409 3762 superbus,

221 3809 363 3872 quantum
393 3793 508 3871 potest,
538 3795 642 3856 fovete
673 3794 831 3857 conabitur
862 3795 944 3873 (vide
974 3794 1065 3858 Schol.
1097 3797 1186 3876 Prop.
1215 3812 1261 3874 13.
1287 3809 1322 3875 p.
1348 3797 1408 3874 3.);

221 3907 356 3982 adeoque
375 3903 565 3981 paralitotum
586 3906 635 3968 vel
655 3907 841 3968 adulatorum
871 3905 992 3986 (horum
1018 3908 1206 3989 Definitionum
1225 3907 1320 3986 anuli,
1340 3911 1410 3986 quio

219 4019 306 4077 nimis
325 4020 386 4077 notl
398 4018 486 4095 sunt)
507 4015 691 4095 praesentiam
712 4019 868 4095 amabunt,
897 4034 928 4081 et
948 4020 1171 4098 generosorum,
1192 4019 1244 4097 qui
1265 4023 1302 4081 de
1323 4019 1409 4097 ipsu,

221 4144 255 4190 ut
276 4147 329 4205 par
350 4129 408 4205 eii,
428 4128 576 4206 sentiunt,
597 4127 722 4208 fugient.
764 4131 798 4208 Q.
819 4131 858 4192 E.
877 4133 917 4198 D.

255 4299 268 4330 ·
302 4297 375 4349 Vers.
392 4297 462 4363 belg.
477 4325 511 4340 -
527 4297 575 4350 lau.
592 4299 648 4350 ene
666 4298 714 4349 otc
731 4299 792 4350 illo.
