2934 4900
307 318 801 406 Theologico·Politici
837 323 911 402 Cap.
931 318 1026 387 XVII.
1208 335 1265 404 575

77 501 308 579 evidentiffime,
336 500 488 578 imperium
517 502 554 561 ab
581 500 669 564 obitu
694 499 789 562 Mofis
817 518 913 578 neque
934 501 1149 565 monarchicum
1170 521 1266 580 neque

78 614 309 678 aristocraticurn
336 631 433 692 neque
461 614 603 690 populare
631 611 776 690 mansisse,
797 612 864 690 sed,
886 613 930 676 uti
950 613 1096 691 diximus,
1116 614 1266 676 Theocra·

78 728 183 790 ticum.
223 730 247 792 l.
273 727 344 807 quia
382 727 496 804 imperii
526 729 631 789 domus
661 726 739 806 regia
770 727 910 803 templum
941 741 1019 803 erat,
1051 744 1081 789 et
1112 727 1173 790 sola
1203 727 1266 806 ejus

78 839 214 916 ratione,
234 854 269 902 ut
290 838 485 916 ostendimus,
505 856 606 900 omnes
627 837 722 903 tribus
742 839 882 904 concives
904 855 995 901 erant.
1016 840 1054 902 11.
1075 839 1144 917 quia
1165 858 1267 903 omnes

80 951 165 1015 cives
193 951 223 1013 in
251 953 337 1014 iidem
364 951 422 1013 Dei
450 950 575 1028 supremi
596 950 640 1012 sui
657 949 767 1027 judicis
784 950 881 1027 jurare
910 953 1074 1030 debebant,
1095 953 1143 1016 cui
1164 953 1217 1016 soli
1238 954 1268 1014 in

80 1063 220 1126 omnibus
251 1062 385 1126 absolute
417 1062 537 1124 obedire
566 1061 767 1140 promiserant.
814 1064 855 1124 Et
886 1063 1013 1140 denique
1044 1064 1112 1142 quia
1143 1065 1270 1128 summus

80 1177 213 1240 omnium
235 1176 410 1253 imperator,
431 1177 551 1253 quando
573 1193 610 1236 eo
632 1194 709 1251 opus
730 1192 810 1252 erat,
837 1194 852 1236 a
874 1175 988 1238 nemine
1009 1175 1061 1238 nist
1081 1196 1098 1238 a
1118 1175 1182 1240 solo
1202 1179 1268 1240 Deo

80 1289 255 1368 eligebatur.
276 1288 367 1368 Quod
387 1287 491 1348 Moses
507 1286 625 1348 nomine
643 1286 700 1347 Dei
718 1287 832 1364 populo
851 1288 981 1364 expresse
998 1289 1132 1364 praedicit
1148 1292 1269 1353 Denter.

82 1417 149 1475 cap.
173 1399 218 1460 18.
238 1398 253 1433 *
275 1397 347 1462 cers.
371 1409 434 1472 15„
456 1411 486 1458 et
514 1415 544 1458 re
571 1395 632 1472 ipsa
660 1395 765 1458 electio
795 1395 956 1472 Gideonis,
984 1397 1146 1475 samsonis,
1167 1415 1198 1461 et
1218 1401 1268 1461 Sa·

81 1511 186 1573 mutilis
213 1510 350 1587 testatur;
377 1527 466 1586 quare
496 1526 555 1570 non
584 1508 799 1584 dubitandum,
827 1508 899 1586 quin
927 1508 1032 1588 reliqui
1059 1511 1159 1572 fideles
1180 1513 1270 1574 duces

81 1623 167 1684 fimili
183 1621 271 1684 etiam
288 1623 379 1684 modo
397 1620 482 1682 eleeti
500 1619 626 1697 fuerint,
644 1619 697 1682 etsi
714 1620 744 1682 id
763 1637 800 1682 ex
817 1638 917 1682 eorum
935 1621 1052 1684 hilloria
1070 1641 1131 1684 non
1148 1625 1271 1687 constet.

125 1735 181 1800 llis
207 1734 327 1811 politis,
355 1749 471 1809 tempus
499 1733 540 1793 est
569 1747 603 1794 ut
625 1731 794 1809 videamus,
815 1749 957 1812 quantum
978 1736 1041 1798 haec
1061 1736 1137 1798 ratio
1158 1737 1271 1814 imperii

83 1845 283 1909 constituendi
305 1844 417 1906 animos
438 1843 581 1906 moderari
601 1858 737 1920 poterat,
758 1861 788 1905 et
809 1860 868 1906 tam
889 1863 942 1906 eos
963 1846 1014 1923 qui
1034 1850 1271 1928 regebantquam

83 1959 138 2036 qui
165 1959 340 2038 regebantur
365 1956 407 2018 ita
435 1955 605 2034 continere,
631 1971 666 2018 ut
694 1975 790 2034 neque
818 1956 849 2017 hi
868 1958 1007 2036 rebelles,
1029 1978 1125 2038 neque
1146 1961 1186 2022 illi
1206 1963 1271 2041 Ty-

82 2070 169 2132 ranni
188 2071 301 2132 fierent.

126 2183 187 2266 Qui
215 2180 367 2258 imperium
396 2180 608 2257 administrant,
635 2181 684 2243 vel
704 2180 755 2258 qui
777 2181 807 2244 id
828 2197 948 2258 tenent,
970 2182 1112 2260 quicquid
1133 2184 1271 2249 facinoris

84 2295 295 2370 committunt,
324 2294 356 2355 id
386 2292 496 2370 semper
526 2292 622 2370 specie
649 2291 724 2370 juris
755 2295 946 2369 adumbrare,
968 2309 998 2356 et
1020 2297 1133 2374 populo
1155 2296 1185 2360 id
1207 2317 1223 2358 a
1243 2297 1272 2358 se

84 2405 207 2469 honeste
228 2409 336 2471 fastum
358 2404 528 2484 persuadere
548 2405 680 2483 student;
698 2406 975 2483 quodfacileetiam
987 2407 1271 2489 obtinent,quando

84 2534 154 2581 tota
176 2518 251 2598 iuris
279 2518 485 2597 interpretatio
513 2520 549 2579 ab
577 2518 614 2578 iis
642 2517 711 2580 solis
731 2522 853 2596 pendet.
894 2522 970 2581 Nam
990 2539 1051 2583 non
1072 2522 1193 2586 dubium
1215 2524 1271 2601 cll,

84 2630 159 2709 quin
186 2649 224 2693 eo
251 2630 316 2707 ipso
340 2630 493 2695 maximam
520 2633 558 2692 ad
585 2631 682 2692 omnia
710 2648 776 2708 quae
803 2632 928 2709 volunt,
948 2648 978 2693 et
1000 2650 1100 2694 eorum
1121 2634 1272 2711 appetitus

83 2745 206 2820 suadet,
231 2743 397 2808 libertatem
425 2742 556 2819 sumant,
583 2759 614 2805 et
642 2758 746 2805 contra
773 2762 903 2824 magnam
931 2744 1031 2808 iisdem
1059 2744 1146 2807 adimi
1153 2790 1163 2823 ,
1182 2745 1203 2806 li
1221 2746 1272 2822 jus

82 2859 166 2935 leges
191 2855 403 2931 interpretandi
431 2856 510 2931 apud
536 2854 623 2916 alium
649 2854 702 2932 snt,
723 2871 754 2917 et
775 2854 855 2917 fimul
875 2856 896 2917 sr
917 2874 985 2919 vera
1006 2861 1160 2920 earundem
1181 2858 1272 2921 inter·
1308 2852 1318 2864 ’

84 2968 215 3047 pretatio
237 2967 374 3031 omnibus
395 2967 438 3029 ita
459 2982 580 3044 pateat,
602 2983 636 3028 ut
656 2986 743 3029 nemo
766 2970 802 3031 de
824 2972 924 3031 eadem
945 2968 1080 3033 dubitare
1101 2971 1196 3047 polilt.
1226 2972 1274 3033 Ex

85 3101 149 3160 quo
169 3081 351 3148 manifestim
370 3082 421 3157 lit,
442 3098 573 3161 matram
601 3082 792 3143 Hebraeorum
822 3080 1006 3159 principibus
1027 3081 1139 3145 cattsam
1160 3083 1272 3145 facino·

83 3216 150 3259 rum
177 3195 317 3257 sublatam
344 3191 429 3255 finisse
454 3212 510 3269 eo,
537 3196 619 3269 quod
642 3192 693 3270 jus
719 3211 805 3255 omne
826 3194 905 3273 leges
926 3194 1138 3271 interpretandi
1157 3196 1273 3261 Levitis

85 3312 189 3370 datum
217 3305 306 3369 fuerit
335 3304 419 3385 (vide
439 3307 604 3367 Deuteron.
626 3324 690 3383 cap.
711 3322 760 3367 ar.
781 3305 855 3368 vers.
877 3308 940 3386 5.),
959 3307 1011 3384 qui
1033 3308 1139 3369 nullam
1160 3308 1273 3385 imperii

83 3420 363 3485 administrationem
388 3436 445 3480 nec
471 3432 583 3494 partem
604 3437 671 3480 curn
692 3418 806 3479 caeteris
826 3417 990 3496 habebant,
1011 3434 1042 3482 et
1063 3438 1187 3497 quorum
1208 3436 1273 3483 torn

85 3534 208 3595 sununs
228 3546 261 3592 et
287 3530 385 3607 honor
404 3548 421 3590 a
440 3547 510 3592 vera
539 3530 636 3608 legum
668 3528 911 3605 interpretatione
942 3533 1099 3607 pendebat.
1139 3532 1274 3609 Deinde,

86 3646 171 3722 quod
191 3642 344 3706 uniuersus
364 3643 495 3722 populos
510 3639 603 3717 jussus
623 3641 665 3702 eil
685 3640 801 3720 ungulis
822 3641 931 3719 septem
952 3643 1035 3705 annis
1056 3659 1138 3705 cetto
1156 3644 1185 3705 in
1203 3646 1272 3705 loeo

86 3754 275 3835 congregari,
302 3754 354 3815 ubi
374 3772 392 3814 a
412 3751 556 3813 Pontifice
584 3753 663 3831 leges
690 3754 881 3831 edoceretur,
909 3770 939 3816 et
964 3770 1104 3831 praeterea
1132 3770 1165 3819 ut
1185 3754 1272 3818 unus·

86 3866 212 3946 quisque
242 3866 322 3927 solus
353 3864 516 3939 continuo,
547 3880 577 3924 et
608 3863 715 3925 summa
746 3882 812 3927 cnm
845 3866 1027 3943 attentione,
1054 3866 1158 3929 librum
1185 3868 1274 3947 Legis

86 3981 198 4060 legeret
218 3994 249 4039 et
269 3978 431 4060 perlegeret
452 3976 535 4055 (vide
552 3977 716 4038 Deuteron.
739 3996 802 4057 cap.
822 3994 869 4055 31.
891 3978 965 4041 vers.
982 3996 1012 4057 9.
1033 3994 1090 4040 etc.
1111 3993 1141 4040 et
1162 3998 1226 4055 cap.
1242 3982 1273 4041 6.

86 4090 162 4155 vers.
174 4091 227 4169 7.).
248 4088 398 4165 Principes
418 4088 508 4175 igitur
527 4087 666 4164 maxime,
684 4087 730 4154 sui
751 4088 849 4153 saltem
871 4088 971 4167 causa,
992 4106 1090 4155 curare
1111 4091 1273 4173 debebant,

122 4336 136 4365 ⁸
170 4334 219 4385 lid.
235 4335 294 4384 ΡΜ
314 4348 354 4402 ¹9·
