2934 4900
383 312 695 373 Emendationis
725 315 974 377 Tractatus.
1255 334 1274 393 7

78 482 253 561 humanam,
284 504 373 564 quam
403 486 546 562 diximus,
578 488 786 565 persedionetn
819 489 1023 566 perveniatur3
1055 504 1085 551 et
1118 490 1155 551 sic
1187 510 1271 553 omne

76 594 170 671 iliud,
199 601 284 675 quod
310 598 341 661 in
367 598 503 663 scientiis.
517 600 590 677 nihil
611 604 648 662 ad
669 602 754 663 sineru
776 600 904 669 nostrum
925 619 981 663 nos
1003 616 1178 677 promovet,
1200 616 1271 661 tam·

74 726 167 784 quern
188 709 297 773 inutile
318 711 375 773 erit
396 710 602 789 rejiciendum
631 712 688 773 hoc
710 712 767 787 eli,
789 728 822 774 ut
843 730 904 773 uno
925 713 1019 778 verbo
1038 713 1150 786 dicam,
1171 730 1274 773 omnes

75 820 187 883 nostre
220 822 431 899 operationes,
451 822 531 885 lintri
553 838 583 883 et
615 822 833 903 cogitationes,
864 823 999 885 adhunc
1020 822 1272 901 suntdirigeudae

76 930 180 993 linem.
221 932 280 994 Sed
299 931 386 1009 quia,
407 934 479 995 dum
496 926 630 996 cunnus
651 950 717 996 cum
738 931 897 1009 consequi,
917 946 949 991 et
969 948 1087 1007 operm
1108 933 1225 996 damus.
1237 946 1272 993 ut

76 1041 264 1105 intellector
292 1043 321 1105 in
349 1046 453 1107 ῐεᾶιω
481 1043 559 1105 uiam
579 1042 761 1136 redigamus,
781 1042 893 1105 necesse
914 1043 956 1103 est
976 1042 1096 1117 vivere;.
1114 1058 1271 1119 propterea

77 1154 273 1215 anteotonia
301 1154 433 1235 cogimur
460 1154 597 1233 quasdem
618 1154 739 1217 vivendi
761 1156 891 1233 regulas,
912 1169 1050 1231 tanquam
1071 1154 1165 1223 bonas
1172 1199 1191 1229 „
1203 1152 1270 1230 sup-

77 1280 213 1337 ponere,
231 1264 284 1325 has
304 1263 425 1326 scilicet.
643 1336 644 1339 Ἴ
1072 1244 1075 1250 ¹

120 1375 144 1435 l.
187 1376 236 1437 Ad
263 1390 380 1453 captum
410 1377 489 1455 vulgi
514 1376 615 1453 loqui,
643 1392 673 1437 et
694 1376 743 1437 illa
763 1375 861 1437 omnia
881 1373 1012 1451 operari,
1033 1393 1099 1451 quae
1121 1374 1193 1436 nihil
1213 1374 1264 1435 im·

76 1486 256 1563 pedimenti.
270 1488 424 1563 adserunt,
452 1506 513 1565 quo
542 1487 638 1549 minus
666 1486 794 1549 nostrum
820 1486 941 1563 scopum
965 1485 1151 1574 attingamus.
1192 1488 1267 1554 Naur

75 1614 140 1658 non
164 1614 264 1675 partun
285 1600 473 1661 emolumenti
495 1602 531 1661 ab
554 1618 591 1662 eo
613 1599 763 1679 possumus
793 1600 959 1676 acquirere,
979 1602 1070 1661 modo
1090 1598 1179 1676 ipsus
1200 1619 1254 1676 cap

75 1706 141 1781 tui,
164 1722 305 1783 quantum
326 1709 389 1771 steri
409 1712 522 1787 potest,
545 1712 759 1786 concedamus3
778 1712 870 1785 adde,
886 1712 969 1787 quod
986 1710 1037 1773 tali
1055 1712 1145 1772 modo
1162 1708 1284 1781 amicas,

76 1818 253 1893 praebebunt
273 1837 358 1881 cures
378 1823 414 1882 td
436 1820 589 1883 veritatem
610 1820 792 1883 audiendam.

118 1931 158 1990 ΙΙ.
197 1930 321 1993 Deliciis
342 1930 371 1993 in
393 1948 506 1995 tanturn
528 1934 602 2009 frui,
623 1932 652 1995 in
675 1950 817 2011 quantum
838 1937 874 1995 ad
902 1936 1041 1995 tuendam
1067 1933 1266 2002 valetudinem

75 2042 196 2105 sufficit.

119 2156 172 2217 ΙΙΙ.
213 2156 351 2234 Deniqtoe
383 2172 498 2221 tantum
528 2176 729 2233 nummorum,
762 2173 813 2219 aut
845 2157 1047 2241 cujuscunque
1075 2156 1195 2219 alterius
1225 2157 1266 2218 rei

79 2285 232 2343 quaerere,
252 2282 394 2345 quantum
414 2268 521 2331 sufficit
542 2273 579 2331 ad
600 2268 690 2333 uitam
716 2283 747 2329 et
767 2268 965 2331 valetudinem
985 2268 1213 2344 sustentandam,
1235 2284 1266 2331 et

79 2382 115 2441 ιὰ
138 2398 237 2442 mores
264 2380 413 2458 civitatis,
439 2380 491 2460 qui
513 2381 640 2443 nostrum
661 2380 783 2459 scopum
804 2399 863 2442 non
885 2396 1076 2462 oppugnant,
1097 2381 1264 2449 imitandos.

120 2491 208 2556 Hisce
230 2492 268 2554 stc
289 2468 467 2572 postis,'ad
487 2493 629 2572 primum,
649 2497 730 2572 quod
752 2511 821 2556 ante
842 2493 939 2556 omnia
959 2494 1125 2559 faciendum
1146 2494 1201 2570 esi,
1218 2515 1264 2558 me

77 2594 245 2684 accingam,
262 2606 298 2667 sd
317 2607 527 2668 emendandum
544 2604 656 2681 scilicet
673 2605 868 2682 intelleeium,
886 2623 1011 2682 eumque
1028 2622 1129 2682 aptum
1140 2610 1262 2671 redden·

77 2717 145 2778 duro
167 2718 205 2778 ad
226 2734 273 2778 res
294 2715 345 2776 ttli
365 2717 454 2778 modo
475 2716 696 2796 intelligendas,
717 2735 778 2794 quo
799 2735 877 2794 opus
897 2717 952 2792 esi,
973 2733 1008 2780 ur
1028 2717 1156 2780 nostrum
1177 2721 1263 2781 finem

77 2825 267 2905 assequamur.
308 2827 399 2908 Quod
426 2842 460 2889 ut
488 2828 555 2902 fiet,
583 2826 677 2907 exigit
698 2831 790 2904 ordo,
810 2846 903 2905 quem·
918 2828 1088 2891 naturaliter
1107 2830 1263 2908 habemus,

76 2954 108 2999 ut
129 2937 181 2999 hic
201 2936 341 3000 resumant
363 2957 463 3000 omnes
484 2942 589 3002 modos
610 2938 807 3019 percipiendi,
828 2959 904 3017 quos
931 2941 1082 3022 hucusque
1109 2941 1199 3025 habui
1227 2945 1263 3004 ad

76 3051 189 3129 aliqud
218 3051 339 3114 indubie
367 3051 563 3114 affirmandum
592 3053 640 3114 vel
667 3055 848 3132 negandum,
879 3071 940 3130 quo
968 3032 1098 3117 oninium
1118 3054 1263 3131 optimum

77 3165 198 3246 eligam,
231 3179 261 3226 et
291 3165 373 3226 simul
402 3183 480 3226 meas
511 3164 589 3228 vires
619 3180 649 3225 et
681 3179 829 3240 naturam,
867 3183 952 3242 quarn
983 3166 1121 3242 perlicere
1151 3165 1263 3243 cupio,

77 3279 199 3342 noscere
220 3276 366 3354 incipiam.

113 3391 146 3452 si
168 3406 304 3452 accurate
325 3393 465 3466 attendo,
485 3389 603 3466 possunt
625 3408 726 3452 oneres
748 3393 784 3451 ad
805 3403 934 3466 quatuor
957 3389 1132 3465 potiffimun
1151 3392 1262 3454 reduci.

116 3504 140 3564 i.
182 3502 234 3563 Est
263 3501 434 3579 perceptio,
465 3520 551 3580 quam
582 3519 619 3563 ex
650 3500 772 3576 urtditu,
802 3517 853 3562 aut
881 3519 918 3561 ex
939 3500 1039 3579 aliquo
1061 3501 1159 3583 ligno,
1179 3509 1261 3582 quod

78 3627 189 3676 vocent
211 3615 248 3674 ad
268 3611 423 3689 placitum,
444 3613 592 3674 habemus.

117 3725 155 3784 ll.
197 3723 248 3784 lili
274 3723 444 3800 perceptio,
473 3743 559 3800 quam
586 3723 726 3786 habemus
754 3726 790 3784 ab
811 3723 993 3801 experientia
1014 3745 1104 3806 vaga,
1123 3727 1182 3790 hoc
1203 3729 1262 3804 est,

80 3837 115 3896 ab
135 3833 335 3912 experientia,
361 3853 426 3912 quae
454 3853 515 3896 non
543 3835 754 3897 determinatur
773 3837 808 3896 ab
829 3835 995 3911 intelleciu,
1015 3836 1064 3898 sed
1084 3852 1198 3900 tantum
1220 3838 1264 3910 ita,

80 3946 203 4020 dicitur,
230 3945 299 4023 quia
320 3944 388 4008 casu
409 3925 446 4008 lic
468 3937 618 4022 occurrit,
638 3963 668 4009 et
690 3948 801 4009 nullum
820 3945 898 4009 aliud
920 3947 1059 4011 habemus
1080 3950 1261 4028 experimen·

79 4075 155 4134 tum,
184 4061 266 4135 quod
293 4059 352 4122 hoc
380 4073 550 4138 oppugnat,
578 4063 608 4120 et
636 4059 704 4121 ideo
730 4074 867 4136 tanquam
889 4059 1086 4122 inconculsum
1106 4065 1185 4138 apud
1206 4083 1261 4125 nos

78 4185 184 4232 manet·
460 4187 461 4190 Ἴ
961 4247 981 4259 -,
1036 4247 1042 4255 .

118 4281 170 4344 nl
210 4281 260 4344 Est
280 4282 452 4363 perceptio,
472 4283 523 4346 ubi
544 4283 660 4346 esentia
680 4284 720 4350 rei
739 4304 776 4346 ex
794 4285 848 4360 alia
865 4303 896 4350 re
913 4284 1114 4367 concluditur,
1129 4262 1257 4350 sednon
