2934 4900
358 344 494 421 Caput
524 342 606 405 VIII.
646 344 691 405 De
711 342 909 405 Aristocratia.
1163 350 1223 419 335

27 522 137 582 matico
160 521 229 583 fieri
254 522 288 583 id
310 522 413 600 nequit
431 523 538 599 absque
558 521 707 585 eversione
728 520 861 597 imperii,
883 536 913 581 et
933 519 1123 580 maximorum
1144 518 1223 579 viro-

28 652 86 692 rum
116 634 216 695 clade.
264 634 359 711 Cujus
389 634 430 695 rei
458 634 640 695 funestiffima
668 636 801 710 exempla
829 636 925 695 Roma
946 631 1037 693 dedit.
1078 630 1222 690 Ceterum

28 744 116 819 ratio,
134 764 190 807 cur
211 744 246 806 in
267 746 390 823 imperio
408 748 602 808 Monarchica
620 746 761 822 diximus,
779 749 860 823 quod
879 744 987 805 Militia
1004 743 1062 804 srne
1080 741 1224 818 stipendio

27 857 130 918 servire
155 860 293 933 debeat,
314 860 412 920 locum
434 858 463 919 in
484 859 649 935 hujusmodi
671 858 794 934 imperio
816 828 997 919 nonhabet.
1022 858 1112 930 Nam,
1133 872 1226 931 quan·

26 968 191 1043 doquidem
223 970 339 1032 subditi
370 986 429 1031 tam
450 990 465 1031 a
487 970 623 1031 Consiliis
651 990 737 1047 quam
766 969 908 1049 suffragiis
929 968 1056 1029 ferendis
1077 982 1228 1039 arcentur,

28 1079 145 1152 perinde
164 1100 203 1141 ac
224 1081 375 1160 peregrini
397 1081 533 1143 censendi
554 1082 635 1159 sunt,
657 1082 709 1159 qui
730 1099 885 1158 propterea
907 1099 968 1141 non
989 1078 1136 1154 iniquiore
1154 1096 1227 1138 con·

29 1192 140 1254 ditione
174 1214 213 1255 ac
250 1194 396 1273 peregrini
429 1198 465 1255 ad
497 1193 677 1255 militandum
709 1191 895 1254 conducendi
927 1190 1004 1251 sunt.
1044 1190 1150 1265 Neque
1178 1187 1227 1246 laic
1270 1198 1279 1214 ·

32 1304 193 1375 periculum
218 1308 283 1382 est,
303 1322 336 1368 ut
359 1324 374 1367 a
396 1305 533 1367 Concilio
555 1324 613 1381 prae
634 1303 753 1381 reliquis
781 1302 985 1383 agnoscantur.
1007 1301 1088 1383 Quin
1110 1299 1169 1359 imo
1190 1316 1228 1358 ne

35 1416 237 1496 unusquisque
262 1419 379 1480 suorum
400 1420 541 1481 saelorum
563 1418 699 1495 iniquus,
729 1432 762 1477 ut
784 1417 834 1492 fit,
864 1415 1019 1475 aestimator
1040 1412 1093 1489 sat,
1114 1410 1229 1472 consul·

34 1526 86 1586 tius
105 1530 166 1599 est,
188 1546 229 1592 ut
255 1530 372 1591 Parricii
394 1546 504 1592 certum
524 1530 670 1606 praemium
688 1528 831 1591 militibus
848 1546 902 1605 pro
920 1526 1042 1590 servitio
1060 1529 1228 1587 decernant.

69 1636 94 1716 ᾗ.
115 1641 154 1703 X.
200 1644 348 1703 Praeterea
368 1644 422 1703 hac
445 1642 532 1703 etiam
555 1645 590 1703 de
611 1642 710 1718 causa,
729 1644 811 1719 quod
834 1659 936 1701 omnes
958 1654 1064 1716 praeter
1084 1635 1229 1697 Patricios

36 1752 176 1829 peregrini
208 1754 297 1828 sunt,
325 1756 386 1815 lieri
414 1774 474 1815 non
503 1754 601 1830 potest
628 1754 738 1831 absque
766 1754 861 1814 totius
891 1750 1004 1828 imperii
1025 1748 1173 1827 periculo,
1195 1762 1230 1808 ut

37 1862 89 1937 rgn'
119 1881 150 1926 et
182 1869 298 1928 domus
327 1881 357 1927 et
386 1884 471 1927 omne
500 1866 591 1927 solum
619 1865 729 1941 publici
748 1865 823 1942 juris
843 1879 996 1939 maneant,
1018 1878 1047 1924 er
1069 1877 1102 1923 ut
1124 1859 1230 1921 incolis

38 1990 132 2035 artnuo
154 1980 260 2053 pretio
281 1980 426 2041 locentur.
467 1982 543 2039 Nam
564 1978 691 2055 subditi,
720 1980 771 2056 qui
793 1980 899 2039 nullam
921 1978 950 2039 in
973 1975 1095 2053 imperio
1117 1989 1229 2050 partem

37 2083 160 2167 habent,
195 2093 285 2153 facile
317 2110 418 2153 omnes
449 2092 479 2152 in
512 2092 638 2155 adversas
669 2094 756 2153 urbes
788 2090 969 2165 desererent,
997 2088 1019 2148 s1
1047 2090 1143 2161 bona,
1165 2104 1230 2162 quae

41 2200 199 2281 possident,
234 2220 352 2281 portare
384 2222 444 2280 quo
476 2206 586 2267 vellent
618 2190 727 2265 liceret.
769 2204 867 2286 Quare
895 2202 954 2281 agri
975 2218 1006 2262 et
1028 2199 1112 2261 fundi
1141 2198 1231 2275 hujus

41 2302 149 2383 imperil
173 2313 304 2376 subditis
321 2332 381 2375 non
399 2315 531 2391 locandi,
550 2316 598 2376 sed
616 2314 763 2377 vendendi
781 2314 863 2390 sunt,
881 2332 915 2374 ea
933 2330 1029 2374 tamen
1041 2310 1231 2385 conditione,

46 2434 75 2478 ut
94 2423 183 2486 etiam
215 2444 254 2488 ex
282 2445 380 2489 annuo
404 2442 554 2504 proventu
575 2444 685 2504 partem
707 2426 867 2504 aliquotam
887 2424 1005 2504 singulis
1025 2421 1109 2484 annis
1130 2438 1230 2482 nume-

48 2549 121 2612 rent,
141 2555 204 2602 etc.
215 2587 226 2618 ,
247 2557 281 2602 ut
303 2541 332 2602 in
354 2541 511 2603 Hollandia
532 2542 576 2602 fit.

83 2647 181 2726 §.XL
227 2654 283 2714 His
310 2653 515 2728 consideratis,
542 2655 579 2713 ad
611 2653 815 2728 fundamenta,
836 2652 944 2728 quibus
965 2651 1127 2726 supremum
1148 2649 1230 2710 Con·

50 2755 139 2822 cilium
169 2765 281 2827 nitier
302 2765 406 2826 firmari
434 2767 539 2839 debet,
560 2781 661 2843 pergo.
702 2764 800 2840 Hujus
827 2763 954 2824 Concilii
974 2765 1098 2822 membra
1120 2762 1150 2820 in
1172 2781 1232 2822 me-

50 2867 135 2934 diocri
157 2877 282 2956 imperio
305 2877 435 2954 quinque
457 2877 571 2938 circiter
601 2876 687 2936 millia
709 2875 766 2937 effe
788 2878 893 2937 debere
918 2874 1095 2935 ostendimus
1115 2875 1181 2933 Art.
1203 2891 1232 2932 2.

51 2977 131 3058 hujus
160 2991 253 3066 Cap.;
281 3005 369 3067 arque
398 2991 472 3050 adeo
500 2989 576 3049 ratio
605 2991 761 3064 querenda
788 2988 847 3062 est,
867 3006 924 3064 qua
947 2989 1015 3060 liat,
1036 3004 1072 3046 ne
1094 2984 1232 3061 paulatim

52 3095 82 3152 ld
110 3103 267 3172 pauciores
295 3101 434 3164 deveniat
463 3101 632 3177 imperium,
662 3100 711 3162 sed
733 3115 852 3175 contra,
875 3115 909 3160 ut
931 3117 984 3174 pro
1005 3097 1119 3158 ratione
1140 3097 1233 3156 incre-

54 3209 136 3268 menti
156 3211 248 3288 ipsius
269 3213 380 3288 imperii
403 3231 503 3274 eorum
525 3227 665 3291 augeatur
686 3230 840 3286 numerus;
861 3211 967 3272 deinde
989 3225 1022 3270 ut
1044 3209 1120 3269 inter
1140 3207 1232 3267 Patri·

54 3313 110 3377 sios
130 3325 300 3402 equalitas,
328 3341 469 3402 quantum
490 3325 551 3385 fieri
574 3324 686 3400 potest,
714 3323 860 3398 servetur;
883 3338 915 3383 ut
937 3336 1076 3398 praetcrea
1099 3320 1128 3380 in
1151 3319 1232 3379 Con-

57 3427 123 3494 ciliis
143 3439 245 3500 celeris
263 3441 349 3500 detur
367 3438 534 3514 expediti0;
554 3452 587 3498 ut
598 3436 745 3498 communi
763 3438 845 3496 bono
863 3434 1045 3508 consulatur,
1064 3449 1094 3492 et
1105 3431 1233 3506 denique

57 3555 87 3598 ut
104 3545 311 3626 Patriciorum,
338 3549 390 3610 seu
409 3549 553 3625 Concilii,
581 3548 673 3624 major
693 3547 728 3608 srt
750 3566 836 3623 quam
863 3544 1060 3608 multitudinis
1082 3540 1234 3619 potentia;

57 3650 176 3738 sedita,
197 3679 232 3724 ut
252 3663 325 3724 nihil
346 3663 414 3724 inde
437 3662 594 3723 multitudo
617 3660 784 3722 detrimenti
806 3658 943 3735 patiatur.

94 3766 118 3846 ἓ.
137 3773 203 3835 XII.
244 3775 293 3834 Ad
320 3773 442 3848 primum
471 3788 566 3834 autern
597 3771 790 3833 obtinendum
819 3771 941 3830 maxima
963 3768 1056 3831 oritur
1078 3767 1234 3829 difficultas

59 3891 90 3936 ex
110 3881 229 3948 invidia.
269 3887 344 3947 Sunt
367 3885 442 3946 enim
463 3883 615 3958 homines,
636 3899 669 3944 ut
691 3881 836 3956 diximus,
865 3897 967 3942 natura
988 3878 1102 3952 hostes,
1122 3877 1163 3936 ita
1185 3893 1236 3951 ur,

61 3997 184 4060 quamvis
211 3997 326 4076 legibus
353 3999 531 4074 copulentur
557 3994 845 4073 adstringanturque,
866 3993 1011 4053 retineant
1032 4007 1128 4052 tamen
1149 4005 1235 4050 natu·

61 4115 120 4166 illl.
158 4113 259 4187 Atque
285 4109 354 4170 hinc
381 4107 443 4169 fieri
472 4107 603 4169 existimo
610 4152 621 4184 ,
643 4122 677 4168 ut
698 4104 818 4181 imperia
846 4103 1049 4166 Democratica
1071 4103 1101 4162 in
1122 4100 1235 4161 Aristo·

64 4217 175 4301 cratica,
203 4239 234 4285 et
261 4223 323 4284 haec
352 4224 469 4283 tandem
491 4221 520 4281 in
543 4219 734 4281 Monarchica
763 4233 922 4279 mutentur.
962 4217 1038 4276 Nam
1059 4215 1145 4292 plane
1166 4213 1236 4273 mihi

66 4331 229 4411 lersuadeo,
259 4338 397 4412 pleraque
429 4331 635 4394 Aristocratica
668 4331 787 4407 imperia
807 4329 1011 4392 Democratica
1032 4328 1112 4405 prius
1133 4326 1235 4404 suille3
