2934 4900
205 321 264 400 478
682 305 921 383 Tractatus

206 495 328 572 (utpote
355 513 421 571 quae
448 482 521 556 nihil
547 494 740 571 demonstrat,
760 513 815 556 nec
835 515 882 558 res
902 499 940 558 de
960 497 1070 574 quibus
1090 499 1224 576 loquitur
1243 519 1299 577 pet
1321 503 1395 562 defi·

205 605 334 666 nitiones
355 620 386 666 et
407 605 511 681 primas
531 605 596 666 suas
618 607 718 668 causas
739 608 862 686 docet);
883 627 1021 685 quateex
1033 610 1177 672 sententia
1197 611 1395 674 Maimonidae

205 735 300 794 neque
329 715 392 792 ejus
420 733 507 778 verus
530 715 628 776 sensus
649 735 685 776 ex
706 717 768 792 ipsa
789 719 920 780 constare
942 721 1055 797 potest,
1076 724 1212 799 adeoque
1233 741 1335 800 neque
1357 727 1396 783 ab

204 828 266 904 ipsa
296 829 352 889 erit
382 830 536 904 petendus.
576 829 671 906 Atqui
702 829 761 890 hoc
792 831 879 892 etiam
912 831 1014 894 falsum
1035 833 1110 910 elle,
1137 854 1175 896 ex
1201 837 1259 897 hoc
1280 836 1395 912 Capite

205 941 334 1002 constat:
362 941 540 1002 ostendimus
568 941 644 1001 enim
673 957 703 1002 et
732 943 846 1004 ratione
868 958 898 1004 et
920 945 1078 1022 exemplis,
1098 947 1210 1009 sensum
1230 948 1395 1024 Scriptura

205 1073 242 1114 ex
263 1053 324 1130 ipsa
344 1054 404 1116 sola
425 1053 573 1130 Scriptura
594 1054 741 1130 constare,
763 1071 794 1116 et
814 1058 850 1116 ab
872 1055 933 1132 ipsa
954 1056 1032 1133 sola,
1054 1059 1142 1119 etiam
1163 1078 1229 1120 cunr
1246 1063 1284 1122 de
1301 1064 1395 1121 rebus

205 1165 337 1242 loquitur
356 1166 481 1225 Lumine
501 1166 636 1226 Naturali
657 1167 756 1242 notis,
777 1169 946 1244 petendum.
967 1169 1118 1246 Supponit
1138 1172 1280 1248 denique,
1302 1175 1396 1234 nobis

204 1277 290 1337 licere
322 1277 479 1338 secundum
515 1277 625 1338 nostras
661 1295 882 1356 praeconceptae
918 1279 1077 1356 opiniones
1111 1283 1268 1358 Scriptura
1300 1288 1395 1348 verba

204 1391 365 1467 explicare,
391 1408 545 1468 torquere,
573 1407 602 1452 et
629 1391 770 1454 literalem
790 1393 919 1470 sensum,
941 1414 1115 1472 quamquam
1135 1397 1394 1474 perspectiffimum

204 1503 263 1566 five
284 1505 527 1580 exprelllllimum,
547 1521 669 1582 negate,
691 1519 721 1564 et
741 1503 773 1564 in
796 1504 882 1564 alium
904 1505 1039 1581 quemvis
1060 1522 1181 1568 mutare.
1206 1509 1304 1590 Quam
1324 1510 1395 1585 qui-

204 1618 269 1677 dem
295 1615 458 1692 licentiam,
485 1630 678 1692 preterquam
706 1617 788 1692 quod
810 1615 872 1691 ipsa
893 1633 930 1676 ex
951 1616 1095 1678 diametro
1116 1617 1171 1694 iis,
1189 1638 1257 1696 quae
1277 1620 1310 1681 in
1330 1621 1395 1682 hoc

204 1728 310 1804 Capite
329 1743 359 1790 et
377 1728 440 1790 aliis
451 1727 727 1804 demonstravimus,
748 1744 911 1806 repugnat,
931 1747 1018 1790 nemo
1038 1748 1100 1790 non
1123 1731 1206 1794 uidet
1222 1732 1341 1792 nimiam
1361 1749 1394 1793 et

203 1841 380 1902 temerariam
401 1839 466 1902 elle.
496 1843 554 1902 Sed
574 1857 705 1919 magnam
726 1839 801 1900 hanc
822 1840 986 1901 libertatem
1008 1840 1061 1918 ipsa
1081 1846 1295 1920 concedamus;
1317 1847 1393 1922 quid

204 1955 320 2014 tandem
341 1953 524 2029 promovet?
564 1953 646 2014 Nihil
665 1952 752 2029 sane3
774 1971 839 2030 quae
860 1954 937 2014 enim
964 1954 1227 2018 indemonstrabilia
1248 1959 1336 2035 sunt,
1360 1976 1393 2019 et

204 2079 270 2140 quae
290 2065 441 2126 maximam
461 2065 616 2140 Scriptura
638 2079 751 2140 partem
768 2080 968 2142 componunt,
986 2066 1049 2127 haec
1067 2068 1198 2129 Ratione
1215 2068 1393 2148 inuestigare

205 2194 264 2238 non
293 2177 470 2253 poterimus,
498 2193 593 2254 neque
621 2195 658 2238 ex
685 2176 740 2238 hac
760 2195 860 2238 norma
883 2177 1029 2254 explicare
1056 2197 1152 2256 neque
1182 2180 1392 2257 interpretem

205 2307 269 2350 cum
301 2305 423 2364 contra,
453 2290 576 2350 nostram
598 2290 768 2350 methodum
788 2289 988 2366 insequendo,
1019 2289 1141 2365 plutima
1162 2291 1250 2368 hujus
1271 2293 1391 2371 generis

205 2400 350 2477 explicare
370 2415 400 2463 et
421 2403 458 2463 de
479 2400 515 2461 iis
534 2400 633 2463 secure
660 2399 791 2463 dillerere
820 2400 985 2477 possumus,
1012 2417 1046 2463 ut
1069 2401 1130 2479 jam
1151 2403 1334 2481 erratione,
1356 2422 1390 2465 et

204 2512 267 2587 ipso
298 2514 377 2575 fallo
408 2512 603 2589 ostendimus3
636 2532 701 2590 quae
733 2528 830 2574 autem
861 2513 911 2575 sua
941 2488 1044 2575 natura
1075 2513 1279 2594 perceptibilia
1300 2517 1388 2593 sunt,

204 2640 305 2685 eorum
335 2623 433 2685 sensus
464 2624 564 2701 facile,
596 2639 630 2685 ut
657 2624 716 2701 jana
744 2624 832 2686 etiam
860 2624 1055 2700 ostendimus,
1076 2644 1114 2685 ex
1133 2624 1198 2687 solo
1219 2626 1389 2688 orationum
1450 2599 1452 2668 i

204 2748 350 2797 contextu
370 2735 493 2797 elicitur.
513 2737 612 2818 Quare
632 2737 695 2797 haec
716 2735 872 2798 methodus
893 2738 980 2813 plane
1001 2735 1115 2797 inutilis
1134 2736 1185 2799 est.
1205 2739 1292 2800 Adde
1303 2742 1388 2815 quod

203 2863 318 2909 omnem
336 2847 556 2924 certitudinem,
575 2866 661 2924 quarn
679 2849 786 2927 vulgus
803 2866 841 2908 ex
859 2847 967 2909 flncera
984 2848 1126 2925 leeiione,
1143 2862 1174 2909 et
1185 2867 1386 2925 quamomnes

203 2960 286 3021 aliam
316 2960 485 3021 methodum
517 2959 698 3036 insequendo
731 2962 768 3021 de
798 2959 882 3021 senili
912 2960 1069 3036 Scriptura
1107 2959 1213 3021 habere
1246 2961 1385 3038 poliunt,

203 3074 289 3150 plane
309 3073 345 3133 iis
366 3072 476 3133 adimit.
497 3072 686 3153 Quapropter
707 3072 782 3133 hanc
802 3070 992 3133 Maimonidae
1013 3070 1186 3133 sententiam
1202 3088 1236 3133 ut
1252 3074 1385 3151 noxiam,

203 3184 352 3260 lnutilem,
374 3199 403 3245 et
425 3182 573 3245 absurdam
596 3182 791 3260 explodimus.

241 3298 332 3378 Quod
351 3314 439 3373 porro
461 3296 667 3359 Pharisaeorum
697 3295 886 3357 traditionem
907 3295 1032 3371 attinet,
1049 3294 1109 3371 jam
1130 3295 1216 3371 supra
1235 3295 1381 3371 diximus,

200 3426 263 3469 eam
290 3407 342 3468 fibi
369 3427 430 3470 non
460 3408 607 3484 constate;
634 3407 811 3472 Pontificum
833 3424 932 3469 autem
951 3409 1152 3468 Romanorum
1173 3406 1380 3469 authoritatem

199 3521 388 3584 luculentiori
409 3521 576 3583 testimonio
597 3521 744 3601 indigere5
766 3536 797 3581 et
818 3521 896 3581 nulla
917 3518 972 3581 alia
992 3522 1029 3581 de
1051 3519 1136 3581 causa
1152 3519 1228 3581 hanc
1244 3522 1380 3596 reprobo.

200 3638 276 3697 Nam
303 3636 323 3697 li
351 3654 388 3697 ex
414 3635 475 3712 ipsa
503 3634 651 3711 Scriptura
679 3653 742 3695 eam
769 3634 857 3696 nobis
888 3652 972 3711 aeque
1002 3648 1084 3693 certo
1116 3633 1269 3695 ostendere
1289 3635 1319 3709 *,
1345 3652 1379 3693 ac

199 3751 366 3830 Judaeorum
396 3748 555 3810 Pontifices
587 3748 655 3809 olim
686 3762 843 3824 poterant,
863 3746 936 3807 nihil
956 3764 1001 3805 me
1021 3760 1175 3820 moveret,
1204 3748 1286 3823 quod
1306 3746 1380 3807 inter

201 3862 352 3923 Romanos
373 3860 530 3923 Pontifices
551 3860 658 3936 teperti
681 3860 790 3921 fuerint
810 3858 939 3919 haeretici
960 3872 991 3919 et
1010 3856 1108 3933 impii;
1129 3874 1196 3918 cum
1217 3856 1285 3917 olim
1306 3857 1380 3918 inter

201 3974 391 4035 Hebraeorum
422 3972 581 4034 Pontifices
613 3972 699 4033 etiam
730 3971 838 4047 reperti
870 3970 978 4032 fuerint
1008 3969 1138 4031 haeretici
1159 3986 1192 4031 et
1212 3970 1310 4046 impii,
1329 3970 1378 4047 qui

201 4084 317 4145 finistris
354 4084 456 4147 mediis
493 4084 700 4146 Pontificatum
738 4083 839 4159 adepti
869 4082 956 4159 sunt,
986 4100 1078 4158 penes
1108 4099 1186 4159 quos
1216 4096 1313 4143 tamen
1342 4100 1378 4141 er

234 4326 241 4359 ·
279 4326 318 4377 sc.
332 4326 437 4395 ponent.
