2934 4900
1227 376 1265 428 tx

77 536 235 609 videntur
264 538 418 609 Murrius
458 556 492 607 et
521 536 710 607 Boehmerur
752 538 779 621 ¹,
820 536 881 605 hoa
917 534 1000 606 solos
1042 539 1137 607 testes
1167 542 1264 609 habe-

77 684 167 747 nus;
190 660 252 731 etsr
274 664 331 731 illa
352 663 487 731 minoris
508 663 666 731 momenti
688 660 775 729 sunt.

120 786 299 855 Editioner
320 804 456 871 operum
478 784 629 870 Spinozae
651 785 714 851 hoc
732 783 850 851 saeculo
871 784 987 868 faciae,
1006 788 1085 855 item
1103 786 1265 857 versiones

79 907 311 991 Germanicas,
345 905 522 989 Gallicam,
555 904 747 995 Anglicam,
779 922 866 973 totas
899 907 1062 997 perlegere
1091 928 1175 993 opus
1198 930 1264 978 uon

79 1048 160 1097 eret.
195 1030 355 1097 Attamen
389 1028 436 1095 ita
469 1048 522 1093 eas
545 1029 776 1117 cognovimus,
799 1046 837 1095 ut
859 1027 900 1095 de
922 1026 1117 1119 fingularum
1139 1033 1265 1099 ratione

79 1152 177 1217 nobis
207 1148 386 1231 constaret,
416 1167 450 1217 et
472 1150 551 1216 locis
572 1147 809 1217 difficilioribus
832 1153 937 1220 variar
960 1152 1132 1220 hominum
1154 1151 1266 1221 docio-

82 1293 157 1339 rum
180 1267 356 1340 sententias
378 1270 494 1339 afferre
516 1272 640 1338 liceret.

127 1398 176 1469 Et
205 1394 254 1465 Η.
284 1397 325 1463 Ε.
356 1394 401 1463 G.
430 1395 550 1461 Paulus
580 1392 730 1479 quidem,
760 1410 841 1461 tunc
866 1394 1027 1480 Jeneniis,
1051 1417 1153 1480 quum
1175 1399 1267 1465 annia

83 1520 181 1607 hujus
215 1515 323 1585 saeculi
356 1513 497 1583 secundo
530 1532 564 1582 et
598 1516 698 1583 tertio
730 1516 854 1599 primur
886 1515 1038 1599 Spinozae
1077 1514 1196 1602 scripta
1231 1519 1265 1585 in

85 1658 187 1705 unum
209 1636 344 1705 colludia
364 1637 456 1721 prelo
478 1634 639 1719 traderet,
662 1653 832 1721 tantopere
850 1638 883 1703 in
902 1639 1039 1726 plagulis
1050 1640 1269 1706 examinandis

84 1758 270 1841 festinavit,
311 1776 352 1824 ut
384 1758 481 1825 etiam
520 1755 723 1845 Corrigenda
763 1756 804 1823 ad
838 1755 985 1842 Operum
1019 1756 1270 1829 Posthumorum

86 1883 206 1949 calcem
231 1896 419 1947 enumerata
440 1877 509 1945 fere
531 1876 664 1962 prorsus
686 1880 873 1968 negligeret.

129 2002 202 2091 Qui
230 2000 320 2069 hunc
350 2019 436 2067 anno
469 2002 566 2085 1830.
597 1997 726 2067 secutus
760 1997 825 2083 est,
846 2000 893 2067 A.
917 1998 1082 2084 Gfroerer,
1104 2003 1272 2071 volumina

87 2123 224 2191 Paulina
252 2122 459 2213 typographo
489 2119 696 2206 exprimenda
724 2116 864 2203 dedill'e,
892 2119 1010 2189 deinde
1032 2123 1175 2212 plagulas
1197 2144 1272 2192 cum

89 2244 229 2329 antiquis
271 2242 363 2311 libris
404 2242 572 2327 aliquanto
611 2242 799 2331 diligentius
840 2240 1056 2327 comparall'e,
1088 2262 1123 2311 et
1156 2245 1273 2313 menda

91 2363 235 2450 quedam
258 2383 277 2429 e
298 2362 484 2450 conjectura
505 2360 662 2429 suliuliss'e
685 2362 830 2430 videtur.

132 2487 253 2554 Ethice
286 2505 373 2552 anno
409 2487 546 2572 1843.a
581 2483 704 2552 Cerolo
733 2483 887 2554 Riedelio
909 2505 950 2552 ex
972 2484 1116 2552 editione
1137 2485 1274 2569 Paulina

91 2629 203 2694 parum
235 2604 395 2674 industrie
427 2607 565 2692 repetita
599 2605 656 2674 est.
691 2605 818 2673 Eodem
847 2627 928 2674 vero
958 2627 1046 2674 anno
1068 2609 1103 2674 in
1127 2606 1273 2694 Operum

93 2731 252 2798 Omnium
282 2729 462 2796 orationem
502 2726 761 2799 constituendam
794 2729 901 2796 multo
934 2729 1092 2797 intentius
1125 2730 1276 2796 incubuit

93 2851 133 2919 C.
156 2851 205 2919 H.
235 2849 383 2934 Bruder,
413 2851 470 2936 qui
500 2847 603 2933 sparsa
632 2850 790 2916 nonnulla
820 2850 968 2938 collegit,
999 2851 1090 2916 locos
1121 2871 1139 2917 e
1170 2851 1276 2918 Sacris

92 2971 213 3040 Literis
240 2988 275 3039 et
305 2971 515 3056 scriptoribus
544 2969 672 3038 Latinis
704 2972 818 3038 allator
840 2971 957 3038 rectius
980 2971 1139 3056 indicare,
1162 2971 1278 3040 omillis

93 3093 224 3179 quidem
251 3092 415 3180 Judaicis,
443 3093 739 3178 interpundiionem
762 3093 886 3176 ubique
908 3094 1087 3182 corrigere,
1108 3095 1279 3185 orthogra-

93 3217 201 3302 phiam
227 3214 269 3280 ad
290 3215 571 3304 grammaticorum
594 3212 660 3281 suae
682 3216 787 3282 aetatis
809 3217 894 3304 leges
916 3214 1119 3283 conformare
1141 3214 1278 3283 studuit.

95 3337 302 3426 Quamquam
342 3354 492 3404 veterum
533 3335 713 3402 editionum
756 3336 980 3403 audioritatem
1018 3356 1086 3404 non
1118 3339 1281 3428 neglexit,

96 3478 201 3528 tamen
232 3456 387 3543 quosdam
415 3458 510 3525 Pauli
532 3477 677 3542 errores,
698 3457 807 3525 invito
831 3458 929 3524 etiam
952 3456 1139 3545 Gfroerero,
1156 3460 1280 3546 impru-

97 3580 173 3648 dens
195 3581 331 3666 recepit.

140 3701 341 3774 Novillimus
370 3703 478 3771 editor
509 3701 611 3794 Hugo
641 3701 873 3792 Ginebergiua,
903 3703 937 3767 in
963 3701 1148 3769 Bruderum
1177 3719 1217 3768 ut
1242 3701 1281 3770 fit

102 3828 202 3894 terius
236 3825 403 3909 invectus,
438 3822 534 3910 ipsius
568 3841 676 3892 tamen
708 3825 852 3907 labores,
883 3822 1007 3890 mendis
1041 3825 1282 3914 typographicis

139 4155 145 4182 ¹
182 4151 245 4200 lien.
270 4149 301 4200 de
327 4145 436 4213 sptnnzr
471 4143 657 4198 Adnotttioner
690 4143 721 4194 ad
756 4139 843 4194 Trici·
876 4138 1037 4192 Tucci-Pol.
1069 4150 1101 4188 ct
1126 4137 1283 4203 autographo

104 4231 181 4284 edidit
198 4245 229 4283 ac
246 4228 443 4297 preferret.
461 4263 469 4281 .
486 4263 494 4280 .
511 4229 573 4281 chr.
588 4227 639 4279 nh.
656 4227 687 4278 de
705 4228 787 4278 Mum.
810 4226 888 4292 llagte
905 4221 1034 4275 comitum
1058 4219 1103 4285 (ut
1120 4218 1223 4283 quidem
1241 4218 1284 4270 llle

99 4313 249 4379 profitetur,
277 4313 318 4366 scd
350 4311 453 4366 fortrffe
484 4311 674 4379 Norimbergoe)
709 4311 783 4363 1802.
815 4335 848 4348 ··-
881 4306 1028 4360 Boehmetnr
1056 4303 1082 4354 ln
1109 4303 1176 4355 libro
1207 4302 1284 4354 modo

99 4398 212 4450 taumro.

92 4538 97 4600 Ι
