2934 4900
199 336 259 399 ogo
621 327 803 389 Ethices
830 328 899 390 Pars
920 331 959 389 V.

201 500 367 575 servantur,
398 517 428 562 et
459 504 702 577 corroborantur,
733 520 787 579 per
816 500 943 579 aliquem
975 518 1088 565 motum
1119 502 1273 579 spirituum
1306 505 1385 581 (uide

201 626 262 672 art.
283 628 331 687 27.
349 626 382 691 p.
395 630 421 673 r.
441 614 519 692 Paff.
534 615 665 693 ,Anim.).
685 614 730 675 At
750 616 974 693 quandoquidem
995 616 1110 675 cuilibet
1130 617 1276 676 uoluntati
1292 618 1384 696 poffu-

201 743 263 784 mus
276 725 401 800 jungere
421 740 524 787 motum
544 746 732 805 quemcunque
749 728 884 803 glandis,
905 741 932 787 et
953 729 1153 805 consequenter
1166 729 1386 807 spirituum,·et
1439 706 1440 771 l

202 840 401 899 determinatio
420 840 610 901 uoluntatisa
620 841 686 917 sala
705 841 803 918 nostra
819 840 955 919 potestate
971 841 1131 919 pendet,·ss
1146 844 1242 915 igitur
1262 842 1386 918 nostram
1439 908 1440 929 χ

203 951 378 1011 uoluntatem
397 955 485 1013 certis
500 966 529 1013 et
541 953 638 1032 firmis
648 952 784 1028 judiciis,
796 954 951 1029 secundum
972 970 1034 1029 quse
1054 952 1155 1030 nostru
1174 956 1245 1013 uite
1265 954 1388 1011 adiones

203 1064 332 1136 dirigere
361 1064 508 1138 uolumus,
539 1065 773 1138 determinemus,
803 1078 830 1124 et
860 1078 950 1125 motus
975 1065 1147 1146 pafflonum,
1178 1082 1251 1141 quas
1281 1062 1387 1123 hahere

203 1175 349 1249 uolumus,
369 1172 447 1252 hisce
461 1176 583 1251 judiciis
596 1176 771 1253 jungamus,
798 1180 948 1255 imperium
975 1180 1155 1253 acquiremus
1175 1177 1338 1252 abfislutum
1356 1180 1387 1233 in

206 1286 317 1364 nostras
345 1288 493 1368 Pafflones.
534 1288 605 1349 Hac
631 1289 669 1366 est
696 1290 841 1369 clarrffimi
866 1286 952 1363 hujus
974 1288 1046 1348 Viri
1066 1288 1213 1365 sententia
1234 1286 1387 1365 (quantum

205 1418 241 1456 ex
260 1398 347 1477 ipfius
366 1400 465 1459 uerbis
484 1400 629 1479 conjicio),
650 1418 737 1477 quam
756 1419 805 1476 ego
825 1404 881 1459 uix
900 1400 1073 1478 credidiffem
1090 1420 1110 1461 a
1126 1414 1206 1459 tanto
1228 1400 1300 1459 Viri
1317 1413 1385 1478 pro-

205 1510 297 1570 latam
317 1511 384 1589 effe,
399 1510 427 1589 js·
445 1516 538 1571 minus
556 1525 645 1573 acuta
658 1511 770 1591 fuiffet.
812 1510 942 1589 Profelia
970 1516 1079 1573 mirari
1093 1514 1174 1590 satis
1193 1532 1247 1572 non
1264 1512 1387 1592 poffum,
1440 1484 1441 1567 l

207 1624 282 1699 quod
305 1626 358 1682 uir
384 1620 590 1703 Philosophus,
617 1628 668 1700 qui
684 1624 813 1703 firmiter
827 1624 993 1702 statuerat,
1014 1623 1093 1685 nihil
1109 1626 1259 1699 deducere,
1280 1624 1335 1700 nist
1353 1644 1388 1681 ex

203 1739 361 1815 principiis
378 1747 434 1814 per
448 1738 484 1814 se
503 1740 595 1809 notis,
613 1750 642 1795 et
661 1734 741 1795 nihil
757 1738 905 1813 affirmare
911 1782 920 1811 ,
947 1736 1000 1815 nist
1020 1739 1095 1815 quod
1112 1739 1190 1797 clare
1209 1751 1237 1797 et
1261 1736 1388 1814 distlnde

203 1852 383 1927 perciperet,
402 1862 431 1908 et
451 1852 504 1925 qui
522 1853 605 1909 toties
633 1848 814 1928 Scholasticos
841 1847 1082 1929 reprehenderat,
1104 1851 1179 1927 quod
1192 1862 1249 1929 per
1267 1849 1389 1909 occultas

208 1962 365 2038 qualitates
396 1980 443 2021 res
473 1961 609 2039 obscuras
638 1962 783 2022 voluerint
813 1962 975 2041 explicare,
1006 1960 1178 2041 Hypothefin
1196 1963 1298 2039 sumat
1316 1962 1389 2019 amari

207 2076 315 2135 occulta
343 2076 485 2152 qualitate
512 2075 696 2135 occultiorem.
740 2076 831 2151 Quid,
860 2077 969 2153 queso,
991 2086 1048 2155 per
1073 2074 1185 2135 Mentis
1204 2088 1234 2134 et
1255 2076 1389 2152 Corporis

208 2192 336 2248 unionem
364 2189 530 2265 intelligit?
559 2206 656 2264 quem,
685 2191 822 2264 inquam,
851 2187 962 2247 clarum
991 2199 1018 2245 et
1047 2186 1207 2265 destindum
1233 2198 1388 2265 conceptum

209 2297 297 2359 hahet
327 2304 508 2375 cogitationis
538 2301 685 2381 ardifflme
714 2304 804 2360 unite
834 2302 946 2360 cuidam
973 2304 1150 2377 quantitatis
1175 2299 1387 2378 portiuncula?

211 2409 319 2471 Vellem
331 2413 422 2489 sane,
442 2425 476 2472 ut
496 2410 571 2473 hanc
589 2414 717 2472 unionem
733 2424 790 2490 pes
803 2416 968 2492 prassinam
979 2413 1065 2490 suam
1082 2410 1388 2491 causamestplicuifflt.

210 2523 267 2582 Sed
292 2524 341 2581 ille
368 2525 495 2584 Mentem
514 2543 534 2584 a
557 2526 682 2604 Corpore
708 2527 777 2584 adeo
801 2525 960 2603 distinliam
987 2537 1166 2602 conceperat,
1185 2537 1219 2583 ut
1238 2543 1288 2582 nec
1307 2521 1390 2598 hujus

210 2637 338 2708 unionis,
358 2655 408 2696 nec
424 2636 512 2714 ipsius
532 2637 645 2696 Mentis
660 2637 750 2696 ullam
761 2635 937 2714 fingularem
954 2637 1070 2714 causam
1086 2636 1228 2718 afflgnare
1248 2639 1389 2714 patuerit,

206 2745 263 2821 sed
280 2747 381 2825 neceffe
407 2747 461 2826 ipss
481 2745 597 2824 fuerit,
616 2750 659 2808 ad
677 2750 794 2826 causam
814 2751 902 2808 totius
926 2747 1076 2824 Universt,
1098 2746 1148 2806 hoc
1167 2746 1205 2824 est
1223 2749 1266 2806 ad
1283 2747 1389 2817 Deum,

212 2875 372 2918 recurrere.
413 2861 524 2921 Deinde
540 2862 682 2938 pervelim
697 2862 797 2938 scire,
819 2874 886 2937 quot
905 2861 995 2919 motds
1012 2860 1126 2936 gradus
1141 2859 1230 2938 potest
1247 2857 1391 2934 glandule

210 2970 259 3048 asti
284 2972 397 3049 pineali
427 2973 515 3032 Mens
553 2973 699 3049 tribuere,
729 2987 758 3032 et
786 2987 896 3050 quanta
932 2992 991 3033 cum
1021 2976 1055 3032 ui
1083 2974 1198 3032 eandem
1221 2970 1390 3050 suspensam

128 3097 133 3106 ’
212 3095 308 3141 tenere
322 3084 421 3162 potest.
462 3085 543 3144 Nam
562 3086 654 3161 nescio
674 3104 713 3144 un
735 3084 795 3144 hec
812 3087 900 3161 glans
921 3086 1036 3145 tardius
1056 3087 1105 3144 uel
1121 3086 1241 3144 celerius
1257 3103 1276 3143 a
1295 3085 1392 3144 Mente

212 3197 439 3270 circumagatur,
460 3215 546 3271 quam
564 3215 585 3254 a
599 3197 762 3275 spiritibus
781 3197 972 3271 animalibus,
1004 3210 1032 3256 et
1052 3215 1091 3257 an
1111 3210 1201 3258 matus
1222 3196 1391 3276 Paffromsm,

212 3323 281 3380 quos
304 3305 401 3384 firmis
420 3305 542 3380 judiciis
568 3308 648 3366 arde
668 3308 839 3385 junximus,
865 3329 919 3367 non
942 3309 1041 3389 pofflnt
1060 3309 1099 3367 ab
1122 3309 1223 3385 iisdem
1249 3311 1392 3364 iteruma

213 3415 302 3492 causss
318 3421 461 3496 corporeis
481 3419 610 3495 disjungi
616 3443 628 3492 ,·
650 3440 687 3478 ear
706 3440 760 3497 quo
776 3420 958 3498 sequeretur,
975 3434 1024 3497 ut,
1043 3425 1175 3498 quamuis
1197 3419 1283 3479 Mens
1300 3418 1391 3496 firmi·

213 3543 259 3588 ter
276 3529 461 3609 proposuerit
481 3545 582 3591 contra
598 3535 731 3610 pericula
751 3537 796 3592 ire
806 3579 817 3608 ,
837 3547 923 3611 atque
943 3531 1138 3593 huicdecreto
1158 3533 1248 3592 matris
1267 3535 1394 3592 audacie

207 3643 362 3718 junxerit,
382 3645 446 3720 rufis
468 3657 562 3704 tamen
579 3646 707 3723 periculo
724 3647 813 3720 glans
832 3649 877 3704 ita
890 3643 1099 3723 suspendatur,
1118 3657 1151 3704 ut
1168 3645 1255 3704 Mens
1272 3663 1327 3702 non
1345 3641 1394 3718 rufi

214 3755 341 3830 defuga
358 3755 439 3835 pofflt
458 3759 605 3831 cogitare‚·
625 3770 653 3816 et
667 3759 761 3835 sane,
789 3776 850 3817 cum
870 3757 949 3816 nulla
969 3758 1056 3816 detur
1076 3761 1153 3816 ratio
1173 3757 1333 3816 uoluntatis
1357 3757 1397 3814 ad

214 3880 333 3942 motum,
354 3867 434 3926 nulla
454 3872 541 3928 etiam
561 3870 652 3929 datur
671 3874 847 3948 comparatio
867 3874 945 3930 inter
962 3871 1075 3930 Mentis
1095 3884 1122 3928 et
1144 3871 1281 3948 Corporis
1298 3882 1394 3948 poten-

214 3983 287 4038 tiam
300 3978 356 4055 seu
378 3983 479 4052 uires,
505 3993 533 4039 et
560 3983 760 4058 consequenter
779 3981 866 4058 hujus
885 3985 965 4042 uires
985 4001 1164 4059 nequaquam
1183 3981 1300 4041 uiribus
1318 3983 1395 4041 illius

214 4093 405 4152 determinari
430 4093 552 4171 paffunt.
593 4095 651 4154 His
680 4095 769 4180 adde,
802 4095 877 4170 quod
905 4114 953 4153 nec
987 4093 1045 4154 hac
1072 4093 1160 4170 glans
1186 4097 1232 4154 ita
1258 4097 1290 4152 in
1310 4095 1395 4154 medio

216 4205 330 4263 cerebro
352 4204 411 4281 stra
440 4208 617 4283 reperiatur,
643 4219 676 4264 ut
703 4219 763 4265 tam
783 4204 877 4280 facile
897 4219 991 4284 totque
1011 4208 1099 4266 modis
1118 4209 1277 4281 circumagi
1302 4206 1395 4286 pofflt,

215 4329 244 4374 et
265 4317 340 4392 quod
368 4334 422 4375 non
452 4335 542 4376 omnes
572 4319 659 4375 nerui
687 4319 730 4376 ad
757 4321 900 4377 cavitates
926 4319 1015 4394 usque
1040 4317 1152 4378 cerebri
1173 4319 1394 4397 protendantur.
