2934 4900
437 353 493 415 De
533 350 805 421 Affectibus.
1169 367 1223 431 173

53 531 195 610 agnoscere
225 531 430 594 differentiam.
469 534 546 593 Nam
576 531 636 597 live
667 532 758 594 homo
781 532 824 593 sui
846 530 997 609 appetitus
1017 532 1052 593 sit
1073 532 1225 609 conscius,

53 642 105 704 sive
129 662 187 705 non
214 643 267 722 fit,
287 658 385 705 manet
405 660 502 706 tamen
524 645 677 721 appetitus
696 665 774 707 unus
795 645 945 722 idemque;
966 661 1054 723 atque
1075 648 1167 723 adeo,
1189 664 1226 707 ne

53 756 232 836 tautologiam
252 756 436 820 committere
456 758 588 835 viderer,
605 758 808 837 Cupiditatem
826 777 879 836 per
896 756 1060 835 appetitum
1079 758 1225 835 explicare

53 866 141 942 nolui,
169 866 220 929 sed
249 870 373 930 eandem
404 868 445 930 ita
476 868 596 930 desinire
628 868 743 945 studui,
772 884 806 931 ut
835 887 937 931 omnes
957 869 1090 931 humanae
1113 885 1225 931 naturae

55 994 182 1055 conatur,
202 998 279 1059 quoa
300 982 419 1043 nomine
437 981 608 1059 appetitur,
623 982 806 1059 voluntatis,
825 980 1016 1062 cupiditatis,
1032 984 1082 1045 vel
1098 984 1226 1061 impetus

54 1090 246 1171 igniscamut,
265 1113 323 1156 una
345 1094 629 1173 comprehenderem.
661 1097 817 1158 Potueram
840 1097 916 1159 enim
938 1096 1052 1174 dicere,
1069 1096 1224 1174 Cupidita-

53 1196 112 1263 tem'
130 1205 185 1267 esse
213 1207 304 1284 ipsam
331 1208 459 1269 hominia
486 1208 652 1285 essentiam,
674 1223 821 1285 quatenus
843 1209 1035 1271 determinata
1056 1207 1226 1286 concipitur

55 1318 85 1375 ad
111 1318 218 1395 aliquid
248 1322 409 1399 agendum3
440 1320 490 1382 sed
518 1340 555 1381 ex
582 1320 637 1383 hac
660 1320 834 1385 definitione
856 1320 928 1402 (per
949 1322 1039 1402 Prop.
1061 1338 1111 1399 23.
1127 1334 1160 1401 p.
1181 1321 1225 1401 a.)

54 1444 104 1489 non
121 1428 304 1509 sequeretur,
325 1435 407 1510 quod
427 1433 517 1494 Mena
536 1434 622 1509 posiit
642 1434 700 1495 suae
719 1432 901 1510 Cupiditatis
918 1433 978 1498 five
998 1434 1150 1511 appetitus
1169 1431 1225 1494 esie

55 1541 163 1605 conscia.
202 1545 311 1625 igitur,
341 1562 376 1608 ut
405 1546 494 1624 huius
525 1545 712 1608 conscientiae
744 1546 857 1609 causam
887 1546 1085 1624 involverem,
1113 1545 1225 1608 necesse

55 1654 101 1715 ivit
129 1656 200 1737 (per
228 1660 345 1719 eandem
373 1659 478 1739 Prop.)
511 1660 632 1736 addere,
661 1673 802 1738 quatenus
830 1679 866 1720 ex
886 1662 959 1721 data
979 1678 1147 1739 quacunque
1165 1658 1226 1735 ejus

53 1764 185 1840 uffedt'one
213 1770 408 1831 determinata
437 1783 490 1832 etc.
538 1772 615 1832 Nam
644 1790 698 1847 per
727 1771 912 1835 affeuionem
939 1773 1071 1835 humanae
1099 1770 1225 1833 essentiae

55 1896 244 1959 quamcunque
272 1881 399 1959 ejusdem
418 1880 546 1943 essentiae
567 1882 808 1946 constitutionem
830 1884 1033 1964 intelligimus,
1054 1883 1114 1948 five
1136 1902 1170 1945 ea
1190 1882 1226 1945 sit

55 1990 155 2069 innata,
175 1992 237 2057 sive
257 1995 340 2071 quod
360 1993 423 2070 ipsa
440 2012 493 2073 per
509 1994 602 2056 solum
619 1994 822 2075 Cogitationis
828 2042 837 2073 ,
854 1994 913 2060 sive
932 1996 1093 2073 petiolum
1112 1996 1225 2059 Exten-

55 2101 129 2165 sonia
155 2083 331 2168 attributum
352 2106 555 2184 concipiatur,
577 2105 636 2169 sive
657 2106 786 2185 denique
808 2110 890 2185 quod
911 2112 948 2170 ad
968 2125 1125 2187 utrumque
1146 2107 1227 2170 simul

56 2216 188 2280 reseratur.
218 2217 277 2279 Hic
293 2217 384 2298 igitur
400 2218 584 2296 Cupiditatis
601 2220 719 2281 nomine
737 2220 870 2301 intelligo
888 2221 1015 2284 hominis
1032 2240 1225 2301 quoscunque

56 2344 181 2407 conatur,
211 2331 358 2408 impetus,
387 2331 557 2411 appetitus,
584 2348 615 2394 et
642 2333 822 2409 volitiones,
850 2335 902 2412 qui
923 2353 976 2411 pro
998 2334 1078 2397 varia
1099 2334 1226 2412 ejusdem

56 2436 165 2503 hominia
194 2440 409 2504 constitutione
437 2441 530 2519 varii,
559 2457 589 2504 et
610 2461 672 2504 non
692 2461 757 2505 raro
779 2441 854 2506 adeo
875 2442 927 2505 srbi
947 2444 1074 2508 invicem
1096 2442 1226 2522 oppositi

56 2547 125 2628 sunt,
142 2567 177 2614 ut
196 2552 290 2614 homo
310 2551 502 2616 diverfimode
522 2552 669 2629 trahatur,
690 2566 738 2629 et,
760 2570 821 2629 quo
841 2552 871 2614 se
892 2569 1006 2630 vertat,
1027 2552 1145 2616 nesciat.

617 2698 655 2758 li.

86 2811 201 2874 Letitt'a
230 2811 272 2874 est
297 2812 425 2875 hominia
452 2811 584 2874 transitio
603 2830 620 2874 a
637 2811 749 2873 minore
777 2814 826 2873 ad.
840 2810 978 2890 majorem
1007 2811 1225 2888 perfessionem.

605 2955 658 3016 ΙΙΙ.

92 3068 223 3149 institia
249 3071 291 3132 esi
313 3070 441 3132 hominia
463 3069 596 3132 transitio
621 3088 638 3130 a
659 3067 769 3146 majore
790 3070 828 3130 ad
848 3068 988 3130 minorem
1009 3066 1225 3144 persesiionem.

494 3247 773 3296 uxrurcnrro.

87 3343 158 3405 Dico
189 3344 399 3406 transitionem.
439 3347 516 3406 Nam
547 3343 668 3405 Laetitia
689 3361 750 3403 non
772 3342 812 3403 est
833 3341 894 3418 ipsa
913 3340 1066 3418 perfectio.
1097 3342 1127 3402 Si
1149 3342 1225 3402 enim

58 3449 132 3517 homo
159 3475 227 3519 cum
247 3457 444 3535 perfodione,
464 3460 502 3520 ad
522 3476 609 3535 quam
630 3455 747 3532 tranfit,
769 3454 949 3530 nasceretur,
968 3453 1096 3530 ejusdem
1116 3453 1225 3531 absque

59 3561 167 3630 Latitiae
206 3568 313 3632 affeetu
343 3586 468 3646 compos
499 3567 586 3643 eslet3
617 3570 699 3646 quod
730 3567 836 3628 clarius
867 3581 988 3643 apparet
1019 3585 1056 3628 ex
1087 3565 1224 3627 Tristitiae

59 3675 162 3756 affetu,
196 3681 249 3758 qui
277 3681 348 3743 huic
379 3681 421 3742 est
448 3681 620 3743 contrarius.
650 3682 727 3741 Nam
750 3682 831 3758 quod
853 3679 984 3741 Tristitia
1005 3677 1035 3739 in
1056 3677 1225 3740 transitione

59 3789 86 3845 td
100 3791 237 3854 minorem
252 3792 460 3868 perfectionem
471 3791 609 3868 consistit,
619 3810 681 3854 non
693 3807 790 3852 autem
801 3792 831 3852 in
842 3790 902 3868 ipsa
913 3790 1024 3851 minore
1036 3789 1225 3866 persedione,

59 3913 129 3963 remo
148 3921 255 3983 negare
274 3905 388 3980 potest,
408 3904 647 3982 quandoquidem
668 3903 760 3964 homo
782 3918 904 3965 eatenus
925 3901 1087 3964 contristari
1104 3901 1225 3980 nequit,

60 4025 189 4082 quatenus
218 4015 343 4093 alicujus
372 4015 561 4092 perfectionis
591 4015 631 4076 esi
662 4017 820 4094 particeps.
848 4017 913 4076 Nec
942 4015 1037 4076 dicere
1059 4013 1224 4091 possumus,

59 4128 126 4196 quod
141 4127 273 4189 Tristitia
291 4127 322 4189 in
337 4127 507 4206 privatione
523 4127 642 4206 majoris
657 4127 848 4206 perfetiionis
858 4125 1008 4204 consistat3
1019 4145 1083 4188 nana
1094 4125 1223 4202 privatio

58 4234 119 4297 nihil
147 4239 203 4317 est,
233 4238 374 4302 Trisiitiae
405 4256 502 4303 autem
533 4241 654 4304 affetlus
685 4243 767 4304 astus
794 4242 850 4318 ess,
879 4239 930 4319 qui
951 4255 1106 4317 propterea
1126 4239 1225 4301 nullus

57 4347 121 4410 alim
152 4351 207 4414 esie
238 4353 354 4431 potest,
384 4372 470 4432 quam
492 4353 572 4416 astus
592 4351 759 4416 transeundi
781 4356 817 4415 ad
837 4352 977 4414 minorem
999 4349 1223 4430 perfetlionem,
