2934 4900
355 324 492 403 Caput
523 326 604 387 Vlll.
643 328 689 387 Dc
709 322 908 389 Aristocratia.
1164 345 1222 407 349

32 522 225 581 quacunque
245 502 368 581 summa,
390 524 445 581 qua
468 506 578 567 minora
599 504 716 567 crimina
738 507 930 581 muldantur,
951 504 1018 581 ipsrs
1039 504 1108 565 solis
1129 504 1219 583 delig-

34 631 135 691 netur;
166 634 204 677 ea
233 631 328 678 tamen
357 617 547 694 conditione,
574 633 608 678 ut
636 636 786 695 nunquam
808 617 844 679 iis
865 619 953 681 liceat
974 636 1139 694 quenquam
1161 634 1221 678 tor-

35 729 145 789 mentis¹
170 746 278 808 cogere
306 730 455 807 quippiam
484 730 632 806 confiteri,
661 747 691 792 et
718 731 777 791 boc
805 734 895 793 modo
924 730 992 791 satis
1013 746 1131 792 cautum
1152 730 1223 807 erit,

36 858 70 900 nc
87 842 187 919 iniqui
207 843 237 904 in
256 844 389 919 plebeios
405 844 474 918 sint,
492 859 521 905 et
540 862 577 905 ne
595 859 690 905 metus
708 844 792 905 causa
810 844 929 905 nimium
947 843 1080 905 Patriciis
1094 845 1223 907 faveant.

35 954 125 1029 Nam,
158 971 355 1033 praeterquam
387 959 468 1033 quod
499 955 546 1017 hic
578 972 672 1017 metus
704 954 764 1017 sold
795 954 935 1033 avaritid,
966 959 1058 1032 eaque
1090 956 1222 1031 specioso

34 1062 150 1137 justitiae
186 1068 306 1129 nomine
336 1070 521 1143 adumbrata,
552 1082 745 1143 temperetur,
777 1066 906 1144 accedit,
938 1071 1020 1145 quod
1050 1068 1147 1144 plures
1167 1068 1223 1129 srnt

37 1194 178 1254 numero,
201 1194 233 1239 et
253 1182 334 1255 quod
355 1180 487 1259 suffragia
514 1198 574 1241 non
599 1181 708 1257 palam,
729 1179 778 1241 sed
799 1180 917 1241 calculis
938 1181 1081 1255 serantur;
1104 1179 1145 1239 ita
1166 1195 1200 1241 ut
1212 1226 1221 1256 ,

40 1288 56 1345 [ι
77 1290 144 1367 quis
168 1294 212 1353 ob
234 1294 395 1353 damnatam
417 1292 495 1353 suam
517 1291 629 1353 causam
651 1292 864 1382 stomachetur,
890 1291 961 1353 nibil
982 1308 1079 1353 tamen
1099 1292 1224 1367 habeat,

42 1404 117 1475 quod
146 1402 202 1463 uni
233 1402 373 1479 imputare
401 1405 495 1480 pollit.
536 1406 626 1465 Porro
648 1423 685 1465 ne
706 1404 856 1480 iniquam,
876 1419 927 1465 aut
947 1404 1047 1464 saltem
1067 1422 1104 1464 ne
1125 1402 1223 1465 absur-

43 1515 99 1573 dam
133 1514 263 1593 aliquam
294 1514 466 1577 sententiam
496 1516 708 1592 pronuncient,
737 1531 768 1577 et
795 1535 831 1577 ne
860 1534 959 1577 eorum
991 1514 1131 1592 quispiam
1152 1516 1223 1577 dolo

45 1626 198 1702 quitquam
218 1626 320 1703 saciat,
338 1628 530 1706 Syndicorum
550 1627 713 1691 reverentia
733 1628 916 1704 prohibebit;
933 1642 1124 1704 praeterquam
1142 1629 1224 1704 quod

45 1732 68 1793 in
98 1754 158 1797 tana
192 1756 299 1817 magno
329 1739 464 1817 Judicum
497 1758 616 1799 numero
648 1758 724 1802 unus
754 1740 864 1816 semper
884 1754 935 1801 aut
957 1742 1029 1801 alter
1048 1738 1224 1815 reperietur,

46 1864 123 1920 quem
145 1849 244 1926 iniqui
266 1851 432 1912 formident.
472 1854 521 1914 Ad
549 1854 681 1928 plebeios
702 1852 829 1929 denique
850 1854 933 1929 quod
953 1851 1077 1926 attinet,
1098 1849 1167 1910 satis
1187 1850 1224 1910 iis

45 1958 124 2019 etiam
147 1962 321 2039 cavebitur,
350 1962 369 2023 sr
391 1966 428 2025 ad
448 1963 595 2041 Syndicos
623 1963 722 2025 iisdem
745 1965 889 2039 appellare
910 1963 1014 2039 liceat,
1034 1963 1158 2040 quibus,
1179 1962 1224 2023 uti

47 2069 118 2146 dixi,
142 2073 214 2149 J‘ure
241 2072 402 2150 permissum
431 2074 465 2135 sit
493 2078 529 2137 de
549 2075 686 2156 Judicum
708 2078 795 2138 rebus
816 2075 1009 2155 cognoscere,
1025 2075 1174 2152 judicare,
1195 2090 1225 2135 et

48 2179 176 2247 statuere.
198 2188 275 2247 Nam
297 2202 406 2248 certum
428 2187 482 2264 est,
504 2190 585 2264 quod
603 2186 723 2267 Syndici
742 2189 900 2249 multorum
917 2185 1107 2249 Patriciorum
1125 2187 1224 2249 odium

51 2292 135 2355 vitare
164 2316 228 2359 non
257 2314 414 2375 poterunt,
441 2315 470 2360 et
496 2298 576 2375 plebi
597 2314 698 2361 contra
721 2300 866 2379 gratiffimi
887 2300 997 2376 semper
1017 2317 1120 2376 erunt,
1140 2299 1226 2376 cujus

51 2408 230 2485 applausum,
259 2426 399 2487 quantum
428 2409 480 2486 ipsa
509 2410 595 2472 etiam
624 2426 782 2488 poterunt,
807 2428 924 2488 captare
944 2412 1117 2474 studebunt:
1138 2430 1223 2489 quem

50 2513 74 2574 in
100 2521 186 2582 sanem
216 2525 284 2582 data
311 2523 463 2584 occasione
491 2541 551 2586 non
581 2523 737 2601 omittent,
765 2524 923 2586 sententias
945 2540 1046 2586 contra
1067 2527 1147 2604 leges
1168 2527 1225 2587 fori

52 2633 172 2700 prolatas
201 2653 357 2711 revocare,
377 2652 407 2697 et
428 2654 631 2714 quemcunque
656 2637 786 2714 iudicem
814 2638 993 2715 examinare,
1014 2653 1045 2699 et
1065 2655 1167 2714 poenas
1189 2657 1225 2699 ex

52 2737 152 2817 iniquis
184 2745 311 2822 sumere;
343 2746 414 2807 nihil
446 2748 521 2808 enim
552 2749 609 2810 hoc
641 2749 732 2828 magis
763 2749 960 2811 multitudinis
981 2749 1093 2811 animos
1115 2765 1225 2812 movet.

54 2851 110 2912 Nec
131 2859 244 2934 obstat,
266 2861 347 2935 quod
368 2857 468 2920 similia
489 2861 620 2938 exempla
642 2879 705 2922 raro
728 2861 897 2941 contingere
918 2863 1040 2938 pollint,
1057 2860 1105 2922 sed
1124 2876 1226 2922 contra

54 2968 169 3031 maxime
199 2971 325 3047 prodest.
365 2973 459 3047 Nam,
487 2988 677 3049 praeterquam
702 2977 784 3050 quod
805 2973 853 3034 illa
874 2973 989 3038 Civitas
1010 2991 1099 3049 prave
1120 2972 1225 3034 consti-

55 3087 112 3137 tuta
139 3081 191 3159 stt,
219 3082 270 3144 ubi
298 3082 431 3159 quotidie
453 3086 585 3160 exempla
606 3084 636 3145 in
657 3085 862 3162 delinquentes
884 3088 1012 3147 eduntur
1033 3085 1081 3163 (ut
1102 3084 1175 3160 Cap.
1198 3096 1225 3157 5.

55 3187 113 3250 Art.
133 3212 160 3255 2.
182 3194 374 3275 ostendimus)
386 3241 395 3272 ,
414 3197 462 3257 illa
483 3198 616 3271 profesio
648 3197 779 3258 rarissima
809 3196 863 3258 esse
895 3199 1003 3258 debent
1015 3243 1024 3273 ,
1055 3197 1130 3256 sarnai
1160 3210 1225 3271 quae

56 3305 170 3368 maxime
191 3309 382 3371 celebrantur.

93 3415 118 3494 §.
137 3421 228 3482 XLll.
269 3421 329 3504 Qui
351 3420 380 3482 in
402 3423 487 3483 urbes
509 3423 556 3484 vel
577 3421 745 3497 provincias
774 3420 964 3482 Proconsules
991 3418 1163 3494 mittuntur,
1188 3437 1227 3479 ex

59 3527 151 3591 ordine
182 3533 337 3596 Senatorio
369 3533 494 3612 eligendi
526 3533 632 3610 essent,
663 3535 732 3613 quia
762 3537 935 3596 Senatorum
967 3534 1095 3595 officium
1122 3534 1163 3593 est
1190 3536 1226 3594 de

60 3639 163 3705 urbium
185 3646 387 3723 munimentis,
409 3647 527 3724 aerario,
548 3647 666 3722 militia,
687 3663 745 3708 etc.
766 3665 862 3709 curam
883 3647 998 3708 habere.
1029 3647 1103 3720 Sed,
1124 3644 1175 3722 qui
1196 3645 1227 3706 in

60 3750 182 3826 regiones
203 3758 414 3836 aliquantulum
436 3777 562 3822 remotas
583 3760 783 3834 mitterentur,
804 3761 942 3820 Senatum
961 3760 1146 3834 frequentare
1166 3775 1227 3818 non

61 3863 178 3946 possam
210 3887 238 3932 et
268 3871 323 3931 hac
354 3875 390 3934 de
421 3873 505 3933 causa
525 3872 545 3931 ii
568 3875 773 3934 tantummodo
805 3891 842 3932 ex
869 3871 934 3948 ipso
961 3872 1072 3932 Senatu
1099 3870 1227 3933 vocandi

63 3965 134 4052 sunt,
159 3981 210 4059 qui
236 3983 357 4044 urbibus
386 3983 415 4044 in
443 3983 539 4060 patrio
568 3981 630 4045 solo
659 3983 787 4044 conditis
815 3983 1008 4058 destinantur3
1034 3996 1065 4042 at
1092 4000 1169 4057 quos
1190 3983 1227 4042 ad

64 4087 141 4163 magis
169 4111 279 4156 remota
308 4097 372 4156 loca
404 4096 519 4156 mittere
551 4097 675 4171 volunt,
705 4113 743 4156 ex
773 4094 809 4157 iis
840 4093 965 4173 eligendi
993 4094 1075 4170 sunt,
1103 4110 1227 4170 quorum

66 4207 126 4258 etas
151 4223 166 4264 a
194 4207 348 4268 Senatorio
380 4211 469 4286 gradu
500 4226 560 4268 non
593 4208 680 4268 abest.
720 4208 778 4268 Sed
809 4225 905 4284 neque
934 4206 988 4266 bac
1019 4205 1132 4266 ratione
1163 4206 1229 4280 paci

67 4307 146 4372 totius
172 4317 287 4394 Imperii
315 4318 384 4379 satis
413 4334 529 4380 cautum
552 4321 614 4380 fore
637 4318 786 4396 existimo,
806 4319 827 4378 si
848 4317 980 4380 nimirum
1001 4321 1087 4379 urbes
1107 4318 1228 4378 eircum-
