2934 4900
205 295 262 381 528
680 295 921 367 Tractatus

204 477 371 554 discipulis,
402 496 479 554 quos
510 493 571 538 tum
603 481 708 539 docere
741 479 898 554 volebant;
918 496 957 538 ex
978 497 1041 554 quo
1062 479 1212 556 sequitur,
1234 479 1266 540 in
1291 479 1337 539 iis
1364 480 1417 556 (ut

205 591 294 652 etiam
326 590 356 650 in
386 591 443 650 fine
475 589 605 665 prodidi
625 590 742 666 Capitis
763 589 971 669 conelufimus)
992 592 1082 652 multa
1103 592 1269 666 contineri,
1293 592 1417 669 quibus

201 702 263 778 jam
295 701 408 762 tatione
440 700 606 781 Religionis
638 720 733 763 carere
766 702 925 778 possumus.
952 701 992 763 V.
1014 702 1157 780 denique,
1177 703 1250 780 quia
1271 719 1416 779 quatuor

204 813 348 874 habentur
378 812 407 872 in
439 815 532 876 Novo
563 814 752 876 Testamenta
784 815 994 894 Euangelistae;
1025 833 1056 877 et
1084 817 1152 892 quis
1172 818 1300 892 credet,
1324 818 1411 892 quod

204 928 287 986 Deus
308 939 411 1002 quater
431 924 587 986 Historiam
607 926 712 987 Christi
734 945 847 988 narrare
877 926 1023 1004 voluerit,
1045 944 1076 989 et
1094 928 1205 1004 scripto
1225 927 1410 989 hominibus

204 1037 441 1100 communicare?
471 1038 512 1099 Et
543 1039 677 1115 quamvis
709 1042 843 1116 quaedam
873 1040 904 1101 in
935 1059 997 1102 uno
1029 1041 1258 1116 contineantur,
1280 1041 1409 1117 quaein

205 1149 262 1210 alio
283 1167 344 1210 nott
365 1149 525 1225 habentur,
546 1165 577 1210 et
598 1153 680 1226 quod
700 1169 778 1213 unus
799 1154 836 1213 ad
857 1152 944 1213 alium
964 1152 1185 1231 intelligendum
1206 1152 1288 1229 saepe
1295 1153 1410 1228 juvat,

205 1261 272 1322 inde
302 1277 399 1322 tamen
431 1279 491 1322 non
524 1263 759 1324 concludendum
791 1264 852 1339 eli,
882 1265 997 1342 omnia,
1028 1284 1096 1342 quae
1116 1265 1146 1326 in
1167 1264 1248 1326 hisce
1270 1284 1409 1342 quatuor

204 1390 372 1451 narrantur,
392 1374 514 1454 cognitu
534 1373 687 1436 neceliatia
709 1373 811 1450 luille,
832 1390 863 1436 et
883 1377 979 1438 Deum
1000 1394 1053 1437 eos
1074 1375 1190 1454 elegide
1209 1379 1249 1438 ad
1271 1376 1406 1436 scriben-

206 1488 291 1564 dum,
311 1502 346 1549 ut
367 1486 471 1548 Christi
492 1485 609 1548 historia
632 1486 732 1548 melius
753 1487 986 1566 intelligeretur;
1007 1507 1072 1549 nam
1094 1486 1298 1565 unusquisque
1320 1489 1407 1550 suum

205 1597 396 1676 Evangelium
425 1596 540 1659 diverso
568 1598 637 1658 loco
667 1596 858 1674 praedicavit,
879 1614 909 1660 et
930 1596 1130 1674 unusquisque
1150 1597 1198 1674 id,
1218 1601 1307 1674 quod
1329 1618 1406 1675 ptae·

206 1711 371 1786 dicaverat,
402 1709 529 1786 scripit,
559 1709 649 1786 idque
680 1710 864 1786 (impliciter,
896 1726 929 1772 ut
961 1710 1107 1772 historiam
1139 1709 1247 1772 Christi
1268 1709 1405 1772 dilucide

206 1838 348 1898 narraret,
376 1837 406 1884 et
436 1840 496 1884 non
518 1825 554 1884 ad
575 1822 705 1898 reliquos
727 1821 942 1898 explicandum.
983 1821 1014 1884 si
1031 1823 1091 1899 jam
1113 1841 1150 1882 ex
1171 1841 1273 1884 eorum
1295 1840 1405 1883 mutua

205 1935 365 1995 collatione
392 1934 506 1996 facilius
534 1949 564 1996 et
592 1935 695 1996 melius
724 1937 904 2012 quandoque
935 1934 1155 2014 intelliguntur,
1182 1935 1214 1996 id
1234 1934 1305 1996 casu
1328 1955 1404 1995 cort-

207 2046 295 2126 tingit
317 2061 345 2107 ct
367 2046 469 2121 paucis
490 2061 604 2107 tanturn
625 2046 655 2107 in
676 2047 770 2123 locis,
791 2066 857 2123 quae
883 2045 1017 2124 quamvis
1039 2046 1257 2124 ignorarentur,
1278 2045 1406 2106 historia

206 2176 302 2220 tamen
324 2177 406 2235 aeque
427 2158 579 2235 perspicua
601 2157 689 2235 elset,
710 2174 742 2221 et
761 2160 895 2221 homines
917 2178 976 2220 non
998 2160 1092 2222 minus
1113 2160 1204 2221 beati.

247 2271 302 2332 His
323 2271 516 2346 ostendimus,
537 2273 712 2348 scripturam
735 2272 848 2334 ratione
872 2272 1038 2351 Religionis
1058 2288 1189 2349 tantum,
1210 2271 1269 2334 live
1279 2271 1405 2332 ratione

207 2385 296 2465 Legis
316 2384 433 2449 Divinae
463 2385 650 2462 universalis,
674 2385 793 2464 proprie
814 2386 914 2450 vocari
936 2387 1067 2449 Verbum
1085 2384 1152 2446 Dei.
1183 2385 1321 2461 Superest
1336 2384 1402 2461 jam

208 2498 379 2575 ostendere,
401 2499 538 2573 eandem,
559 2514 705 2574 quatenus
727 2499 844 2575 proprie
864 2498 902 2559 stc
924 2515 1136 2576 vocatur,non
1148 2498 1205 2559 elle
1215 2496 1404 2572 mendosam,

209 2613 416 2687 depravatam,
436 2628 531 2686 neque
553 2624 723 2671 truncatam.
745 2612 840 2687 Atqui
862 2611 892 2673 id
913 2610 961 2671 hic
981 2611 1169 2688 mendosum,
1189 2612 1404 2687 depravatum,

208 2739 297 2800 atque
320 2736 485 2785 truncatum
504 2740 599 2799 voco,
621 2724 703 2800 quod
725 2726 800 2784 adeo
821 2742 971 2800 perperam
991 2723 1130 2800 scriptum
1151 2739 1182 2785 et
1201 2722 1402 2784 construfiurn

208 2837 267 2906 est,
288 2852 322 2899 ut
343 2835 441 2897 sensus
462 2836 605 2897 orationis
627 2855 664 2897 ex
684 2836 739 2897 usu
759 2837 865 2915 linguae
887 2835 1070 2915 investigati,
1091 2838 1141 2899 vel
1161 2855 1198 2897 ex
1219 2836 1278 2896 sola
1297 2835 1403 2911 Serip-

213 2964 279 3009 tura
300 2947 444 3025 depromi,
463 2964 607 3025 nequeat;
629 2966 694 3009 nam
715 2948 854 3010 affirmare
875 2950 963 3023 nolo,
985 2950 1066 3024 quod
1077 2947 1239 3023 Scriptura,
1250 2962 1402 3023 quatenns

210 3061 319 3139 Legem
347 3060 484 3123 Divinam
513 3060 664 3137 continet,
691 3060 803 3136 semper
823 3058 938 3121 eosdem
959 3059 1074 3135 apices,
1095 3057 1207 3120 easdem
1228 3057 1345 3132 literas,
1366 3074 1400 3117 et

208 3173 336 3250 denique
364 3176 464 3235 eadent
493 3174 582 3235 verba
612 3172 740 3235 servavit
770 3173 842 3251 (hoc
869 3171 946 3234 enim
966 3168 1141 3246 Masotetis,
1162 3186 1193 3231 et
1214 3169 1266 3247 qui
1283 3169 1398 3230 literam

207 3283 402 3361 superstitiose
433 3286 575 3359 adorant,
606 3285 861 3347 demonstrandum
894 3284 1064 3363 relinquo),
1095 3283 1143 3344 sed
1174 3298 1289 3343 tantum
1313 3286 1399 3358 quod

208 3396 323 3473 sensus,
350 3394 463 3457 ratione
491 3394 576 3471 cujus
604 3410 718 3458 tantum
741 3397 837 3458 oratio
859 3396 956 3472 aliqua
976 3394 1077 3458 divina
1097 3393 1199 3457 vocati
1218 3393 1332 3471 potest,
1352 3394 1397 3454 in-

210 3523 367 3585 corruptus
395 3511 432 3570 ad
453 3526 507 3569 nos
539 3508 690 3584 pervenit,
716 3507 829 3568 tametsi
849 3509 956 3583 verba,
977 3505 1085 3582 quibus
1105 3505 1200 3581 primo
1221 3504 1398 3584 stgnificams

209 3622 283 3697 fuit,
305 3620 410 3697 saepius
430 3636 540 3683 mutata
568 3620 651 3682 fuisse
677 3620 889 3696 supponantur.
910 3622 986 3681 Nam
1007 3618 1086 3695 hoc,
1108 3634 1141 3680 ut
1162 3618 1305 3695 diximus,
1325 3619 1396 3680 nihi!

209 3733 365 3811 Scriptura
393 3732 544 3796 divinitati
571 3733 720 3809 detrahit;
749 3751 814 3794 nam
842 3732 990 3809 Scriptura
1010 3750 1095 3808 aeque
1116 3730 1216 3794 divina
1237 3729 1324 3806 elset,
1345 3731 1397 3792 etli

210 3847 273 3907 aliis
301 3845 399 3908 verbis
426 3860 476 3906 aut
498 3846 554 3906 alia
574 3846 674 3925 lingua
694 3844 799 3921 scripta
822 3844 928 3907 fuilsct.
971 3846 1062 3926 Quod
1083 3844 1184 3920 itaque
1204 3845 1299 3921 legem
1319 3843 1381 3903 divi

210 3978 274 4041 nam
294 3957 348 4019 hac
369 3958 484 4019 ratione
505 3957 704 4034 incorruptam
725 3958 909 4034 accepimus,
930 3975 1016 4020 nemo
1038 3958 1172 4020 dubitate
1193 3956 1301 4034 potest.
1320 3958 1393 4016 Nam

210 4089 247 4131 en
274 4069 335 4147 ipsa
362 4071 510 4148 Scriptura
538 4070 646 4147 absque
668 4070 725 4131 ulla
748 4070 920 4132 difficultate
940 4086 972 4131 et
993 4070 1184 4149 ambiguitate
1205 4068 1395 4147 percipimus,

210 4182 274 4267 ejus
294 4181 429 4243 summam
451 4181 523 4258 elle,
542 4184 638 4243 Deum
659 4182 744 4259 supra
765 4183 862 4243 omnia
883 4201 994 4259 amate,
1022 4198 1053 4243 et
1074 4180 1239 4259 proximum
1259 4196 1391 4257 tanquam

209 4294 239 4357 se
266 4291 375 4370 ipsum:
404 4295 487 4371 atqui
513 4295 570 4355 hoc
592 4295 765 4357 adulterium
787 4294 843 4355 elle
864 4314 925 4357 non
945 4294 1062 4373 potest,
1080 4313 1134 4356 nec
1155 4312 1173 4353 a
1192 4292 1345 4355 festinante
1363 4310 1390 4354 et
