2934 4900
187 292 247 369 364
544 292 782 353 Tractatus
823 291 1010 354 Politici

188 468 318 544 ratione,
346 473 489 545 pr'obant,
516 471 645 531 omnium
668 488 717 531 ora
740 472 769 531 in
791 471 892 533 Virum
916 472 1047 534 vidoriis
1070 474 1177 532 clarum
1199 486 1390 547 vertuntur,

188 583 371 658 eundemque
397 581 512 661 legibus
539 582 675 658 solvunt,
703 599 792 660 atque
814 582 866 660 ipsi
888 580 1039 660 imperium
1068 584 1198 662 (pessimo
1220 586 1388 663 exemplo)
1458 618 1459 671 ι

188 693 380 770 continuant,
401 708 554 771 totamque
574 696 795 771 Rempublicam
817 696 905 771 ipsius
926 696 994 757 iidei
1017 696 1222 772 committunt;
1241 716 1305 773 quae
1328 715 1390 758 res

188 805 254 867 sane
282 806 409 866 Romani
437 805 550 882 imperii
578 807 662 868 exitii
692 808 748 869 fuir
771 809 865 869 causat.
906 810 963 870 Sed
990 825 1025 870 ιιι
1054 808 1124 871 huic
1146 808 1308 885 objediioni
1328 826 1387 869 re-

190 917 454 993 spondeam,·dic0
486 918 596 994 primu,
627 923 709 996 quod
737 920 766 980 in
796 923 871 982 reite
904 920 1062 982 constituta
1092 921 1256 998 Republica
1278 921 1390 981 similis

191 1045 284 1091 terror
304 1048 365 1091 non
387 1029 495 1106 oritur,
524 1030 576 1091 nifi
598 1050 634 1091 ex
652 1032 727 1108 justa
748 1033 850 1107 causa;
881 1048 969 1109 atque
996 1034 1070 1094 adeo
1092 1031 1117 1093 is
1137 1048 1230 1093 terror
1251 1050 1281 1093 et
1302 1052 1388 1093 con-

191 1140 266 1202 fufio
287 1158 324 1201 ex
345 1157 382 1201 eo
404 1155 469 1201 orta
489 1140 561 1202 nulli
583 1140 690 1215 causae,
722 1159 788 1217 quae
811 1142 965 1216 prudentii
986 1142 1110 1203 humanit
1131 1142 1217 1204 vitari
1237 1157 1384 1218 poterat,
1458 1212 1459 1223 ἶ

192 1253 314 1314 adscribi
344 1254 450 1329 potest.
491 1253 605 1315 Deinde
640 1256 824 1329 notandum,
856 1256 937 1330 quod
968 1253 997 1314 in
1030 1256 1168 1329 Repub.,
1200 1254 1313 1330 qualem
1346 1254 1383 1313 in
1458 1236 1459 1257 ἦ

192 1368 315 1441 praeced.
337 1366 553 1443 descripsimus,
579 1366 641 1427 fieri
661 1385 721 1427 non
743 1366 841 1443 potest
862 1367 934 1446 (per
955 1366 1026 1427 Art.
1046 1384 1075 1444 9.
1097 1380 1125 1427 et
1145 1377 1193 1441 ις.
1219 1368 1291 1445 Cap.
1314 1366 1382 1443 8.)‚
1458 1404 1459 1417 ι

193 1494 228 1540 ut
255 1497 331 1540 unus
359 1493 410 1541 aut
437 1480 510 1540 alter
537 1478 657 1541 virtutis
686 1481 761 1540 famd
789 1480 830 1539 ita
858 1480 999 1556 excellat,
1020 1496 1054 1541 ur
1076 1480 1205 1541 omnium
1226 1496 1277 1540 ora
1297 1480 1326 1540 in
1351 1480 1380 1539 se

194 1606 300 1653 vertat.
330 1594 389 1653 Sed
409 1591 518 1653 necesse
540 1591 596 1667 est,
616 1608 651 1653 ut
672 1594 770 1668 plures
790 1593 897 1653 habeat
920 1594 1056 1668 aemulos,
1080 1592 1187 1670 quibus
1208 1594 1306 1669 plures
1329 1592 1382 1652 aiii

194 1704 331 1766 faveant:
364 1704 506 1786 Quamvis
534 1704 633 1782 itaque
662 1723 699 1765 ex
728 1721 838 1766 terrore
867 1704 1001 1765 confusio
1030 1703 1125 1780 aliqua
1154 1704 1194 1764 in·
1212 1703 1382 1779 Republica

196 1816 315 1892 oriatur,
337 1817 416 1897 leges
438 1835 534 1879 tamen
555 1819 701 1893 fraudare,
719 1833 809 1895 atque
831 1818 957 1895 aliquem
979 1818 1149 1895 contraius
1169 1822 1205 1879 ad
1226 1818 1384 1894 imperium

196 1928 317 1989 militare
338 1930 505 1991 renunciare
533 1948 620 1991 nemo
647 1930 776 2006 poterit,
798 1930 868 2007 quin
889 1930 982 1991 statim
1005 1930 1158 1991 contentio
1180 1930 1254 1991 alios
1275 1945 1384 2007 peten-

196 2041 270 2102 tium
291 2042 418 2118 oriatur;
438 2060 503 2119 quae
525 2058 559 2105 ut
581 2042 741 2118 dirimatur,
762 2042 872 2104 neceiie
894 2046 1010 2105 tandem
1033 2044 1087 2103 erit
1102 2044 1138 2104 ad
1154 2042 1238 2103 semel
1259 2042 1386 2117 statuta,

197 2168 228 2213 et
249 2156 285 2213 ab
307 2153 443 2215 omnibus
472 2157 611 2231 probata,
636 2154 701 2232 jura
729 2173 890 2230 recurrere,
913 2170 1001 2232 atque
1023 2172 1069 2214 res
1089 2153 1201 2229 imperii
1223 2152 1386 2214 secundum

198 2267 276 2341 leget
296 2267 370 2326 latas
392 2266 534 2328 ordinare.
555 2266 669 2328 Poiium
692 2266 782 2346 igitur
802 2266 935 2327 absolute
958 2266 1111 2338 affirmare,
1133 2282 1198 2325 cum
1219 2263 1385 2339 imperium,

199 2379 280 2452 quod
301 2396 360 2437 una
381 2377 441 2438 sola
464 2380 558 2455 Urbs,
581 2394 643 2440 tum
664 2378 811 2457 praecipue
834 2378 919 2455 illud,
940 2381 1021 2456 quod
1039 2380 1136 2455 plures
1154 2379 1253 2439 Urbes
1271 2390 1387 2452 tenent,

199 2505 339 2550 aetemum
367 2489 437 2565 effe,
468 2490 528 2554 slve
557 2493 635 2552 nulii
662 2491 775 2552 interni
804 2491 890 2552 causi
918 2489 998 2567 posse
1028 2489 1142 2552 dissolvi
1172 2505 1223 2550 aut
1249 2489 1279 2549 in
1302 2489 1387 2548 aliam

199 2602 319 2662 formam
340 2603 453 2663 mutari.

657 2863 837 2924 CAPUT
878 2862 929 2922 xl.

1160 2959 1168 2986 l

243 3055 269 3136 §.
290 3056 313 3115 l.
354 3055 484 3116 Transeo
506 3058 623 3117 tandem
644 3059 680 3117 ad
702 3053 835 3132 tertium,
848 3071 877 3116 et
890 3054 1009 3114 omnino
1032 3052 1198 3114 absolutum
1219 3051 1389 3127 imperinm,

203 3172 285 3244 quod
305 3169 540 3230 Democraticum
562 3171 749 3245 appellamus.
791 3167 888 3244 Hujus
909 3170 945 3227 ab
966 3166 1176 3226 Aristocratico
1193 3163 1388 3226 differentiam

203 3279 233 3339 in
254 3280 312 3339 hoc
334 3281 506 3356 potifflmum
528 3280 680 3342 consistere
703 3279 846 3355 diximus,
867 3281 948 3355 quod
970 3278 998 3338 in
1021 3297 1057 3338 eo
1079 3276 1139 3337 sola
1159 3275 1284 3352 supremi
1305 3274 1388 3334 Con-

203 3391 262 3451 ciiii
284 3393 440 3453 voluntate
468 3408 499 3453 et
526 3393 616 3453 libera
637 3392 789 3454 Eiedione
812 3393 957 3468 pendeat,
978 3405 1012 3451 ut
1032 3389 1080 3450 hic
1103 3403 1153 3450 aut
1176 3387 1222 3447 ille
1244 3386 1389 3446 Patricius

203 3509 332 3581 ιιεὲιιιις
360 3505 401 3564 ita
431 3521 464 3566 ut
486 3523 571 3566 nemo
590 3505 640 3582 jus
663 3505 789 3583 suffragii
812 3520 842 3565 et
862 3521 980 3566 munera
1001 3501 1112 3577 imperii
1134 3498 1275 3561 subeundi
1296 3499 1389 3559 haere-

204 3616 339 3678 ditarium
361 3617 483 3693 lrabeat,
505 3635 651 3694 nemoque
672 3618 703 3678 id
719 3616 770 3694 jus
792 3617 843 3676 sibi
864 3616 983 3693 poscere
1002 3615 1067 3692 jure
1089 3615 1188 3690 poisrr,
1209 3629 1243 3674 ut
1263 3613 1294 3672 in
1315 3613 1389 3686 hoc,

204 3731 240 3788 de
269 3747 329 3804 quo
355 3729 413 3805 jam
442 3729 569 3807 agimus,
597 3729 719 3804 imperio
747 3730 791 3789 fit.
831 3731 909 3788 Num
936 3745 1052 3800 omnes,
1082 3725 1132 3802 qui
1159 3743 1195 3784 ex
1217 3723 1388 3800 parentibus

205 3840 338 3916 civibus,
359 3843 406 3904 vel
427 3842 478 3918 qui
499 3841 529 3902 in
549 3841 647 3917 patrio
669 3841 719 3902 illo
743 3841 805 3901 solo
828 3839 909 3915 nati,
930 3841 978 3902 vel
1000 3838 1050 3915 qui
1072 3841 1108 3899 de
1129 3837 1295 3914 Republica
1313 3839 1387 3896 bene

206 3952 299 4014 meriti
328 3954 412 4027 sunt,
440 3956 488 4014 vel
518 3955 557 4014 ob
586 3952 656 4013 alias
684 3953 789 4027 cauit,
812 3956 851 4013 ob
874 3971 946 4029 quas
967 3953 1031 4011 Lex
1051 3949 1136 4010 alicui
1154 3947 1204 4026 ius
1226 3947 1300 4009 civis
1322 3951 1388 4008 dare

202 4067 306 4143 jubet,
335 4065 373 4140 ii,
401 4065 534 4142 inquam,
565 4083 665 4125 omnes
683 4064 732 4141 jus
760 4063 887 4143 suffragii
908 4064 938 4124 in
959 4064 1092 4140 supremo
1114 4061 1251 4123 Concilio
1258 4105 1268 4136 ‚
1289 4079 1388 4122 mune-

206 4195 294 4254 raque
326 4177 438 4253 imperii
470 4177 636 4254 subeunda,
661 4175 727 4253 jure
754 4175 807 4236 fibi
835 4176 979 4252 poscunt,
1008 4193 1061 4235 nec
1083 4177 1225 4252 denegare
1246 4173 1282 4234 iis
1302 4173 1389 4247 licet,

207 4290 258 4350 nisi
280 4292 319 4351 ob
340 4289 446 4350 crimen
468 4303 519 4350 aut
539 4289 694 4351 infamiam.
