2934 4900
233 350 273 430 84
657 345 838 407 Ethicea
865 347 933 408 Pars
953 347 991 408 11.

698 537 713 580 r
725 537 745 580 c
757 537 780 580 rr
792 537 812 581 ο
825 537 846 581 u
858 537 870 581 r
882 537 905 580 u
917 537 955 580 rr.

271 635 489 699 Demonstratur
508 633 594 696 etiam
614 632 677 694 haec
698 631 865 708 Propontio
887 650 924 693 ex
945 629 1189 707 Propofitioneq.
1210 647 1240 706 p.
1254 641 1433 704 r.,nempe

232 753 314 829 quod
334 753 399 811 duae
420 745 546 826 ejusdem
567 761 677 807 naturae
698 743 864 807 substantiae
886 761 945 806 non
968 745 1082 806 dentur.
1104 741 1179 803 Cum
1199 754 1297 803 autem
1316 739 1434 814 plures

230 861 363 923 homines
389 859 509 922 existere
537 857 658 936 poffint,
687 875 757 936 ergo
784 857 831 934 id,
853 860 935 934 quod
953 855 1222 920 hominiriormam
1242 848 1432 922 constituit,

231 989 292 1032 non
320 971 361 1033 est
386 970 441 1032 elle
468 969 642 1032 substantiae.
683 969 769 1031 Patet
797 979 935 1043 praterea
963 968 1026 1029 lraec
1047 967 1213 1044 Propulitio
1233 983 1272 1026 ex
1290 960 1432 1038 reliquia

228 1083 394 1146 substantie
422 1081 666 1160 proprietatibus,
694 1080 851 1157 videlicet,
879 1082 961 1158 quod
989 1078 1146 1142 substantia
1174 1077 1210 1140 stt
1236 1077 1286 1138 sul
1307 1075 1431 1136 natural

229 1193 358 1272 infinita,
386 1193 586 1271 immutabilis,
614 1189 798 1256 indivilibilit
825 1208 900 1268 etc,
928 1206 962 1253 ut
981 1192 1065 1253 facile
1088 1188 1288 1268 unusquisque
1310 1184 1429 1248 videre
1462 1199 1463 1202 ’

231 1308 336 1383 potest.

636 1401 1000 1452 conouunrtruut.

270 1497 347 1560 llinc
366 1497 512 1574 sequitur,
532 1494 679 1558 clientium
699 1495 827 1558 hominis
847 1494 1110 1557 constituiacertia
1128 1494 1184 1554 Dei
1201 1490 1427 1554 attributorum

229 1609 505 1672 modificationibus.
544 1609 620 1670 Natu
641 1607 697 1670 elle
718 1607 883 1670 substantiae
904 1607 976 1688 (per
997 1609 1086 1688 Prop.
1102 1606 1240 1684 precer.)
1260 1605 1299 1666 ad
1320 1599 1426 1662 effen·
1462 1589 1463 1592 '

228 1721 297 1783 tiam
317 1720 442 1782 hominis
462 1737 523 1782 non
544 1720 680 1798 pertinet.
720 1720 772 1781 Est
793 1738 862 1800 ergo
893 1719 965 1799 (per
986 1721 1075 1797 Prop.
1099 1731 1196 1797 1541.
1219 1719 1259 1796 ι.)
1281 1713 1426 1792 aliquid,

228 1837 311 1914 quod
331 1833 360 1894 in
382 1835 449 1894 Deo
470 1832 527 1910 est,
548 1848 579 1894 et
601 1835 681 1910 quod
702 1831 761 1894 fine
781 1833 848 1892 Deo
869 1849 923 1894 nec
944 1830 999 1893 elie
1022 1850 1075 1893 nec
1093 1830 1213 1907 concipi
1229 1826 1343 1906 potest,
1354 1826 1426 1888 slve

228 1943 299 2026 (prr
327 1945 429 2006 Coroll.
451 1946 541 2024 Prop.
561 1955 609 2020 25.
626 1963 659 2022 p.
682 1941 722 2026 r.)
743 1944 877 2014 elladio,
899 1943 957 2006 stre
978 1947 1100 2020 modus,
1128 1942 1179 2020 qui
1199 1941 1256 2003 Dei
1276 1956 1424 2001 naturam

230 2071 311 2117 certo
333 2070 362 2116 et
383 2054 577 2118 determinato
597 2058 686 2116 ruodo
708 2054 854 2132 exprimit.

692 2234 805 2277 serto
818 2234 947 2277 uruu.
1036 2226 1039 2234 '

270 2326 378 2387 Omnes
404 2325 471 2388 sane
499 2330 659 2390 concedere
687 2330 812 2405 debent,
840 2327 912 2389 nihil
931 2327 990 2389 fine
1011 2329 1077 2388 Deo
1098 2325 1153 2388 elie
1175 2341 1270 2403 neque
1292 2325 1425 2400 concipi

229 2437 319 2517 polle.
346 2439 421 2500 Nam
442 2442 520 2517 apud
541 2458 643 2503 omnes
663 2440 692 2503 in
715 2439 846 2503 conlell'o
866 2441 924 2519 est,
944 2443 1027 2518 quod
1047 2440 1130 2501 Deus
1151 2437 1280 2501 omniurn
1301 2456 1426 2511 rerum,

228 2567 287 2612 tam
317 2568 414 2613 aarum
445 2550 572 2613 clientiae
604 2571 689 2629 quatu
720 2572 818 2615 eanum
849 2551 1027 2630 existentiae,
1059 2551 1145 2613 unica
1166 2550 1206 2613 est
1226 2550 1329 2627 causa;
1356 2550 1422 2611 hoc

229 2662 287 2736 est,
308 2661 390 2724 Deus
410 2680 471 2724 non
492 2678 606 2725 tantum
627 2665 669 2725 est
690 2666 774 2727 causa
796 2684 888 2727 rerum
908 2665 1066 2727 secundum
1087 2663 1166 2739 lieri,
1187 2679 1221 2723 ut
1241 2662 1344 2739 ajunt,
1367 2663 1422 2723 sed

228 2774 315 2837 etiam
346 2775 503 2837 secundum
531 2773 596 2838 elle.
636 2777 679 2837 At
708 2777 822 2839 interim
850 2777 979 2855 plerique
1000 2776 1031 2838 id
1052 2779 1090 2839 ad
1108 2774 1256 2855 clientiam
1287 2773 1424 2851 alicujus
1462 2752 1463 2759 ἵ

228 2886 270 2947 rei
290 2884 434 2963 pertinere
455 2886 576 2964 dicunt,
596 2888 654 2949 fine
675 2908 737 2966 quo
758 2908 803 2951 reu
823 2907 879 2951 nec
899 2888 955 2951 elle
975 2906 1029 2950 nec
1051 2886 1169 2964 concipi
1189 2885 1302 2963 potest;
1322 2888 1423 2947 adeo·
1462 2912 1463 2953 1

229 3016 288 3076 que
308 3000 356 3061 vel
376 3014 508 3060 naturam
528 2998 586 3060 Dei
606 3003 642 3063 ad
665 2978 811 3062 essentiam
830 3018 923 3065 rerum
943 3016 1104 3063 creatarum
1121 2998 1283 3076 pertinere,
1300 3000 1353 3061 uel
1370 3018 1423 3059 res

229 3121 339 3169 creatas
361 3106 419 3169 fine
440 3108 507 3169 Deo
528 3110 577 3172 vel
598 3106 654 3169 elle
674 3110 722 3171 vel
743 3108 861 3185 concipi
883 3107 963 3185 poll'e
983 3110 1124 3183 credunt,
1151 3107 1217 3185 vel,
1245 3109 1328 3185 quod
1352 3126 1420 3167 cer-

228 3218 287 3280 tius
319 3218 376 3294 eli,
406 3218 459 3279 libi
490 3237 551 3281 non
583 3218 651 3281 satir
683 3219 826 3316 constant.
867 3219 961 3297 Cujus
988 3218 1030 3281 rei
1058 3218 1172 3280 causatu
1199 3216 1283 3278 fuisse
1304 3221 1421 3294 credo,
1462 3292 1463 3313 Χ

229 3331 311 3405 quod
332 3330 463 3391 ordinem
483 3329 711 3407 philosophandi
733 3350 794 3392 non
815 3330 973 3394 tenuerint.
1013 3332 1089 3393 Nam
1110 3344 1243 3392 naturam
1265 3327 1422 3403 divinam,
1462 3316 1463 3387 i

229 3460 315 3517 quam
343 3455 411 3503 ante
440 3442 536 3503 omnia
564 3442 755 3519 contemplari
776 3445 941 3520 debebant,
961 3442 1031 3520 quia
1052 3458 1110 3503 tam
1131 3441 1303 3520 cognitione
1324 3460 1420 3517 quam
1462 3440 1463 3519 q

228 3554 330 3614 naturd
357 3552 435 3629 prior
463 3552 521 3630 est,
550 3554 651 3617 ordine
680 3555 861 3635 cognitionis
889 3555 1036 3632 ultimam,
1057 3571 1088 3615 et
1108 3572 1170 3631 ter,
1191 3573 1256 3632 quae
1277 3552 1420 3616 sensuum
1462 3520 1463 3581 i

228 3661 342 3741 objecta
363 3680 525 3745 vocantur,
545 3668 682 3730 omnibus
704 3668 816 3746 priores
837 3668 892 3732 elle
912 3666 1115 3744 crediderunt3
1133 3669 1211 3729 unde
1227 3667 1337 3729 facium
1356 3669 1421 3745 est,

228 3790 279 3853 ut,
299 3778 368 3838 dum
388 3794 434 3837 res
455 3781 600 3841 naturales
621 3782 812 3858 contemplati
832 3781 917 3859 sunt,
934 3784 971 3843 de
993 3782 1070 3842 nulla
1091 3797 1121 3841 re
1142 3778 1237 3841 minus
1257 3778 1419 3858 cogitave-
1462 3778 1463 3783 ’

228 3887 302 3966 rint,
334 3907 419 3966 quam
452 3892 488 3951 de
519 3892 618 3957 divina
650 3910 752 3957 natura
758 3940 769 3973 ‚
797 3911 827 3956 et
856 3914 923 3957 cum
952 3894 1051 3971 postea
1078 3892 1203 3955 animum
1223 3896 1261 3955 ad
1281 3892 1417 3956 divinam

229 4012 361 4061 naturam
378 4004 635 4079 contemplandum
652 4006 834 4083 appulerint,
852 4010 889 4069 de
906 4008 984 4068 nulla
1003 4025 1032 4069 re
1050 4006 1145 4068 minus
1162 4005 1417 4084 cogitarepotue-

227 4110 302 4189 rint,
322 4129 408 4189 quatu
430 4116 466 4176 de
487 4114 585 4191 primis
605 4116 664 4179 suir
684 4118 846 4197 figmentis,
869 4118 980 4195 quibus
999 4136 1092 4181 rerum
1113 4116 1286 4181 naturalium
1308 4118 1416 4196 cogni·

228 4223 339 4285 tionem
365 4224 630 4305 superstruxerant,
657 4244 765 4305 utpote
791 4247 858 4306 quae
886 4232 924 4291 ad
948 4228 1148 4309 cognitionem
1169 4228 1277 4292 divinae
1299 4244 1414 4291 naturae

227 4334 300 4396 nihil
324 4335 429 4413 juvare
458 4353 611 4417 poterant;
642 4344 775 4418 adeoque
806 4341 879 4402 nihil
909 4340 1027 4420 mirum,
1045 4341 1068 4401 ti
1089 4341 1142 4403 libi
1163 4342 1258 4418 paffim
1290 4357 1412 4402 contra-
