2934 4900
190 314 251 373 622
498 308 830 372 Annotationea
860 308 900 370 in
931 307 1073 372 Tract.

193 503 277 564 patet
304 503 342 549 ex
371 485 494 548 Nehem.
515 501 619 562 capr.
640 484 683 549 ns.
700 501 744 562 2.;
765 484 866 562 ibique
887 483 979 562 usque
1000 487 1037 546 ad
1057 482 1236 562 Artaybsasti
1256 499 1379 562 regnum

193 598 343 674 manserit,
372 600 484 673 donec,
515 596 677 673 impetratis
708 615 775 673 quae
807 599 957 674 voluerat,
985 596 1114 658 secundo
1144 593 1377 674 Hierosolymam

193 709 291 787 petiit.
318 709 474 770 Nehemias
495 707 582 770 etiam
604 727 670 770 cum
690 709 875 770 zorobabele
897 707 1128 788 Hierosolymam
1149 723 1284 784 tempore
1305 707 1376 786 Cyri

192 823 293 902 petiit;
314 823 375 886 vid.
396 823 520 902 ngzrae
541 839 605 897 cap.
616 839 644 882 2.
655 820 698 884 vs.
709 839 738 881 2.
749 836 779 882 et
793 825 842 899 63.
849 867 859 898 ,
880 839 966 898 quem
987 822 1089 882 confer
1109 838 1175 882 cunt
1195 818 1238 883 vs.
1258 837 1289 895 9.
1311 837 1375 893 cap.

196 953 258 1016 ro,
277 935 402 997 Nehem.
423 955 487 1012 cap.
512 951 557 997 ro.
578 933 620 996 vs.
645 951 670 994 1.
690 935 767 995 Nam
788 936 870 1011 quod
890 933 1064 1010 interpretes
1083 947 1235 1008 ponpam
1256 932 1273 966 *
1298 933 1378 1008 lego-

191 1068 252 1116 tum
271 1068 406 1128 vertunt,
427 1053 508 1114 nullo
530 1052 561 1114 id
581 1053 717 1128 exemplo
739 1053 881 1128 probant,
901 1070 967 1114 cum
987 1065 1091 1112 contra
1111 1065 1221 1112 certum
1242 1050 1278 1112 fit
1296 1053 1377 1128 quod

192 1166 377 1250 Judaeic,qui
399 1167 493 1228 aulam
512 1166 698 1242 frequentare
720 1165 882 1239 debebant,
903 1181 983 1226 nova
1002 1163 1120 1224 nomina
1140 1165 1377 1240 imponebantur.

191 1279 239 1341 Sic
269 1277 374 1340 Daniel
403 1276 577 1353 Beltesasar,
603 1276 767 1338 Zerubabel
787 1274 923 1336 sesbasar
944 1275 1020 1354 (vid.
1040 1277 1116 1336 Dan.
1137 1293 1199 1352 cap.
1226 1291 1250 1334 1.
1273 1274 1316 1336 vs.
1338 1292 1377 1352 7,

191 1395 315 1472 ngzrae
343 1410 407 1467 cap.
431 1408 456 1452 1.
483 1390 526 1453 vs.
548 1390 576 1452 8.
607 1405 638 1450 et
667 1408 732 1465 cap.
754 1401 782 1464 5.
813 1388 855 1451 vs.
880 1390 945 1468 14),
975 1402 1006 1448 et
1037 1389 1193 1450 Nehemias
1227 1389 1375 1452 Hatirsata

191 1505 364 1567 vocabatur.
408 1503 451 1563 At
482 1501 596 1563 ratione
627 1501 717 1562 officii
749 1500 864 1562 salutari
896 1501 1008 1562 solebat
1039 1518 1115 1575 ,7pr
1141 1515 1321 1580 procurator
1344 1505 1375 1580 s.

186 1623 313 1700 prases3
333 1620 403 1682 vide
429 1619 553 1680 Nehem.
574 1637 639 1695 cap.
661 1631 689 1693 5.
709 1616 753 1682 vs.
778 1634 822 1698 14„
844 1633 873 1678 et
894 1637 958 1695 cap.
982 1635 1027 1678 12.
1048 1618 1091 1681 vs.
1111 1621 1159 1679 26.
1199 1620 1231 1679 Il
1248 1619 1287 1696 est
1306 1621 1376 1678 donc

189 1735 302 1792 certain
322 1733 370 1808 qu’
381 1729 545 1809 Att'rsatlta
564 1731 602 1808 est
622 1750 662 1790 un
680 1749 743 1790 nom
759 1744 883 1810 propre,
902 1749 1001 1790 comme
1021 1727 1246 1809 Hotselelplrom',
1263 1731 1375 1808 Hatso·

190 1845 261 1904 brba
292 1860 318 1904 1.
342 1845 447 1905 Paral.
467 1863 497 1924 4.
524 1844 571 1920 vs.
593 1860 626 1920 3,
647 1843 682 1921 8,
709 1842 867 1920 Halloghes
895 1842 1015 1904 Nehem.
1040 1859 1084 1905 ro.
1105 1841 1152 1919 vs.
1172 1855 1220 1918 25.
1246 1857 1275 1904 et
1301 1843 1376 1922 ainfi

189 1959 229 2018 du
248 1957 327 2037 reste.

223 2118 282 2168 Lllt
300 2114 476 2179 Atlrsclm,
501 2115 548 2164 Mt
566 2114 721 2180 interpretes
739 2111 776 2163 ill
792 2113 916 2179 legatum.

735 2395 820 2457 XXV

674 2551 723 2617 (¹d
741 2566 798 2619 1³²8·
816 2551 889 2617 51³)-

228 2733 287 2796 LB.
318 2733 439 2795 Mona.
469 2733 639 2811 synagoga,
669 2749 735 2807 quae
767 2729 874 2792 dicitur
904 2747 1026 2808 magna,
1046 2728 1161 2791 initium
1181 2746 1243 2790 non
1263 2728 1369 2791 habuit

187 2844 240 2906 nifi
266 2844 418 2921 postquam
445 2841 514 2904 nna
540 2862 557 2904 a
584 2841 802 2903 Macedonibus
829 2840 945 2903 subalta
974 2840 1040 2903 fuit.
1062 2842 1152 2925 Quod
1173 2856 1270 2903 autem
1292 2840 1369 2902 Mai·

187 2956 337 3033 monides,
367 2960 406 3018 R.
436 2955 581 3018 Abrabam
611 2957 668 3015 ben
695 2954 811 3029 David,
832 2969 862 3015 et
884 2954 948 3029 alii,
969 2954 1120 3025 statuunt,
1140 2952 1228 3031 hujus
1248 2953 1367 3015 concilii

89 3094 116 3123 .·
187 3066 320 3145 praefides
351 3068 434 3132 fuisse
455 3070 615 3147 ngzram,
635 3066 802 3141 Danielem,
823 3066 1008 3143 Nehemiam,
1029 3066 1234 3146 Gbaggaeum,
1253 3066 1367 3127 Zacha-

186 3180 273 3256 riam,
300 3195 375 3255 etc.,
402 3178 555 3241 ridiculum
583 3180 750 3257 figmentum
778 3178 835 3254 est,
862 3197 917 3241 nec
937 3178 995 3240 alio
1016 3179 1206 3241 fundamento
1231 3178 1369 3240 nituntur

185 3308 271 3367 quam
302 3290 484 3352 Rabinorum
514 3288 690 3364 traditione,
721 3288 773 3366 qui
794 3288 903 3350 scilicet
923 3291 1060 3367 tradunt,
1080 3288 1225 3352 Persarum
1245 3307 1366 3370 regnum

184 3419 232 3483 34
262 3418 356 3464 annos
386 3400 510 3477 stetisse,
540 3419 601 3462 non
633 3401 766 3478 amplius.
786 3403 851 3462 Nec
873 3400 927 3462 alia
948 3400 1062 3463 ratione
1083 3404 1205 3478 probare
1227 3400 1366 3479 possunt,

184 3516 302 3576 decreta
322 3532 431 3593 magnae
459 3512 540 3575 istius
568 3514 724 3593 synagogae
745 3513 766 3574 s.
795 3514 917 3593 synodi,
937 3534 954 3575 a
975 3514 1043 3577 solis
1063 3515 1220 3578 Pharisaeit
1239 3516 1366 3594 habitae,

184 3641 305 3702 accepta
331 3624 415 3686 fuisse
436 3644 453 3685 a
472 3626 642 3702 prophetis,
663 3624 714 3703 qul
736 3628 835 3689 eadem
857 3628 892 3687 ab
914 3626 978 3687 aliis
997 3626 1150 3704 prophetis
1170 3627 1365 3707 accepissent,

184 3754 215 3800 et
241 3736 280 3799 src
306 3754 394 3814 porro
420 3737 513 3815 usque
541 3740 577 3800 ad
604 3737 727 3814 Mosen,
756 3738 807 3815 qui
835 3740 935 3799 eadem
963 3741 999 3799 ab
1021 3738 1084 3816 ipso
1104 3741 1172 3802 Deo
1193 3740 1365 3819 accepisset,

183 3865 215 3910 et
244 3848 367 3926 posterla
396 3868 465 3926 ore,
495 3868 555 3912 non
587 3849 713 3927 scripto,
744 3849 905 3913 tradiderit.
935 3852 992 3913 Sed
1019 3850 1082 3913 baec
1102 3868 1153 3929 ea,
1173 3870 1231 3929 qua
1250 3851 1366 3929 solent,

182 3961 343 4037 pertinacia
373 3961 515 4023 Pharisaei
545 3964 680 4039 credant;
711 3965 872 4039 prudentes
903 3978 1017 4039 autem,
1043 3963 1094 4041 qui
1115 3962 1305 4026 conciliorum
1333 3981 1366 4026 et

182 4070 361 4150 synodorum
382 4072 632 4150 causas,etfimul
653 4074 860 4137 Pharisaeorum
881 4092 911 4137 et
932 4076 1365 4140 Tsadducaeorumcontrover·

181 4182 235 4245 sias
256 4200 383 4263 norunt,
401 4186 486 4247 facile
507 4186 653 4263 conjicere
673 4189 851 4263 poterunt*
872 4187 972 4248 causas
992 4206 1101 4267 magnae
1119 4188 1194 4250 illius
1205 4188 1363 4269 synagogae

180 4293 203 4353 s.
229 4294 348 4354 concilii
380 4297 576 4358 convocandi.
607 4300 674 4358 Hoc
705 4314 816 4359 certum
848 4298 905 4376 est,
935 4298 977 4360 illi
1006 4298 1134 4362 concilio
1155 4301 1251 4363 nullos
1271 4302 1363 4363 inter·
