2934 4900
231 312 292 377 πό
648 308 829 376 Etlicet
857 307 999 380 paratv.

232 490 336 567 punit,
366 488 418 566 qui
448 488 531 551 alteri
562 488 695 567 iniuriam
725 488 816 567 iecit,
847 490 967 553 eandem
994 488 1053 553 civi
1081 488 1224 569 indignari
1251 506 1319 551 non
1342 487 1422 562 dico,

231 601 382 679 quianon
410 600 491 665 Odio
518 600 628 679 percita
649 603 687 663 ad
706 598 887 678 perdendum
908 600 1021 677 civem,
1042 600 1091 667 sed
1112 601 1224 680 pietate
1243 616 1333 665 mota
1354 618 1422 663 eun·

231 717 297 777 dem
318 713 416 790 punit.

609 835 941 899 PROPOSITIO
981 838 1046 898 Lll.

272 950 492 1029 Atquiescentia
515 948 548 1008 iu
568 950 605 1027 se
630 950 692 1029 ipſse
718 968 756 1009 etr
782 950 907 1011 huone
932 954 1009 1011 oriri
1032 950 1137 1031 potest,
1168 962 1197 1009 et
1226 966 1262 1009 ta
1280 946 1358 1025 sola
1377 965 1423 1007 oc·

232 1063 423 1140 quiescentia,
442 1077 507 1139 qua
526 1078 564 1121 etc
583 1060 707 1123 Roriam
725 1064 834 1137 oritur,
847 1063 964 1140 senuna
983 1060 1038 1140 est,
1058 1078 1122 1140 qua
1137 1059 1229 1141 potest
1246 1061 1332 1121 dori.

628 1220 1024 1267 urmoutrnnrto

271 1315 500 1403 Aequiescenria
529 1314 559 1376 in
588 1316 616 1378 se
644 1314 710 1393 ipso
740 1314 781 1377 est
808 1314 927 1378 Laetitia
955 1332 1021 1378 orta
1041 1334 1079 1379 ex
1099 1334 1153 1393 eo,
1173 1319 1255 1394 quod
1274 1315 1374 1377 homo
1396 1313 1423 1373 se

231 1427 324 1505 ipsum
346 1427 484 1505 suamque
504 1425 611 1507 agendi
632 1426 799 1503 potentiam
816 1428 1032 1505 contemplatur
1042 1428 1114 1509 (per
1124 1439 1173 1503 25.
1183 1423 1285 1504 Affeli.
1297 1426 1422 1507 Deflet).

230 1540 274 1601 At
304 1557 373 1602 vera
404 1537 532 1601 hominis
562 1538 668 1618 agendi
699 1539 836 1615 potentia
868 1538 918 1601 seu
950 1538 1044 1604 virtut
1075 1539 1117 1601 cll
1143 1537 1203 1616 ipsa
1231 1538 1328 1601 Ratio
1351 1538 1424 1617 (per

231 1652 321 1731 Prop.
341 1668 370 1730 3.
387 1664 419 1731 p.
441 1650 503 1730 3.),
533 1668 621 1728 quam
651 1651 742 1711 homo
774 1651 849 1711 clare
881 1666 911 1713 et
942 1649 1074 1715 distinile
1105 1650 1322 1728 contemplatur
1351 1649 1423 1729 (per

231 1764 322 1842 Prop.
343 1775 442 1843 4o.·et
461 1780 511 1842 43.
528 1775 560 1842 p.
582 1764 644 1842 2.);
671 1762 751 1842 Ergo
772 1762 1000 1839 Aequiescentia
1021 1762 1051 1825 in
1078 1763 1107 1824 se
1135 1762 1198 1840 ipso
1226 1780 1264 1823 ex
1285 1760 1422 1823 Ratione

232 1874 334 1935 oritur.
373 1874 489 1937 Deinde
520 1874 592 1935 nihil
621 1874 726 1950 homo,
761 1874 830 1937 dum
859 1874 887 1936 se
915 1873 1008 1953 ipsum
1037 1874 1268 1951 contemplatur,
1289 1874 1370 1935 clare
1392 1886 1420 1931 et

231 1985 379 2061 distinete,
406 1984 466 2049 five
493 1989 646 2064 adequare
667 1986 811 2065 percipit,
833 1984 884 2049 nist
906 2006 959 2063 ea,
978 2006 1045 2065 quae
1067 2006 1104 2049 ex
1125 1986 1214 2064 ipstut
1235 1985 1345 2066 agendi
1368 2000 1422 2061 po·

232 2097 325 2160 tentia
345 2098 507 2175 sequuntur
527 2098 599 2178 (per
618 2099 714 2178 Defin.
736 2117 765 2161 2.
781 2112 814 2179 p.
835 2100 898 2181 3.),
924 2101 983 2161 hoc
1005 2100 1045 2162 est
1071 2100 1143 2181 (per
1164 2100 1252 2180 Prop.
1273 2116 1304 2178 3.
1321 2112 1356 2179 p.
1378 2096 1421 2175 3.)

232 2228 298 2287 quae
319 2228 357 2271 cx
377 2208 467 2287 iplius
496 2209 679 2290 intelligendi
706 2212 844 2289 potentia
869 2211 1048 2290 sequuntur3
1068 2214 1202 2289 adeoque
1226 2228 1264 2271 ex
1284 2210 1348 2272 sola
1370 2210 1423 2269 hac

233 2322 483 2399 contemplatione
498 2323 623 2400 summa,
638 2342 704 2401 que
720 2324 782 2385 dati
793 2324 904 2402 potest,
915 2322 1143 2403 Aequiescentia
1155 2322 1261 2387 uritur.
1284 2324 1320 2401 Q.
1332 2324 1372 2385 Ε.
1384 2323 1423 2384 D.

698 2487 780 2530 scu
793 2486 905 2532 ortu
919 2488 956 2532 u.

272 2577 322 2639 Ell
342 2595 444 2641 revera
464 2577 693 2656 Arquiescentia
712 2579 744 2641 in
764 2579 793 2642 se
814 2579 879 2658 ipso
900 2581 1062 2658 summum,
1083 2583 1165 2660 quod
1188 2581 1302 2660 sperare
1325 2577 1421 2658 pol‘u·

232 2707 306 2752 mus.
345 2691 423 2752 Nam
444 2690 492 2770 (ut
510 2692 601 2772 Prep.
621 2703 671 2768 ας.
692 2690 779 2768 nujus
799 2693 980 2772 ostendimus)
1009 2711 1095 2756 nemo
1116 2691 1198 2756 suum
1220 2691 1277 2754 ell'e
1297 2690 1421 2768 alicujus

232 2801 299 2863 finit
328 2802 414 2866 causa
444 2803 615 2868 conservare
649 2820 791 2881 conatut;
823 2819 854 2867 et
886 2803 956 2883 quia
987 2805 1049 2866 lnaec
1081 2803 1308 2883 Atquiescentia
1332 2801 1422 2882 magis

233 2913 380 2993 magisque
400 2915 522 2977 fovetur
541 2932 573 2978 et
593 2920 802 2980 comobotntur
819 2915 955 2980 laudibus
968 2918 1041 2997 (per
1053 2919 1255 2996 CorollProp.
1267 2927 1317 2995 53.
1325 2929 1358 2996 p.
1370 2915 1422 2995 3.),

233 3039 265 3086 ct
295 3041 398 3088 contra
430 3025 503 3106 (per
532 3028 635 3091 Coroll.
656 3029 747 3109 Prop.
777 3041 826 3106 55.
842 3042 875 3110 p.
898 3029 942 3110 3.)
974 3029 1124 3108 vituperio
1155 3029 1245 3110 magis
1274 3027 1421 3109 magisque

234 3139 386 3214 turbatur,
415 3136 485 3201 ideo
516 3140 609 3220 gloria
639 3141 765 3203 maxime
795 3140 944 3218 ducimur,
972 3158 1004 3204 et
1032 3142 1123 3205 vitem
1151 3161 1217 3204 cum
1237 3145 1349 3219 probro
1373 3141 1421 3206 vir

233 3249 308 3310 ferre
328 3247 487 3326 pollumut.

603 3378 933 3440 PROPOSITIO
973 3380 1053 3442 Llll.

273 3487 434 3548 Huntt'lt‘tm
452 3491 553 3550 virtus
573 3508 628 3550 non
648 3490 703 3568 est,
718 3489 782 3568 five
801 3509 839 3550 etr
857 3492 984 3552 Ratione
1002 3511 1057 3552 non
1076 3495 1183 3554 oritur.

634 3652 1031 3698 nemausrnnrto

275 3741 434 3804 Humilitat
460 3743 501 3804 est
528 3743 675 3822 Tristitia,
704 3765 771 3824 quae
799 3765 835 3808 ex
865 3764 903 3808 eo
925 3747 1035 3824 orintr,
1055 3750 1138 3825 quod
1158 3747 1248 3810 homo
1270 3748 1349 3810 luam
1370 3747 1419 3810 in·

235 3854 399 3931 potentiam
430 3858 648 3934 contemplatur
679 3857 751 3939 (per
772 3857 820 3920 26.
841 3855 946 3936 Affeli.
976 3859 1097 3940 Delia).
1137 3859 1295 3942 Quatenus
1326 3875 1420 3923 autem

233 3963 325 4028 homo
352 3967 381 4028 se
407 3968 501 4044 ipsum
527 3987 597 4033 vera
618 3969 748 4034 Ratione
770 3971 940 4052 cognoscit,
966 3989 1088 4036 eatenus
1109 3971 1188 4036 suam
1209 3971 1356 4036 ellentirm
1378 3974 1419 4036 in·

233 4077 363 4158 telligere
395 4078 587 4158 supponitur,
617 4082 676 4144 hoc
702 4083 745 4144 est
773 4083 844 4163 (per
863 4086 954 4166 Prup.
976 4101 1004 4161 7.
1021 4098 1054 4165 p.
1074 4085 1119 4166 3.)
1148 4085 1226 4148 sunm
1247 4085 1420 4162 potentiam.

235 4188 333 4269 Quare
360 4187 381 4248 st
408 4189 517 4268 homo,
543 4194 611 4253 dum
640 4192 668 4253 se
695 4193 788 4270 ipsum
818 4197 1051 4274 contemplatur,
1079 4197 1204 4278 aliquam
1224 4198 1304 4262 suam
1326 4199 1419 4277 impo-

235 4299 357 4360 tentiam
377 4301 521 4381 percipit,
540 4303 570 4364 id
591 4323 651 4366 non
672 4323 768 4368 exeo
789 4307 845 4384 ost,
867 4311 948 4385 quod
971 4308 999 4370 sc
1021 4308 1175 4388 intelligit,
1195 4311 1245 4374 secl
1266 4311 1314 4390 (ur
1330 4313 1418 4392 Prop.
