2934 4900
212 307 253 384 9⁶
431 385 434 390 Ι
633 298 814 360 Ethicet
843 297 912 360 Para
931 298 970 359 ll.

674 489 929 536 tonuerunt·

253 586 331 648 Hinc
359 585 434 646 clarc
461 581 665 663 intelligimus,
692 583 766 661 quid
792 580 828 644 iit
854 583 1010 645 Meritoria.
1048 582 1105 644 Est
1123 581 1201 644 enim
1220 579 1294 644 nihil
1313 579 1409 643 aliud

213 715 298 775 quam
329 696 461 772 quaedrn
493 691 700 756 concatenatio
731 692 876 768 idearum,
907 708 1039 756 naturam
1069 709 1181 769 terum,
1210 711 1276 770 que
1308 708 1409 754 extra

214 808 332 885 Corpus
360 795 517 870 humanum
544 806 630 884 sunt,
656 806 890 884 involventium,
918 825 984 886 que
1004 807 1034 868 in
1055 807 1159 869 Mente
1179 807 1214 868 fit
1233 807 1408 868 secundum

213 921 344 984 ordinem
376 936 406 982 ct
441 921 714 984 concatenationem
751 920 938 984 affectionum
972 918 1116 998 Corporis
1145 919 1274 982 humani.
1314 919 1407 980 Dico

207 1038 320 1113 prr'rto,
348 1033 621 1096 concatenationem
648 1031 703 1094 elie
731 1032 843 1096 illarum
871 1048 986 1095 tantum
1006 1033 1153 1109 idearum,
1173 1051 1239 1110 qure
1259 1047 1406 1094 naturam

210 1164 321 1222 rerum,
351 1164 417 1225 quac
447 1161 530 1208 extra
560 1146 678 1222 Corpus
708 1145 866 1208 humanum
899 1144 986 1222 sunt,
1014 1145 1194 1220 involvuut;
1213 1161 1274 1206 non
1294 1159 1406 1206 autem

210 1257 356 1334 idearum,
375 1277 441 1336 que
462 1259 617 1320 eantndem
636 1275 730 1320 retum
751 1273 883 1320 naturam
904 1257 1070 1334 explicant3
1100 1258 1177 1318 Sunt
1196 1255 1272 1318 enim
1292 1271 1407 1318 revera

212 1370 285 1450 (per
304 1370 392 1450 Prop.
416 1371 462 1432 16.
483 1367 582 1449 harus)
610 1369 683 1431 idea
711 1369 898 1432 affectionum
927 1369 1069 1446 Corporis
1088 1368 1225 1446 humani,
1245 1386 1312 1445 quae
1334 1383 1404 1428 tam

211 1483 298 1560 hujus
319 1501 405 1560 quam
426 1501 581 1560 corporum
602 1497 791 1545 ettcmorttm
811 1498 944 1545 naturam
965 1481 1138 1545 involvunt.
1162 1480 1241 1542 Dico
1253 1478 1405 1556 secando,

210 1595 285 1658 hunc
317 1594 591 1659 concatenationem
620 1594 682 1658 fieri
712 1594 871 1658 secundum
903 1593 1035 1658 ordinem
1061 1609 1094 1656 et
1118 1592 1402 1656 concatenationem

212 1705 397 1769 affectionum
419 1707 561 1784 Corporis
581 1707 714 1784 humani,
736 1722 770 1769 ut
789 1707 881 1784 ipsam
901 1705 1105 1786 distinguerem
1121 1703 1403 1767 aconcatenatione

212 1818 358 1896 idearum,
386 1837 451 1896 que
471 1820 505 1882 iit
526 1819 683 1882 secundum
705 1820 837 1882 ordinem
865 1819 1030 1882 intellectus
1040 1863 1051 1895 ,
1067 1835 1130 1896 quo
1150 1835 1195 1880 rer
1217 1835 1269 1894 per
1288 1817 1403 1894 primas

213 1929 278 1991 suae
306 1928 406 1992 causae
432 1932 519 1994 Mene
547 1931 690 2008 percipit,
718 1947 750 1993 et
777 1931 829 2009 qui
849 1931 879 1992 in
900 1929 1037 1992 omnibus
1058 1928 1227 1992 hominibus
1246 1928 1323 1990 idem
1346 1929 1402 1990 cit

211 2043 314 2120 Atque
335 2041 404 2104 hinc
424 2061 513 2120 pomo
535 2045 610 2106 clare
631 2043 836 2123 intelligimur,
863 2060 916 2106 cut
934 2045 1023 2107 Meus
1044 2063 1081 2107 ert
1102 2041 1286 2123 cogitatione
1307 2043 1401 2104 unius

213 2153 254 2215 rei
284 2154 377 2217 statim
408 2155 439 2219 in
470 2155 590 2218 alterius
620 2155 663 2218 rei
693 2155 905 2236 cogitationem
935 2155 1062 2232 incidat,
1093 2175 1160 2234 quae
1190 2157 1297 2218 nullam
1327 2175 1399 2218 cum

213 2266 309 2343 priore
325 2267 415 2330 habet
432 2267 660 2344 limilitudinenn;
678 2285 713 2330 ut
730 2287 777 2329 ex.
795 2287 836 2347 gr.
854 2287 892 2330 ex
909 2268 1093 2348 cogitatione
1111 2269 1196 2332 vocit
1208 2273 1286 2348 porri
1301 2268 1397 2329 homo

213 2379 365 2441 Romanus
395 2379 489 2442 statim
520 2379 550 2442 in
581 2379 792 2460 cogitationem
824 2381 935 2442 rmum
965 2378 1087 2457 incidit,
1114 2380 1166 2461 qui
1192 2381 1299 2442 nullam
1327 2399 1398 2442 cum

212 2491 366 2553 articulato
393 2492 445 2553 illo
472 2493 546 2555 sono
572 2492 662 2555 habet
688 2491 921 2569 limilitudinem,
942 2511 996 2555 nec
1017 2491 1128 2571 aliquid
1149 2510 1320 2570 commune,
1341 2492 1396 2554 nist

211 2605 293 2679 quod
323 2602 449 2680 ejusdcm
479 2603 605 2666 hominis
636 2605 754 2681 Corpus
785 2607 821 2666 ab
852 2604 898 2665 his
928 2607 1047 2668 duobus
1067 2606 1201 2670 affeetum
1221 2605 1298 2682 saepe
1318 2605 1397 2681 iuit3

212 2714 270 2777 hoc
298 2716 355 2793 est,
381 2720 463 2795 quod
489 2716 551 2793 ipse
579 2716 670 2779 hotno
697 2717 774 2795 saepe
802 2736 906 2781 vocem
929 2730 1042 2797 ponarrn
1061 2718 1191 2795 audivit,
1211 2720 1279 2781 dum
1299 2717 1395 2795 ipsum

211 2826 335 2888 studium
367 2828 496 2905 videret;
528 2843 557 2890 et
587 2828 626 2890 stc
653 2828 851 2908 unusquisque
880 2848 917 2891 ex
945 2848 1004 2891 una
1023 2829 1054 2891 in
1076 2830 1159 2891 aliam
1179 2829 1393 2911 cogitationem

211 2939 339 3017 incidet,
367 2957 455 3017 prout
483 2958 575 3003 retum
603 2940 743 3021 imagines
764 2940 991 3019 uniuscujusque
1012 2942 1196 3004 consuetudo
1216 2941 1245 3003 in
1267 2959 1396 3017 corpore

212 3050 369 3114 ordinavit.
410 3054 484 3117 Nam
512 3053 594 3115 milet
622 3072 669 3114 ex.
689 3070 730 3133 gr.
752 3052 820 3117 viiic
840 3052 871 3114 in
892 3070 979 3114 arena
1000 3054 1070 3131 equi
1090 3053 1219 3134 vestigiis
1239 3054 1333 3116 statim
1354 3072 1394 3113 cx

211 3163 393 3241 cogitatione
423 3164 493 3242 equi
523 3165 553 3227 in
583 3165 796 3244 cogitationem
828 3163 955 3242 equitia,
983 3180 1014 3227 ct
1041 3164 1109 3227 inde
1130 3165 1159 3228 in
1181 3164 1394 3245 cogitationem

210 3273 297 3352 belli,
317 3290 375 3337 etc.
395 3274 515 3339 incidet.
555 3277 598 3337 At
618 3276 741 3338 rusticus
761 3294 798 3337 ex
820 3276 1004 3356 cogitatione
1025 3277 1095 3355 equi
1122 3277 1153 3337 in
1180 3276 1394 3355 cogitationem

212 3386 314 3463 aratri,
343 3387 420 3466 agri,
447 3402 504 3449 etc.
532 3386 659 3463 incidct;
679 3402 709 3449 et
729 3387 769 3449 fic
788 3388 1005 3467 unusquisque,
1027 3403 1118 3465 prout
1136 3404 1229 3449 retum
1250 3386 1393 3467 imagines

210 3496 366 3561 consuevit
385 3498 442 3559 hoc
463 3498 511 3560 vel
533 3496 590 3559 alio
611 3482 709 3561 modo*
717 3500 841 3580 jungere
860 3517 891 3562 et
909 3516 1120 3577 concatenare,
1137 3518 1175 3560 cx
1192 3516 1249 3559 una
1267 3498 1297 3559 in
1314 3498 1392 3561 itanc
1449 3479 1450 3490 ἶ

211 3606 259 3668 vel
280 3606 310 3669 in
331 3607 414 3669 aliam
436 3606 545 3669 incidet
566 3607 788 3689 cogitationem.

582 3766 910 3830 PROPOSITIO
936 3768 1016 3829 XIX.

249 3893 337 3953 Mens
366 3891 492 3953 humana
520 3894 614 3974 r'psrrrn
644 3894 797 3957 humanum
829 3896 939 3974 Corpus
969 3916 1024 3956 nort
1053 3894 1192 3973 cognoscit
1199 3942 1210 3973 ,
1227 3916 1278 3957 rrec
1297 3894 1391 3977 r'psrrrrr
1447 3899 1448 3902 ’

208 4003 328 4083 existere
340 4001 418 4080 scir,
437 4002 491 4082 rrt'fi
506 4005 661 4085 perideus
681 4000 875 4080 affciir'orrrrrn,
896 4004 999 4081 quibus
1021 4004 1134 4086 Corpus
1154 4005 1289 4083 afficitur.

602 4185 997 4233 nemoutrnnero

248 4281 336 4343 Mens
363 4282 437 4343 enim
465 4282 589 4342 humana
615 4279 656 4341 est
682 4280 745 4357 ipsa
774 4281 839 4343 idea
866 4281 926 4346 sure
953 4281 1087 4362 cognitio
1108 4281 1250 4360 Corporis
1268 4282 1387 4345 humani
