2934 4900
238 327 297 405 pe
715 307 954 384 itaet-utus·

235 502 392 576 Deumque
413 518 465 560 eos
486 501 522 560 de
543 514 625 560 novo
646 498 813 559 eiedurum.
834 496 928 574 cujus
950 496 1037 559 etiarn
1059 498 1099 559 rei
1121 499 1287 574 exemplum
1308 500 1430 575 praecia·
1459 487 1464 540 ἶ

236 632 300 675 rum
329 613 470 673 habemus
499 610 530 671 in
560 608 770 685 cernentibus,
802 610 852 686 qui
885 610 971 671 etiam
1000 628 1112 671 comma
1135 610 1255 687 aliquod
1277 610 1431 688 incapite

236 723 438 803 religiostssime
459 722 592 799 seruant,
611 739 672 799 quo
694 721 723 782 se
745 723 780 782 ab
803 722 940 783 omnibus
961 720 1024 784 aliis
1045 723 1237 799 separant‚et
1247 722 1289 784 ita
1301 722 1432 800 i'eparari

237 850 286 897 tot
306 852 447 896 annorum
468 833 555 895 millia
575 832 603 893 se
632 830 899 909 conservaverunt,
920 849 953 893 ut
975 831 1155 909 antiquitate
1177 832 1302 910 reliquas
1327 852 1436 895 omnes

237 948 375 1010 nationes
393 950 482 1027 longe
502 947 656 1023 superent;
677 964 731 1007 nec
754 946 864 1021 semper
892 945 1044 1021 imperium
1066 946 1277 1023 obtinuerunt,
1298 962 1437 1009 attamen

237 1061 309 1122 illud
328 1058 457 1121 amiiium
476 1074 737 1137 recuperavemnt,
758 1073 789 1120 et
811 1058 868 1119 stne
891 1058 983 1121 dubio
1002 1058 1107 1121 iterum
1125 1063 1361 1137 recuperabunt,
1381 1062 1439 1121 ubi

236 1174 425 1235 Tartarorum
445 1172 532 1233 animi
553 1190 612 1247 prae
623 1173 696 1234 luxu
706 1170 875 1235 divitiarum
886 1167 916 1233 et
928 1172 1062 1233 socordia
1073 1170 1257 1252 languescere
1268 1172 1439 1249 incipient.

159 1318 164 1325 -
236 1284 436 1363 Denique‚ii
468 1284 534 1361 quis
565 1285 655 1346 vellet
686 1284 862 1359 defendere,
882 1286 1003 1365 Judaeos
1023 1286 1077 1347 hac
1100 1288 1148 1348 vei
1168 1285 1224 1347 alia
1244 1288 1280 1347 de
1302 1286 1437 1347 causan

237 1403 304 1462 Deo
330 1401 360 1461 in
389 1416 528 1463 aeternum
556 1400 665 1460 eleetos
694 1397 797 1474 indie,
823 1416 884 1459 non
907 1397 959 1473 ipsr
981 1400 1169 1477 repugnabo,
1190 1398 1279 1459 modo
1301 1398 1439 1473 statuat,

235 1512 311 1573 hanc
332 1509 519 1587 emtionem,
540 1511 589 1573 vel
609 1526 828 1587 temporaneam
850 1510 899 1571 vei
921 1525 1074 1585 mennam,
1096 1528 1242 1587 quatenus
1260 1530 1294 1573 ea
1311 1528 1438 1573 tontum

236 1624 347 1705 Judaeir
374 1622 529 1702 peculiaris
556 1621 615 1698 est,
642 1640 702 1684 non
730 1621 874 1698 respicere
895 1621 947 1683 nisr
969 1623 1119 1701 imperium
1141 1640 1171 1685 et
1193 1624 1325 1701 corporis
1347 1644 1438 1687 com-

236 1738 396 1800 moditates
424 1734 679 1815 (quandoquidem
705 1734 765 1796 hoc
787 1735 886 1805 ¹solum
915 1754 1002 1797 unam
1023 1736 1172 1797 nationem
1194 1740 1230 1798 ab
1251 1736 1304 1799 alia
1326 1737 1438 1800 distin·

236 1868 325 1930 gutte
345 1849 475 1928 potest),
495 1863 525 1909 at
545 1847 660 1908 ratione
681 1847 846 1910 intelledtus
864 1863 895 1909 et
912 1866 989 1910 verte
1007 1848 1127 1911 virtutis
1149 1850 1255 1911 nullam
1275 1848 1436 1911 nationem

236 1964 274 2024 ab
301 1959 355 2022 alia
384 1959 536 2040 distingui,
564 1962 700 2037 adeoque
727 1957 773 2021 hir
802 1959 832 2021 in
860 1963 947 2022 rebus
974 1979 1028 2021 nec
1051 1980 1067 2021 a
1088 1962 1155 2023 Deo
1184 1979 1270 2022 unam
1291 1978 1351 2036 prae
1375 1964 1435 2023 alit

237 2074 315 2155 eligi.

697 2248 879 2315 CAPUT
920 2248 973 2314 IV.

637 2427 691 2492 Dc
721 2431 828 2506 Lege
853 2425 1028 2492 Divt'nu.

277 2633 367 2721 Legis
403 2654 510 2702 nornen
548 2636 683 2702 absolute
722 2640 868 2716 sumptum
905 2632 1046 2718 fignificat
1076 2635 1123 2715 id,
1155 2638 1313 2702 secundum
1346 2643 1438 2716 quod

238 2756 470 2832 unumquodque
498 2746 702 2828 individuum,
729 2755 778 2815 vei
807 2752 904 2814 omnin
932 2755 980 2814 vel
1009 2749 1124 2828 aliquot
1152 2747 1280 2829 ejusdem
1301 2749 1437 2829 speciei,

236 2886 295 2928 una
322 2869 482 2946 eademque
509 2881 589 2926 certa
616 2885 651 2926 ac
679 2865 871 2926 determinata
897 2865 1011 2926 ratione
1040 2879 1148 2943 agunt;
1175 2879 1210 2926 ea
1237 2881 1311 2926 vero
1340 2867 1391 2928 vei
1417 2886 1434 2926 a

236 2980 401 3040 necestitate
428 2992 558 3054 naturae,
579 2978 627 3040 uei
649 2979 685 3038 ab
706 2976 859 3038 hominum
881 2977 994 3052 placito
1016 2979 1174 3053 dependet.
1215 2979 1299 3054 Lex,
1319 2995 1388 3054 quae
1414 2999 1431 3038 a

236 3091 402 3152 necestitate
433 3106 544 3150 naturae
576 3091 742 3165 dependet,
773 3088 822 3150 illa
850 3088 907 3164 est,
935 3108 1001 3166 quae
1031 3107 1068 3150 eu
1096 3087 1157 3165 ipsa
1178 3089 1219 3150 rei
1241 3103 1343 3151 natura
1366 3089 1431 3154 five

237 3201 411 3264 definitione
438 3199 594 3262 neceffario
623 3200 772 3278 sequitur;
800 3203 837 3262 ab
865 3201 1016 3264 hominum
1038 3201 1149 3277 placito
1171 3217 1287 3277 autem,
1306 3216 1337 3262 et
1360 3220 1431 3277 quae

237 3315 328 3393 magis
359 3313 476 3389 proprie
506 3315 560 3393 Jus
592 3315 773 3390 appellatur,
800 3313 841 3374 est
870 3331 921 3388 eu,
951 3333 1037 3392 quarn
1065 3313 1201 3375 homines
1221 3317 1258 3375 ad
1279 3313 1376 3376 tutius
1397 3331 1431 3375 ct

237 3427 422 3489 commodius
448 3426 626 3502 vivendum,
654 3427 703 3487 vel
724 3428 764 3486 ob
787 3426 858 3488 alias
879 3427 996 3503 causas,
1016 3425 1068 3487 irbi
1091 3443 1120 3488 et
1144 3425 1207 3486 aliis
1226 3425 1429 3502 praescribunt.

237 3541 294 3602 Ex.
314 3559 355 3619 gt.
377 3542 459 3616 quod
480 3538 578 3600 omnia
606 3556 748 3615 corpora,
769 3539 819 3601 ubi
842 3539 871 3600 in
893 3541 948 3602 alia
970 3539 1080 3601 minora
1107 3537 1290 3616 impingunt,
1311 3553 1428 3600 tantum

239 3655 275 3714 de
296 3652 349 3714 suo
370 3667 454 3712 motu
482 3650 639 3726 amittunt,
667 3667 810 3728 quantum
838 3650 900 3712 aliie
922 3650 1155 3726 communicant,
1176 3652 1226 3710 lex
1247 3649 1288 3710 est
1307 3648 1429 3714 univer-

238 3760 305 3822 salis
336 3761 466 3823 omnium
497 3778 673 3837 corporum,
705 3782 771 3839 quae
802 3781 840 3823 ex
871 3761 1034 3822 neceffitate
1067 3775 1178 3822 naturae
1209 3760 1350 3838 sequitur.
1380 3761 1430 3822 Sic

240 3874 343 3950 etiam,
374 3875 455 3951 quod
485 3874 595 3950 homo,
626 3893 693 3934 cum
724 3873 812 3935 unius
842 3871 883 3932 rei
914 3875 1100 3948 recordetur,
1132 3873 1226 3934 statim
1257 3876 1433 3934 recordetur

239 3985 360 4046 alterius
387 3983 501 4060 similis,
529 3986 579 4047 vei
606 4004 692 4062 quarn
721 3983 802 4046 strnul
830 4000 894 4046 cunr
923 3983 984 4060 ipsa
1005 3999 1193 4062 perceperat,
1213 3987 1261 4046 lex
1282 3983 1340 4060 en,
1362 4003 1432 4062 quae

239 4115 277 4158 ex
308 4112 411 4159 natura
441 4097 568 4158 humant
599 4095 757 4158 necessario
789 4095 930 4172 sequitur.
962 4097 1004 4156 At
1036 4099 1119 4172 quod
1147 4096 1281 4158 homines
1309 4099 1345 4158 de
1375 4096 1431 4157 suo

236 4207 319 4284 jure,
340 4211 423 4284 quod
444 4227 482 4269 ex
503 4224 607 4269 natura
634 4207 761 4286 habent,
788 4213 894 4272 cedant
916 4211 963 4272 vei
984 4212 1088 4271 cedere
1109 4226 1267 4289 cogantur,
1288 4225 1319 4271 et
1341 4228 1430 4272 certae

239 4319 348 4380 rationi
385 4319 508 4384 vivendi
545 4321 605 4382 sese
637 4321 833 4398 adstringunt,
864 4340 901 4382 ex
932 4323 1060 4384 humano
1092 4321 1204 4399 placito
1236 4325 1358 4399 pendet.
1390 4324 1430 4385 Et
