2934 4900
223 343 283 424 μό
700 337 941 410 'l‘ractttua

221 525 292 585 ritas
312 523 478 585 ratiocinari
499 540 559 584 non
580 522 709 600 patitur;
727 522 859 600 quisquis
877 523 953 584 enim
975 524 1041 585 vult
1063 521 1113 585 soa
1134 526 1270 603 dogmata
1293 526 1412 586 ratione

222 636 408 711 confirmare,
428 652 465 696 eo
486 633 550 710 ipso
571 652 604 694 ea
626 633 753 694 arbitrali
770 633 998 710 uniuscujusque
1013 633 1129 710 judicio
1151 635 1309 698 submittit.
1321 637 1413 720 Quod

222 748 309 809 etiam
342 747 466 823 Paulus,
498 746 565 823 quia
598 745 806 824 ratiocinatur,
837 746 935 806 secisse
968 747 1101 820 videtur;
1132 748 1182 824 qui
1210 749 1239 808 in
1260 749 1356 825 Epist
1377 753 1412 810 ad

223 857 358 920 Corinth.
372 873 398 919 r.
410 876 473 934 cap.
488 875 532 919 ro.
543 857 617 921 vers.
632 868 677 932 ις.
699 857 758 934 ait,
778 873 925 936 tamquam
940 858 1125 938 sapientibus
1144 861 1260 938 nquar,
1278 862 1414 937 judicate

221 993 271 1034 vos
299 975 334 1033 id
358 975 435 1051 quod
458 974 528 1033 dico.
568 972 609 1032 Et
636 972 764 1049 denique
793 971 862 1049 quia
883 970 1038 1047 Propheta
1059 989 1105 1032 res
1125 974 1270 1035 revelatas
1289 991 1353 1034 non
1377 993 1411 1033 ex

226 1087 337 1152 virtute
357 1085 492 1148 Luminis
512 1084 676 1160 Naturalis,
697 1084 755 1146 hoc
777 1084 832 1161 est,
853 1103 913 1146 non
931 1084 1134 1148 ratiocinando
1153 1085 1370 1161 percipiebant,
1380 1104 1411 1146 ur

224 1199 254 1260 in
282 1196 356 1274 Cap.
382 1213 407 1258 1.
430 1196 616 1258 ostendimus.
646 1196 687 1256 Er
709 1195 843 1273 quamvis
864 1196 894 1256 in
915 1196 1045 1278 quinque
1066 1195 1148 1256 libris
1168 1196 1256 1257 etiam
1277 1199 1411 1273 quaedam

220 1327 272 1386 per
301 1309 461 1370 illationem
493 1307 630 1369 concludi
662 1307 835 1382 videantur,
865 1305 885 1367 li
913 1307 979 1384 quis
1000 1324 1097 1369 tamen
1117 1309 1154 1368 ad
1175 1326 1209 1368 ea
1229 1309 1411 1382 attenderit,

220 1424 320 1483 eadem
342 1421 422 1482 nullo
444 1421 533 1480 modo
556 1435 693 1495 tanquam
711 1418 886 1494 peremtoria
905 1433 1073 1496 argumenta
1094 1418 1167 1480 sumi
1188 1418 1270 1494 posse
1281 1419 1408 1482 videbit.

218 1535 275 1594 Ex.
297 1551 338 1612 gr.
360 1551 425 1596 cum
446 1531 547 1594 Moses
566 1533 687 1593 Deuter.
710 1549 774 1607 cap.
788 1547 835 1608 31.
857 1531 992 1608 versor.
1014 1531 1149 1592 Israelitis
1170 1532 1264 1609 dixit,
1280 1533 1326 1610 ſs,
1345 1535 1411 1592 dum

219 1666 268 1722 ego
287 1647 431 1724 vobiscum
454 1649 535 1721 vixi,
555 1645 672 1705 rebelles
686 1643 790 1723 fuistis
810 1659 912 1705 contra
931 1646 1040 1722 Deum,
1051 1646 1137 1705 multo
1154 1649 1249 1720 magis
1260 1646 1412 1724 postquam

218 1772 346 1820 mortuus
375 1777 431 1818 ero.
472 1757 564 1819 Nullo
596 1758 685 1818 modo
717 1757 937 1836 intelligendum
968 1758 1025 1834 eil,
1057 1759 1140 1834 quod
1170 1755 1273 1817 Moses
1294 1759 1411 1817 ratione

219 1871 395 1934 convincere
416 1871 498 1946 vult,
519 1869 660 1930 lsrailitas
680 1867 747 1945 post
768 1869 832 1945 ejus
844 1886 965 1930 mortem
979 1886 1078 1931 avero
1089 1868 1146 1930 Dei
1158 1869 1240 1930 cultu
1251 1867 1412 1928 necessario

219 1984 400 2058 deflexuros;
428 1995 627 2062 argumentum
649 1981 724 2042 enim
746 1980 850 2042 salsum
871 1980 956 2057 esset,
978 1983 1060 2058 quod
1082 1981 1169 2041 etiam
1192 1999 1229 2040 ex
1250 1980 1313 2056 ipsa
1334 1982 1412 2040 Scri-

218 2109 304 2171 ptura
332 2095 443 2156 oilendi
472 2093 583 2170 pollet:
611 2111 677 2154 nam
698 2093 833 2154 Israelita
857 2093 1023 2155 constanter
1043 2091 1263 2169 perseverarunt
1284 2092 1411 2155 vivente

218 2207 307 2288 Josua
335 2222 365 2267 et
391 2206 532 2281 Senibus,
560 2221 590 2267 et
618 2205 718 2282 postea
747 2205 834 2266 etiam
857 2206 979 2270 vivente
1001 2205 1149 2280 Samuele,
1171 2203 1305 2278 Davide,
1326 2206 1411 2264 Salo

219 2336 326 2394 mone,
346 2333 404 2379 etc.
425 2319 522 2400 Quare
544 2319 633 2382 verba
654 2319 700 2380 illa
723 2317 815 2379 Mosrs
836 2319 954 2380 moralis
973 2318 1089 2379 locutio
1112 2332 1225 2378 tantum
1247 2316 1331 2392 sunt,
1351 2337 1410 2393 qua

220 2430 377 2507 rethorice,
397 2445 427 2493 et
449 2445 538 2507 prout
560 2430 686 2491 suturam
707 2429 812 2507 populi
833 2428 1171 2493 desestionemvividius
1192 2427 1343 2506 imaginari
1355 2447 1411 2504 po·
1451 2422 1452 2439 ¹

218 2558 332 2621 tuerat,
352 2542 494 2619 praedicit.
526 2542 619 2604 Ratio
640 2556 755 2617 autem,
777 2560 828 2603 cur
847 2560 908 2603 non
930 2542 1015 2617 dico,
1036 2540 1142 2602 Mosen
1165 2560 1202 2601 ea
1222 2540 1251 2601 se
1272 2541 1355 2616 ipso,
1377 2559 1411 2601 ut

218 2652 1410 2731 populosuampraedidlionemverisrmilemfaceret,etnontanquamProphetam

218 2784 255 2843 ex
275 2764 456 2827 revelatione
477 2762 539 2825 haec
560 2761 678 2838 dixisse,
700 2761 757 2839 est,
778 2762 847 2838 quia
868 2762 1001 2824 versat.
1023 2761 1149 2839 ejusdem
1178 2780 1242 2837 cap.
1260 2780 1411 2837 narratur,

217 2876 311 2937 Deum
338 2876 395 2936 hoc
424 2873 517 2951 ipsum
544 2872 622 2933 Moli
642 2872 705 2933 aliis
726 2872 826 2934 verbis
846 2870 1031 2947 revelavisse;
1052 2891 1138 2948 quem
1159 2873 1225 2933 sane
1247 2892 1309 2933 non
1331 2892 1411 2949 opus
1446 2911 1448 2914 -

218 3004 296 3064 erat,
328 2986 528 3051 verisimilibus
559 2985 723 3046 rationibus
757 2984 909 3045 certiorem
939 2986 975 3045 de
1003 2985 1058 3045 hac
1086 2985 1143 3045 Dei
1165 2982 1359 3061 predistione
1381 3005 1411 3047 et
1444 3041 1446 3106 ι

217 3102 337 3162 decreto
358 3102 491 3175 reddere,
513 3113 543 3158 at
565 3096 685 3187 necesse
699 3110 781 3173 erat,
802 3096 891 3171 ipsam
914 3095 943 3157 in
965 3095 1053 3172 ipsius
1074 3095 1281 3175 imaginatione
1304 3099 1410 3160 vivide

217 3210 428 3288 repraesentari,
460 3226 493 3273 ut
520 3211 550 3271 in
578 3208 651 3285 Cap.
684 3226 708 3271 r.
737 3209 932 3286 ostendimus3
963 3211 1044 3287 quod
1072 3210 1154 3270 nullo
1182 3208 1294 3270 meliori
1317 3215 1409 3272 modo
1442 3291 1443 3296 ἵ

216 3325 278 3385 lieri
309 3339 443 3401 poterat,
481 3341 566 3399 quam
607 3319 778 3397 presentem
817 3321 922 3397 populi
954 3321 1183 3396 contumaciam,
1214 3339 1300 3398 quam
1333 3322 1409 3398 saepe
1441 3357 1442 3392 n

217 3452 357 3513 expertus
384 3438 497 3511 fuerat,
524 3450 662 3513 tanquam
688 3435 817 3495 suturam
838 3434 1032 3513 imaginando.
1068 3433 1108 3493 Et
1129 3434 1265 3495 adhunc
1286 3438 1407 3495 modum
1440 3469 1441 3486 .

217 3550 314 3611 omnia
345 3561 512 3628 argumenta
544 3546 655 3621 Mons,
687 3565 752 3623 quae
774 3546 803 3606 in
826 3545 957 3623 quinque
977 3544 1058 3604 libris
1078 3544 1278 3621 reperiuntur,
1300 3546 1408 3607 intelli·
1439 3553 1440 3582 l

216 3664 309 3742 genda
337 3659 421 3737 sunt;
448 3661 530 3737 quod
557 3657 667 3717 scilicet
695 3674 757 3717 non
785 3656 853 3717 sunt
880 3676 917 3716 ex
939 3656 1049 3717 scriniis
1077 3656 1218 3718 Rationis
1237 3657 1408 3735 desumpta,
1436 3619 1439 3772 ,¹

217 3774 266 3835 sed
287 3788 401 3834 tantum
429 3770 546 3832 dicendi
574 3768 670 3840 modi,
692 3768 801 3844 quibua
821 3767 879 3828 Dei
901 3770 1017 3829 decreta
1039 3768 1187 3830 efficacius
1208 3770 1408 3849 exprimebat,
1435 3779 1437 3876 l

217 3901 247 3947 et
268 3887 369 3951 vivide
400 3884 618 3963 imaginabatur.
660 3882 743 3941 Nolo
765 3895 862 3941 tamen
884 3880 1018 3942 absolute
1041 3900 1163 3960 negare,
1185 3882 1349 3957 Prophetas
1371 3902 1407 3941 ex
1434 3879 1436 3962 l

216 3999 397 4062 revelatione
427 3994 618 4077 argumentari
646 3992 792 4071 potuill'e,
813 3991 863 4054 sed
884 3993 943 4054 hoc
967 4008 1081 4054 tanturn
1102 3994 1230 4070 affirmo,
1252 4012 1314 4070 quo
1335 3996 1405 4055 Pro·
1434 4005 1435 4056 l

217 4110 313 4185 phetae
343 4110 433 4189 magis
463 4108 591 4188 legitime
620 4090 879 4189 argumentantur,
901 4123 938 4166 eo
962 4124 1061 4166 eorum
1083 4104 1237 4183 cognitio,
1257 4123 1344 4181 quam
1365 4105 1403 4165 rei
1433 4089 1434 4154 l

216 4223 351 4283 revelatae
379 4221 506 4295 habent,
526 4222 563 4281 ad
590 4220 751 4279 naturalem
772 4216 863 4295 magis
884 4218 1015 4294 accedit;
1036 4204 1125 4293 atque
1146 4235 1183 4275 ex
1203 4216 1263 4276 hoc
1282 4217 1401 4277 maxime
1431 4161 1433 4251 s

216 4330 364 4411 dignosci,
387 4331 548 4408 Prophetas
569 4329 770 4408 cognitionem
792 4328 877 4405 supra
898 4331 1058 4390 naturalem
1079 4330 1205 4403 habere,
1226 4332 1309 4405 quod
1330 4328 1397 4389 scili-
