2934 4900
398 338 454 399 De
493 336 723 399 servitute
764 336 958 399 Humane.
1208 344 1268 408 ors

78 514 229 593 vivimus,
257 514 401 577 Pietatem
429 526 521 577 uoco.
551 510 755 589 Cupiditatem
782 510 906 590 deinde,
939 526 998 590 qua
1028 511 1136 588 homo,
1158 508 1210 589 qui
1231 526 1269 571 ex

79 630 176 691 duetu
194 624 339 689 Rationie
356 624 452 703 vivit,
471 638 609 702 tenetur,
629 641 663 688 ut
683 624 814 703 reliquos
835 623 888 686 fibi
906 622 1033 686 amicitia
1041 620 1163 703 jungat,
1174 623 1269 683 Hone-

74 740 186 819 stam»
204 754 303 816 voco,
321 752 354 801 et
372 737 404 800 iu
423 735 580 817 umnam,
608 738 691 815 quod
712 735 864 813 homiues,
885 736 938 815 qui
958 752 997 799 ex
1018 736 1109 799 duetu
1128 734 1269 797 Rationis

80 852 210 929 rivmtt,
228 852 368 929 laudem,
394 866 427 913 et
445 849 477 913 iu
498 864 602 912 contra
622 862 724 931 turpe,
745 850 828 928 quod
856 846 1048 912 conciliandae
1069 846 1204 909 amicitie
1226 864 1271 909 re-

80 980 208 1045 pugnat.
227 964 336 1027 Preter
353 964 436 1042 hee,
455 962 589 1027 civitatis
609 962 698 1025 etiam
718 980 851 1042 queneto
871 961 928 1023 srnt
948 963 1137 1025 fundamenta
1147 960 1272 1023 ostendi.

79 1072 259 1137 Differentie
286 1074 395 1137 deiende
424 1072 502 1135 inter
531 1089 630 1136 veram
661 1071 804 1136 virtutem
835 1086 867 1135 et
894 1068 1099 1148 impotentiam
1126 1068 1212 1131 facile
1232 1087 1271 1131 ex

79 1186 170 1264 supra
189 1184 276 1249 uui·
295 1184 472 1262 percipitur;
491 1202 597 1262 nempe
618 1186 701 1262 quod
719 1202 792 1249 vera
812 1182 906 1247 virtue
926 1182 999 1245 nihil
1019 1182 1098 1245 aliud
1116 1181 1268 1259 iit,quum

81 1316 120 1359 ex
140 1296 208 1359 solo
235 1295 377 1359 Rationis
403 1296 495 1358 duitu
521 1294 644 1372 vivere3
666 1310 756 1374 atque
779 1296 854 1358 adeo
876 1294 1053 1372 impotentia
1073 1293 1105 1355 in
1125 1292 1183 1357 iroc
1203 1291 1269 1355 solu

80 1408 231 1486 confiuit,
251 1410 334 1487 quod
351 1408 443 1470 homo
462 1426 480 1469 t
499 1410 606 1484 robur,
625 1427 692 1487 que
713 1424 797 1471 extra
817 1408 911 1486 ipsum
930 1408 1016 1485 sunt,
1036 1406 1105 1470 duci
1127 1406 1156 1469 se
1174 1404 1270 1483 patia-

81 1540 149 1601 tut,
170 1536 203 1585 et
223 1524 261 1585 ab
281 1521 319 1583 iit
338 1523 378 1583 ad
396 1539 431 1583 ea
459 1523 602 1602 agendum
629 1522 857 1599 determinetur,
885 1540 951 1600 quae
972 1538 1066 1583 rerum
1086 1534 1272 1581 externarum

80 1634 251 1698 communie
275 1631 474 1712 constitutio,
493 1652 555 1697 non
577 1648 676 1696 autem
697 1652 750 1711 ea,
771 1652 838 1713 que
859 1632 921 1711 ipsa
940 1631 1030 1710 ipfiue
1050 1647 1171 1709 nature,
1190 1631 1221 1693 in
1241 1633 1272 1695 se

80 1748 144 1809 sole
175 1744 375 1822 confidente,
404 1744 544 1823 postulat.
584 1747 688 1824 Atque
717 1746 782 1809 haec
812 1746 861 1809 illa
892 1745 978 1826 sunt,
1005 1764 1071 1825 quae
1097 1744 1128 1807 in
1150 1744 1271 1807 Scholio
1390 1792 1398 1811 .

79 1854 300 1935 Propofitionie
328 1856 375 1919 18.
394 1856 485 1935 hujue
510 1856 605 1920 Partis
625 1858 819 1921 demonstrare
839 1856 972 1936 promifi,
992 1876 1031 1921 ex
1051 1857 1160 1937 quibus
1180 1874 1271 1935 appa-

79 1986 143 2045 ret,
164 1969 259 2049 iege·
278 1967 356 2029 issam
375 1970 413 2030 de
432 1986 494 2031 non
515 1969 676 2033 mactandis
694 1969 790 2032 brutis
812 1970 902 2051 magis
923 1988 998 2035 vana
1016 1967 1221 2047 superstitione
1237 1981 1270 2030 et

83 2080 222 2145 muliebri
241 2079 454 2159 misericordia,
474 2099 561 2160 quam
581 2082 650 2145 sana
670 2082 802 2145 Ratione
824 2084 974 2145 fundam
994 2080 1063 2144 effe.
1082 2082 1183 2143 Docet
1204 2080 1270 2159 qui·

84 2196 153 2256 dem
173 2192 251 2255 tatio
270 2192 400 2255 nostrum
419 2195 493 2257 utile
513 2195 706 2274 querendi‘,
723 2194 1002 2259 poenitudinem*
1020 2210 1086 2256 curu
1102 2193 1272 2257 hominibus

77 2306 225 2385 jungere,
250 2305 302 2367 sed
329 2321 391 2367 uon
418 2324 484 2369 cum
510 2306 623 2384 brutia,
650 2322 703 2369 aut
729 2308 833 2385 rebue,
860 2324 982 2385 quarum
1007 2321 1111 2369 natura
1130 2326 1147 2368 a
1167 2320 1272 2369 natura

81 2420 211 2482 humana
231 2417 274 2481 est
293 2418 424 2497 diversa;
454 2419 505 2484 sed
533 2420 610 2484 idem
627 2420 695 2501 jue,
714 2424 798 2500 quod
818 2421 866 2484 illa
886 2421 916 2484 irr
937 2438 994 2484 not
1013 2420 1141 2499 habent,
1160 2438 1218 2483 nou
1237 2418 1268 2482 in

81 2551 117 2594 ea
135 2531 256 2594 habete.
282 2533 347 2594 imo
373 2533 444 2610 quia
471 2531 700 2612 uniuscujusque
723 2534 775 2612 J'ua
802 2533 913 2596 virtute
934 2533 984 2597 seu
1011 2531 1146 2609 potentii
1167 2531 1269 2595 uniue-

81 2641 227 2722 cujusque
256 2643 413 2722 definitum,
441 2645 531 2725 longe
560 2646 655 2723 majus
684 2645 821 2708 hominen
851 2645 881 2708 in
912 2648 1015 2723 bruta,
1048 2663 1134 2724 quam
1155 2644 1218 2706 hee
1238 2643 1270 2706 iu

80 2753 220 2818 hominee
235 2754 286 2834 jue
305 2754 425 2817 habent.
450 2755 517 2818 Nee
536 2771 634 2820 tamen
655 2775 732 2838 nego
754 2759 840 2820 bruta
860 2757 982 2836 sentire;
1002 2757 1052 2820 sed
1073 2773 1168 2838 nego,
1188 2759 1270 2834 quod

83 2881 242 2944 propterea
266 2883 330 2930 non
349 2866 439 2928 liceat
458 2866 564 2930 nostrie
583 2867 707 2931 utilitati
736 2868 904 2946 consulere,
924 2884 956 2930 et
975 2867 1076 2931 iisdem
1096 2872 1133 2931 ad
1152 2866 1270 2930 libitum

83 2981 148 3056 uti,
168 2981 327 3057 eodemque
355 2982 477 3043 meare
505 2997 595 3057 prout
622 2982 710 3045 nobie
740 2983 830 3064 magis
851 2981 1010 3060 convenit;
1031 2981 1270 3062 quandoquidem

82 3089 238 3154 nobiscum
252 3103 371 3154 ‘natura
402 3110 464 3155 oon
494 3092 696 3172 conveniunt,
727 3110 759 3157 et
789 3111 890 3158 eorum
917 3095 1039 3158 affectus
1061 3096 1097 3157 ab
1118 3093 1271 3157 affeuioue

81 3203 220 3267 humanit
245 3203 314 3266 sunt
339 3205 448 3268 nature
473 3203 579 3269 diverti
607 3207 691 3286 (vide
711 3207 807 3270 Sahal.
829 3210 920 3290 Prop.
940 3219 990 3286 57.
1005 3223 1040 3289 p.
1061 3209 1115 3288 3.).
1134 3207 1270 3284 Superest

83 3331 121 3378 ut
139 3314 304 3394 explicem,
329 3316 403 3395 quid
428 3317 553 3396 justum,
581 3319 655 3398 quid
681 3321 834 3400 injustum,
856 3323 928 3400 quid
956 3335 1126 3399 peccatum,
1146 3335 1178 3382 et
1198 3320 1271 3398 quid

84 3427 215 3506 deumque
234 3427 370 3492 metitum
390 3427 436 3492 fit.
457 3431 515 3494 Sed
536 3435 573 3494 de
593 3431 730 3497 meviae
752 3435 811 3513 seq.
831 3435 992 3499 scholium.

526 3578 607 3624 reta
620 3579 733 3625 ortu
746 3581 772 3625 rr
794 3563 832 3626 11.

123 3676 161 3737 In
180 3675 357 3753 Appendice
385 3675 478 3739 Partis
506 3677 604 3754 primae
632 3679 777 3757 explicare
806 3682 940 3760 promifi,
960 3683 1032 3763 quid
1052 3684 1116 3746 laus
1137 3697 1168 3746 et
1189 3683 1269 3748 vitu·

82 3787 214 3865 perium,
246 3785 319 3866 quid
350 3789 483 3852 meritum
515 3807 547 3852 tt
576 3807 748 3869 peccatum,
780 3793 852 3871 quid
878 3793 986 3873 justum
1018 3811 1049 3856 et
1068 3793 1204 3874 injustum
1224 3794 1270 3859 stt.

82 3899 216 3962 Laudem
247 3913 279 3960 et
308 3899 489 3978 vituperium
519 3905 601 3980 quod
631 3904 758 3979 attinet,
788 3905 817 3966 in
848 3905 968 3968 Scholio
987 3907 1200 3985 Propoiitiouia
1221 3927 1269 3988 29.

117 4089 132 4118 ⁸
166 4083 294 4139 tiore&
315 4084 627 4154 &Maecium
649 4100 725 4155 pepp·
747 4085 861 4152 etp-vt
881 4087 1270 4159 ¹⁵·2259·vs·⁹6··s59·Vs·

83 4187 141 4236 μ,
156 4181 216 4237 579.
230 4168 270 4222 us.
288 4182 328 4220 ιο.
342 4195 379 4206 -
395 4168 525 4231 Schmidt,
541 4170 689 4233 Auerbecir,
706 4169 875 4222 Kirchmannt
892 4171 990 4235 Retio,
1006 4170 1110 4238 nostrum
1125 4173 1191 4224 utile
1205 4187 1269 4244 qua·

84 4253 160 4304 rendi
176 4250 258 4318 tens!
274 4252 475 4317 necestudieern.

118 4337 148 4370 ⁸0
181 4333 284 4388 mete
300 4334 398 4397 Retio,
414 4335 489 4401 nostr.
503 4343 543 4386 et.
560 4351 601 4404 qe.
618 4351 672 4390 eet.
687 4351 733 4390 not
749 4352 803 4390 teat
821 4339 961 4390 tonitribus
973 4339 1093 4409 jungere·
