2934 4900
564 303 621 364 De
650 304 747 364 Deo.
1205 314 1243 378 75

96 476 243 538 Videmus
280 476 381 556 itaque
418 497 519 539 omnes
550 477 699 552 rationes,
730 477 839 554 quibus
870 478 976 556 vulgus
1007 477 1083 538 solet
1102 480 1244 540 Naturam

51 586 223 663 explicate,
250 592 357 650 modos
385 589 440 650 effe
467 593 672 653 tantummodo
697 589 889 670 imaginandi,
910 609 965 651 nec
986 589 1073 652 uilius
1094 591 1136 652 rei
1157 607 1243 656 natu·

51 717 113 760 ram
125 743 136 775 ,
167 699 219 761 sed
251 715 365 762 tantum
403 700 620 781 imaginationis
658 701 898 764 constitutionem
934 701 1082 778 indicare;
1113 719 1145 764 et
1174 705 1244 780 quia

50 811 177 873 nomina
197 811 319 887 habent,
339 812 418 889 quast
440 811 530 875 effent
550 813 660 876 entium
683 830 767 876 extra
786 813 1023 892 imaginationem
1044 813 1242 892 existentium,

51 927 158 986 eadem
190 923 288 998 entia,
320 943 381 986 non
413 923 556 1001 rationis,
587 926 637 988 sed
669 924 888 1005 imaginationis
918 945 1020 1002 voco;
1049 942 1139 1004 atque
1171 931 1245 990 adeo
1332 915 1336 921 ’

52 1036 156 1097 omnia
176 1052 363 1116 argumenta,
384 1055 449 1114 quae
470 1053 573 1098 contra
594 1055 650 1099 nos
671 1055 709 1098 ex
729 1038 867 1100 ominbus
887 1038 1062 1102 notionibus
1083 1055 1246 1116 petuntur,

52 1148 143 1208 facile
175 1147 339 1224 propulsari
369 1148 496 1224 poiiunt.
544 1149 648 1210 Solent
680 1148 756 1210 enim
787 1149 870 1211 multi
900 1149 939 1212 stc
970 1152 1171 1232 argumentari.
1211 1154 1242 1215 Si

53 1258 155 1320 omnia
184 1277 223 1320 ex
251 1261 415 1321 neceffitate
443 1260 646 1337 perfeetiissmae
673 1261 731 1322 Dei
752 1277 862 1324 natura
883 1263 950 1324 sunt
971 1263 1145 1341 consecuta,
1166 1269 1244 1329 unde

53 1387 127 1450 ergo
148 1386 201 1431 rot
220 1369 455 1448 impemeoiones
476 1371 506 1432 in
537 1373 650 1433 Natura
671 1371 711 1431 *i
751 1371 901 1434 Videlicet
920 1391 1014 1436 terum
1035 1375 1187 1452 corruptio
1209 1379 1245 1438 ad

55 1485 197 1544 soetorem
223 1483 332 1561 usque,
358 1499 452 1545 rerum
480 1482 670 1559 deformitas,
697 1503 762 1561 quae
784 1484 917 1546 nauseam
938 1501 1073 1562 moveat,
1094 1488 1246 1566 confusio,

53 1597 183 1671 malurn,
203 1610 378 1672 peccatum,
399 1609 455 1656 etc.
476 1597 551 1672 Sed,
572 1610 605 1657 ut
626 1598 715 1658 modo
737 1596 817 1674 dixi,
837 1597 923 1659 facile
943 1599 1147 1661 confutantur.
1167 1603 1243 1662 Nam

52 1726 151 1768 rerum
173 1707 316 1783 perfeetio
338 1726 375 1768 ex
397 1707 455 1768 sola
477 1725 573 1770 earum
596 1723 700 1770 natura
722 1724 752 1770 et
773 1709 909 1786 potentia
929 1709 971 1771 est
992 1710 1169 1788 estimanda,
1189 1733 1243 1776 nec

52 1819 126 1880 ideo
154 1836 204 1880 res
231 1819 321 1899 magis
350 1834 401 1881 aut
429 1817 524 1881 minus
552 1821 687 1896 perfeitae
709 1819 796 1898 sunt,
817 1837 972 1898 propterea
992 1826 1075 1901 quod
1094 1825 1245 1888 hominum

54 1930 174 1991 sensum
207 1931 353 1993 deleeiant
384 1933 432 1994 vei
462 1931 635 2009 offendunt,
666 1935 748 2010 quod
775 1933 906 1996 humana
934 1949 1046 1996 natura
1075 1938 1247 1998 conducunt

55 2044 105 2102 vel
128 2043 214 2118 qood
235 2042 328 2102 eidem
348 2057 521 2122 repugnant.
542 2043 582 2104 lis
603 2060 714 2118 autem,
735 2044 787 2122 qui
808 2062 957 2122 quarunt,
975 2064 1027 2107 cnr
1043 2048 1127 2108 Dens
1144 2067 1246 2110 omnes

55 2154 196 2216 homines
217 2173 278 2215 non
298 2153 340 2215 ita
360 2154 489 2230 creavit,
511 2171 544 2216 ut
566 2155 629 2217 solo
651 2155 774 2218 rationis
795 2159 887 2220 dudo
903 2161 1155 2237 gubernarentur?
1173 2160 1245 2222 nihil

56 2267 138 2328 aliud
171 2265 352 2342 respondeo,
384 2285 469 2342 troam
501 2265 570 2344 quia
602 2265 628 2328 ei
661 2286 721 2328 non
752 2266 848 2330 demit
875 2269 993 2330 materia
1014 2273 1051 2332 ad
1072 2271 1189 2348 omnia,
1208 2291 1245 2334 ex

55 2379 171 2440 summo
198 2377 331 2439 niminrm
352 2377 389 2440 ad
408 2378 536 2440 infimum
558 2377 746 2456 perfeetionis
767 2383 902 2461 gradum,
923 2386 1063 2459 creanda;
1084 2385 1133 2446 vel
1153 2385 1243 2464 magis

55 2490 178 2569 proprie
205 2492 374 2569 loquendo,
395 2492 463 2568 qnia
483 2490 572 2569 ipfios
592 2494 713 2556 Naturae
734 2494 814 2572 leget
834 2496 910 2556 adeo
931 2496 1032 2571 amplae
1054 2497 1189 2572 fuerunt,
1211 2514 1246 2559 ot

56 2604 226 2664 sufficerent
243 2604 280 2663 ad
298 2601 410 2678 omnia,
429 2621 495 2679 quae
515 2605 551 2663 ab
570 2602 670 2681 aliquo
691 2602 807 2665 infinito
825 2603 975 2667 intelleou
986 2605 1103 2683 concipi
1113 2606 1246 2684 potsunt,

56 2716 269 2792 producenda,
297 2730 331 2775 ut
359 2714 564 2791 Proposrtione
597 2718 642 2776 16.
671 2716 875 2779 demonstravi.
915 2718 987 2778 Haec
1008 2718 1091 2793 sunt,
1112 2737 1177 2795 quae
1197 2718 1246 2780 hic

56 2843 162 2889 notare
191 2826 321 2903 suscepi,
349 2824 526 2903 praejudicia
568 2826 599 2888 Si
625 2830 759 2904 quaedam
779 2827 868 2905 hujus
888 2828 987 2891 farinae
1008 2830 1103 2892 adhuc
1124 2830 1246 2906 restant,

56 2956 202 3015 poterunt
223 2940 324 3001 eadem
346 2940 381 2999 ab
404 2956 587 3016 unoquoque
607 2938 749 3000 mediocri
770 2940 963 3008 meditatione
983 2941 1137 3003 emendari.

492 3509 584 3576 Finis
607 3512 717 3577 Partis
739 3512 863 3577 Prima.

94 4312 106 4343 *
143 4307 302 4380 Corrigenda
320 4308 368 4365 lid.
386 4310 425 4359 Pr.
442 4307 555 4365 adriuma
573 4319 657 4367 ortae.
