2934 4900
312 313 809 408 Theologico-Politici
849 317 923 405 Cap.
953 319 1034 390 xlv.
1204 337 1263 410 543

83 504 192 564 docere
224 501 318 581 (nulls
349 502 424 564 enim
455 516 518 564 tum
548 502 689 579 temporis
720 501 897 582 revelavit),
926 502 976 565 sed
1006 521 1106 566 eorum
1139 503 1266 566 animum

83 631 288 677 contumacem
313 615 443 695 frangere
468 630 500 677 et
524 617 560 677 ed
586 613 784 677 obedientiam
810 614 939 692 trubere3
966 615 1094 693 ideoque
1115 633 1176 678 non
1196 616 1265 677 rati·

84 727 211 803 onibus,
234 726 284 790 sed
303 727 438 790 tuburum
458 725 596 804 strepitu,
616 725 747 802 tonitru,
767 741 798 787 et
818 725 988 788 fulminibus
1008 727 1125 790 eosdem
1145 727 1266 790 adorsus

84 839 128 900 est
149 839 232 918 (vide
252 839 352 901 Exodi
373 857 437 916 cup.
458 855 507 902 ιο.
528 837 571 904 vs.
590 839 665 918 ao).

127 952 261 1034 Superest
276 951 352 1029 jam,
372 966 407 1014 ut
426 953 544 1014 tandem
565 951 730 1028 ostendam,
750 950 827 1014 inter
846 950 962 1029 Fidem,
974 951 1033 1015 live
1053 952 1266 1031 Theologium,

85 1078 118 1125 et
139 1061 353 1140 Philosophiam
374 1063 483 1124 nullum
505 1061 560 1124 esse
581 1060 784 1124 commercium
804 1063 952 1126 nullumve
973 1061 1161 1141 affinitatem
1185 1064 1268 1140 quod

80 1175 144 1252 jam
164 1192 249 1236 nemo
270 1173 368 1250 potest
387 1173 538 1254 ignorare,
558 1173 609 1251 qui
629 1173 729 1236 harum
751 1175 871 1236 duarum
899 1175 1072 1236 facultatum
1095 1189 1126 1236 et
1147 1175 1267 1252 scopum

86 1301 118 1348 ct
139 1287 358 1348 fundamentum
380 1285 482 1361 novit,
503 1303 570 1364 que
591 1284 658 1348 stne
679 1301 749 1347 toto
769 1287 847 1348 coelo
868 1285 1041 1364 discrepant
1070 1286 1267 1364 Philosophia

86 1399 164 1461 enim
194 1398 301 1475 scopus
331 1395 403 1460 nihil
433 1396 474 1458 est
505 1412 610 1474 praeter
641 1396 811 1473 veritatem
840 1396 922 1460 Fidei
953 1412 1068 1475 autem,
1099 1412 1132 1459 ut
1152 1400 1268 1461 abunde

86 1509 282 1588 ostendimus,
308 1510 381 1572 nihil
405 1523 510 1587 preter
537 1507 736 1572 obedientiam
757 1525 788 1572 et
808 1508 959 1586 pietatem.
1000 1508 1115 1573 Deinde
1135 1510 1267 1572 Philoso-

87 1622 165 1698 phiae
191 1622 379 1686 fundamenta
406 1620 546 1684 notiones
572 1639 742 1684 communes
768 1621 851 1698 sunt,
878 1638 908 1685 et
934 1621 997 1699 ipsa
1017 1640 1055 1684 ex
1074 1621 1136 1684 sola
1154 1625 1269 1686 Natura

87 1733 151 1810 peti
170 1735 276 1810 debet;
301 1732 383 1797 Fidei
411 1745 508 1796 tutem
528 1732 656 1798 historie
677 1749 708 1796 er
734 1733 852 1814 lingua,
872 1750 904 1796 et
923 1751 961 1796 ex
982 1733 1042 1796 sols
1063 1734 1213 1812 scriptura
1236 1750 1268 1796 et

87 1845 268 1910 revelatione
287 1847 432 1924 petenda,
451 1860 487 1908 ut
506 1845 537 1907 in
557 1861 585 1921 7.
606 1844 681 1922 Cap.
702 1845 890 1908 ostendimus.
920 1844 1007 1908 Fides
1023 1845 1113 1925 igitur
1132 1845 1268 1909 summam

88 1955 249 2034 unicuique
267 1957 432 2020 libertatem
454 1958 491 2019 td
511 1955 777 2034 philosophandum
797 1955 953 2034 concedit;
972 1972 1008 2020 ut
1028 1956 1270 2037 quicquidvelit,

88 2071 233 2133 derebus
264 2070 515 2148 quibuscumque,
534 2069 594 2133 line
623 2069 728 2132 scelere
759 2069 866 2134 sentire
895 2071 998 2149 polilt,
1029 2085 1060 2132 et
1081 2088 1135 2134 eos
1155 2086 1269 2134 tantum

88 2197 227 2259 tanquam
255 2181 412 2244 hereticos
434 2193 466 2242 et
492 2179 670 2244 scismaticos
700 2183 835 2259 dmnat,
854 2181 906 2259 qui
926 2181 1083 2259 opiniones
1102 2184 1212 2246 docent
1232 2185 1270 2246 ad

87 2292 320 2371 contumetiam,
341 2292 429 2368 odia,
448 2291 675 2370 contentiones,
697 2307 727 2356 et
748 2292 818 2356 irem
838 2291 1033 2357 suadendum:
1054 2311 1085 2357 et
1102 2313 1156 2358 eos
1165 2310 1269 2358 contra

86 2405 189 2468 fideles
215 2419 331 2469 tuntum
358 2404 465 2482 habet,
493 2403 545 2483 qui
564 2403 708 2486 Juliitiam
734 2418 766 2467 et
785 2403 983 2483 charitatem,
1003 2422 1058 2482 pro
1078 2406 1190 2471 viribus
1209 2406 1268 2474 sue

86 2516 227 2581 Rationis
258 2532 289 2579 et
319 2516 526 2593 facultatibus,
556 2515 688 2579 suadent.
728 2516 886 2595 Denique,
922 2516 1063 2595 quoniam
1091 2518 1172 2595 haec,
1201 2538 1268 2597 qua

86 2630 137 2691 hic
161 2628 355 2705 ostendimus,
375 2628 522 2706 praecipua
541 2628 629 2705 sunt,
649 2646 715 2707 quae
736 2628 767 2691 in
787 2629 847 2691 hoc
865 2630 991 2692 traststu
1017 2628 1158 2707 intendo,
1177 2632 1268 2708 volo,

87 2756 245 2819 antequam
271 2740 394 2803 ulterius
422 2758 555 2820 pergam,
581 2742 717 2803 letiorem
745 2740 901 2803 enixill'sme
930 2758 1049 2821 rogere,
1068 2756 1103 2803 ut
1122 2740 1185 2802 haec
1204 2744 1267 2804 duo

87 2851 196 2929 Capita
206 2852 349 2916 attentius
369 2854 482 2932 legere,
503 2867 533 2913 et
554 2850 659 2915 iterum
679 2867 770 2930 atque
790 2852 894 2916 iterum
916 2855 1095 2929 perpendere
1114 2852 1269 2932 dignetur;

88 2980 120 3025 et
138 2964 189 3025 libi
208 2964 371 3043 persuasum
387 2964 578 3042 hebeat,nos
599 2981 659 3026 non
680 2982 717 3025 eo
739 2963 873 3041 scriplilie
892 2964 1007 3041 animo,
1027 2980 1061 3027 ot
1081 2982 1161 3029 nova
1174 2965 1268 3027 intro·

88 3078 276 3151 duceremus,
303 3074 352 3137 sed
381 3090 415 3137 ut
443 3078 600 3151 depravata
628 3075 854 3155 corrigeremus,
880 3095 946 3154 quse
973 3080 1092 3140 tandem
1111 3078 1269 3158 aliquando

88 3189 218 3249 correers
238 3186 338 3251 videre
358 3186 515 3265 speramus.

525 3323 833 3429 cnruuxv.

151 3508 215 3569 Nec
247 3506 426 3583 Theologt'arn
452 3509 590 3587 Rationi,
616 3528 665 3571 nec
689 3510 843 3571 Rationem
874 3507 1030 3587 slteosogr'ae
1055 3513 1194 3573 ancillari
1198 3557 1209 3591 ,

190 3602 362 3681 ostenditur,⁴
383 3618 411 3663 et
430 3607 525 3682 ratio,
549 3624 608 3682 qua
628 3605 707 3665 nobis
733 3606 763 3665 S.
783 3606 943 3686 Scriptura
962 3605 1168 3670 autumares

570 3703 785 3781 persuadentes.

129 3859 189 3941 Qui
217 3858 435 3936 Philosophiam
456 3880 472 3924 a
493 3861 660 3941 Theologia
688 3862 818 3938 separare
839 3862 989 3940 nesciunt,
1010 3862 1177 3943 disputant,
1196 3882 1266 3928 num

88 3972 237 4048 Scriptura
265 3972 407 4049 Rationi,
435 3991 471 4035 an
500 3990 603 4037 contra
631 3975 723 4037 Ratio
745 3974 899 4052 Scriptus
920 3975 1027 4037 debeat
1047 3976 1190 4053 ancillari;
1208 3977 1267 4040 hoc

89 4082 148 4157 est,
168 4100 204 4143 an
231 4081 330 4143 sensus
357 4082 513 4160 Scripttuae
541 4084 683 4161 Rationi,
708 4103 745 4146 an
773 4104 844 4149 vero
865 4086 956 4147 Ratio
976 4084 1134 4163 Scriptura
1153 4105 1268 4149 accom-

88 4193 201 4255 modari
228 4195 353 4257 debeat:
385 4210 473 4273 atque
500 4196 602 4276 hoca
630 4195 792 4275 Scepticis,
820 4199 871 4277 qui
899 4198 1038 4261 Rationis
1062 4198 1266 4261 certitudinem

0 4380 1 4383 Ἴ
88 4320 213 4385 negant,
240 4305 311 4368 illud
338 4323 435 4368 autem
462 4308 680 4387 aDogmaticis
711 4310 888 4372 defenditur.
928 4311 1002 4388 Sed,
1021 4326 1081 4373 tam
1102 4311 1158 4373 hos
1178 4330 1265 4388 quem
