2934 4900
207 320 242 389 [6
621 316 676 391 De
706 316 981 391 lnteiiectui

166 548 168 551 .
203 496 260 572 ert,
279 512 312 559 ut
329 501 365 564 ad
383 514 510 561 normam
528 502 604 563 dote
620 499 824 579 cujuscunque
840 516 918 563 vett
934 498 1010 563 idere
1031 514 1132 579 pergat
1156 497 1245 564 ceres
1274 490 1395 579 iegibu

203 608 357 687 inquirere.
398 613 489 694 Quod
510 627 544 675 ut
564 616 640 676 rede
661 614 728 690 fiat,
744 614 808 675 brec
829 614 920 675 debet
940 612 1105 675 Methodut
1125 612 1274 689 prestare:
1294 610 1393 689 primo

204 738 300 785 verum
328 722 421 785 ideam
441 744 458 785 n
478 724 592 787 ceteris
619 724 757 787 omnibus
785 722 1027 801 perceptionibus
1047 722 1237 802 distinguere,
1257 738 1289 785 et
1307 739 1393 785 nen·

203 846 261 895 tem
282 853 298 895 a
320 836 432 897 ceteris
453 836 692 913 perceptionibus
721 836 871 898 cohibere.
911 837 1049 897 Secundo
1070 837 1185 897 tradere
1204 836 1335 913 regular·²
1355 850 1393 897 ut
1465 817 1466 828 ἵ

202 961 247 1005 res
268 944 426 1025 incognitae
455 950 491 1009 ad
515 950 601 1010 talem
629 966 758 1009 normam
787 946 997 1025 percipiantur.
1037 946 1143 1009 Tertio
1165 946 1296 1009 ordinem
1316 965 1392 1008 con·
1465 931 1466 1018 i

203 1055 338 1133 diruere,
359 1076 395 1119 ne
416 1058 570 1122 inutilibus
591 1059 793 1139 defatigemur.
834 1060 990 1137 Postquam
1010 1059 1085 1121 banc
1107 1058 1279 1121 methodum
1299 1058 1391 1123 novi·
1465 1029 1466 1056 ¹

203 1187 284 1244 mua,
311 1168 438 1233 vidimus
466 1188 572 1248 quarto
600 1172 673 1235 hanc
704 1174 876 1234 methodum
908 1170 1134 1247 perfeetiffiman
1162 1172 1307 1248 futurem,
1339 1170 1393 1232 ubi

203 1279 386 1343 habuerimus
413 1282 507 1344 ideam
529 1283 615 1345 Entia
636 1282 836 1360 persedidimi.
878 1284 968 1345 Unde
988 1281 1077 1344 initio
1098 1281 1171 1345 illud
1190 1282 1247 1344 erit
1265 1281 1394 1344 mafime
1465 1259 1466 1272 ἵ

204 1390 433 1470 observandum,
450 1410 484 1455 ut
500 1410 612 1471 quanto
631 1394 716 1457 ocius
733 1396 770 1457 ad
787 1394 989 1472 cognitionem
1001 1394 1165 1456 talieEntia
1175 1393 1392 1471 perveniam
1465 1445 1466 1450 ,

243 1502 419 1580 incipiamus
447 1505 547 1583 itaque
568 1525 584 1569 a
605 1506 696 1582 prima
723 1521 807 1583 parre
832 1505 984 1581 methodi,
1011 1524 1078 1583 quae
1098 1506 1156 1581 eli,
1176 1506 1222 1567 uti
1242 1506 1395 1583 diximus,

203 1613 378 1694 distinguere
409 1631 439 1678 et
469 1616 599 1694 separare
629 1618 726 1679 ideam
758 1618 865 1678 Veram
884 1636 902 1678 a
923 1617 1038 1679 caeteria
1067 1617 1328 1694 perceptionibus,
1357 1634 1391 1679 et

203 1725 341 1788 cohibere
369 1743 511 1803 tuentem,
537 1747 573 1790 ne
594 1728 696 1805 falsas,
716 1730 815 1807 liciat,
835 1744 867 1791 et
888 1729 993 1793 dubiae
1015 1748 1081 1791 cum
1102 1728 1182 1794 verit
1202 1730 1391 1792 confundat:

204 1840 285 1914 quod
314 1854 465 1917 utcunque
492 1840 553 1902 fuse
574 1840 623 1901 bic
644 1841 790 1918 explicare
809 1841 924 1903 animoa
945 1842 1003 1918 eli,
1024 1858 1059 1903 ut
1079 1843 1220 1905 Lectores
1239 1840 1390 1903 detineam

203 1948 233 2011 in
261 1950 443 2030 cogitatione
471 1952 512 2013 rei
540 1956 615 2015 adeo
643 1953 820 2029 neceliariae,
849 1970 880 2017 et
908 1954 1013 2030 etiam,
1035 1954 1104 2031 quia
1126 1953 1315 2031 multisunt,
1337 1953 1392 2031 qui
1420 2010 1427 2023 ,

203 2064 252 2126 vel
267 2066 310 2125 ‚de
329 2064 407 2127 veria
428 2066 564 2127 dubitant
586 2084 624 2127 ert
640 2084 695 2143 eo,
713 2068 795 2143 quod
814 2085 874 2128 noo
892 2066 1082 2128 attenderunt
1098 2068 1137 2128 ad
1153 2064 1391 2141 diffinitionem,

204 2194 270 2251 quae
300 2176 341 2238 est
371 2176 448 2239 inter
478 2196 576 2241 veram
602 2177 824 2255 perceptionem
852 2194 883 2239 et
912 2177 983 2240 aliae
1009 2196 1121 2241 omnea.
1162 2180 1249 2242 Adeo
1277 2193 1313 2241 ut
1334 2178 1393 2241 lint

204 2286 297 2349 veluti
317 2287 468 2364 hominen,
489 2289 557 2367 qui,
578 2308 645 2353 curn
666 2290 838 2369 vigilarent,
858 2309 920 2353 non
941 2289 1119 2353 dubitabant
1139 2290 1170 2351 se
1190 2290 1393 2371 vigiltte;ied

203 2400 355 2478 postquam
382 2400 467 2464 semel
495 2400 525 2464 in
553 2402 688 2480 somniis,
713 2418 747 2466 ut
767 2403 843 2481 saepe
864 2404 914 2476 lit,
934 2417 1077 2480 putantnt
1097 2403 1126 2465 se
1147 2418 1229 2467 certo
1250 2402 1394 2484 vigilare,

204 2515 285 2590 quod
305 2512 405 2590 postea
426 2513 526 2576 falsum
547 2513 602 2576 elie
623 2515 823 2592 reperiebant,
841 2515 929 2578 etiam
946 2519 984 2578 de
1001 2515 1061 2578 suia
1080 2514 1188 2596 vigiliis
1205 2515 1391 2578 dubitarunt:

204 2626 284 2700 quod
302 2623 465 2706 contingit,
483 2627 552 2704 quia
569 2646 716 2705 nunquam
733 2627 927 2690 distinxentnt
943 2627 1021 2689 inter
1037 2627 1169 2688 somnum
1194 2641 1226 2687 et
1246 2625 1390 2704 vigiliam.

203 2737 320 2798 Interim
342 2755 464 2814 moneo,
484 2757 528 2801 me
549 2739 596 2801 hic
617 2739 764 2803 essentiam
783 2739 1014 2817 uniuscujusque
1031 2737 1247 2815 perceptionis,
1263 2754 1389 2815 umque

204 2867 256 2926 per
274 2849 436 2927 proximam
457 2851 534 2912 suam
556 2853 667 2914 causum
689 2871 750 2914 non
771 2853 1005 2929 explicaturum
1025 2849 1173 2927 quiahoc
1193 2851 1231 2912 ad
1251 2848 1388 2910 Philoso·
1465 2864 1466 2867 ’

203 2962 300 3039 phium
321 2962 466 3039 pertinet;
486 2964 535 3026 sed
556 2979 670 3026 tantum
690 2965 865 3026 traditurum
885 2963 932 3038 id,
954 2965 1036 3040 quod
1056 2962 1221 3024 Methudua
1240 2961 1389 3038 postulat,

203 3074 234 3136 id
261 3075 319 3151 eli,
345 3075 421 3137 circa
449 3094 514 3153 qute
543 3076 695 3153 perceptio
717 3078 799 3151 leta,
820 3075 906 3152 falla,
926 3091 956 3136 et
978 3074 1070 3137 dubia
1090 3073 1236 3149 versetur,
1257 3089 1288 3134 et
1308 3089 1389 3150 quo·

203 3189 293 3250 modo
320 3189 356 3248 ab
383 3205 560 3264 unaquaque
586 3187 779 3250 liberabimur.
819 3188 865 3250 Sit
891 3187 992 3264 itaque
1019 3186 1111 3264 prima
1137 3184 1289 3262 inquiiitio
1309 3185 1389 3248 circa

202 3298 300 3360 ideam
321 3297 437 3362 Fidium.

243 3410 318 3472 Cum
347 3410 441 3474 omnia
469 3411 622 3488 perceptio
649 3411 684 3473 iit
711 3414 760 3475 vel
787 3411 829 3472 rei
849 3427 989 3488 tanquam
1009 3408 1161 3472 existentia
1180 3407 1388 3484 conlidetttae,

204 3525 253 3587 vel
278 3522 368 3585 solius
396 3521 521 3586 essentie
528 3567 539 3600 ,
566 3539 597 3584 et
626 3525 841 3600 frequentiores
867 3521 1000 3585 fictiones
1027 3520 1203 3598 contingant
1235 3518 1312 3580 circa
1340 3536 1389 3580 rer

204 3649 341 3711 tanquam
369 3635 526 3697 exilientes
554 3635 765 3712 conlideratar;
793 3635 862 3698 ideo
887 3634 969 3711 pour
997 3637 1034 3696 de
1060 3633 1115 3694 bac
1135 3633 1255 3709 loquart
1273 3629 1388 3692 scilicet

204 3747 254 3810 ubi
276 3747 336 3809 sola
358 3748 510 3811 existentia
531 3749 666 3828 fingitur,
687 3765 717 3810 et
738 3766 801 3822 ret,
821 3766 888 3824 qure
909 3747 939 3807 in
960 3745 1012 3807 tali
1032 3748 1099 3808 adiu
1117 3743 1259 3824 fingitur,
1278 3741 1387 3804 iutelli-
1465 3818 1466 3835 ἵ

203 3858 282 3938 gitur
308 3859 368 3922 srve
394 3857 573 3937 supponitur
599 3859 733 3939 intelligi.
773 3861 830 3921 Er.
855 3877 897 3940 gr.
917 3860 998 3936 lingo
1025 3858 1159 3933 Petrum,
1189 3873 1276 3932 quem
1296 3852 1389 3929 novi,

204 3971 245 4034 ire
266 3974 401 4046 domum,
422 3990 487 4033 eunt
508 3991 553 4034 me
575 3972 716 4047 invisere,
737 3989 767 4032 et
794 3970 803 4012 ¹
828 3970 936 4032 similia.
978 3968 1035 4030 Hic
1065 3985 1184 4044 quaero,
1214 3965 1291 4028 circa
1321 3982 1388 4041 quc
1465 3996 1466 4001 κ

240 4181 247 4207 ·
286 4173 352 4225 Vide
379 4173 483 4226 ulterius
508 4172 551 4234 iel,
577 4173 646 4237 quod
672 4173 704 4222 de
729 4171 909 4235 hypotbeiibue
935 4166 1097 4227 notabimus,
1122 4179 1179 4229 qtrae
1196 4179 1210 4214 a
1227 4163 1302 4215 nobb
1323 4163 1388 4215 clare

204 4254 393 4324 intelligunturt
410 4255 451 4308 sed
469 4255 494 4307 in
512 4269 543 4306 eo
561 4254 597 4306 est
614 4253 697 4317 lette,
713 4253 785 4318 quod
801 4254 926 4314 dicamus,
940 4265 982 4302 eas
998 4250 1061 4302 tales
1078 4249 1104 4300 in
1121 4247 1271 4312 corporibus
1288 4245 1388 4298 caelesti-

203 4342 251 4392 bus
267 4337 382 4392 existere.
