2934 4900
1224 366 1280 418 vn

90 531 184 601 ABC
213 531 473 623 fflrtnogirapii
504 570 551 583 -
583 533 617 601 D
644 532 880 625 chronographi
890 557 903 615 ς
927 551 960 601 et
983 554 1054 623 pag.
1079 550 1155 617 577.
1176 531 1223 599 vs.
1247 550 1278 615 7.

89 652 156 721 AD
180 656 346 744 legationis
367 690 415 703 -
436 654 497 721 BC
521 655 737 747 legationibus.

132 773 328 843 Verfionem
349 774 577 843 Hollarrdicam
600 774 624 842 s.
648 776 809 867 Belgicam
832 775 979 861 Operum
1008 774 1281 855 Posthumorum,

88 894 205 963 eodem
228 916 316 963 anno
338 916 415 963 cum
436 898 521 965 libro
543 896 666 965 Latino
688 898 856 982 editam‚e
876 897 995 964 chartis
1018 896 1158 962 auiboris
1181 915 1279 962 manu

86 1014 217 1101 scriptis
238 1017 354 1085 fastam
375 1016 469 1085 fuisse
491 1020 674 1087 invenimus
706 1020 735 1098 ις
765 1038 799 1087 et
823 1021 859 1086 in
879 1017 1039 1103 epistolis,
1058 1036 1195 1101 quarum
1223 1017 1280 1083 ille

88 1140 274 1223 complures
296 1139 490 1208 Hollandice
512 1140 761 1226 conscripserat,
783 1144 853 1229 ejus
877 1142 976 1208 verba
998 1160 1112 1225 parum
1135 1140 1278 1224 expolita

89 1261 287 1349 elegantius,
310 1278 347 1329 ut
371 1262 678 1349 summittebant,
700 1262 848 1346 iterasse,
866 1263 977 1347 potius
996 1260 1279 1344 quameLatinis,

88 1384 239 1467 quamvis
273 1384 314 1449 ab
346 1381 419 1467 ipso
459 1384 601 1469 Spinoza
635 1382 816 1467 conversis,
851 1386 885 1451 io
920 1383 1100 1451 sermonem
1133 1382 1275 1467 patrium

89 1503 234 1573 retulisse
263 1504 285 1571 ¹.
316 1506 363 1572 Et
385 1507 420 1571 in
442 1526 497 1588 ea,
518 1527 592 1589 quae
614 1524 708 1575 antea
730 1507 914 1591 prodierat,
932 1506 1171 1589 Principiorum
1194 1502 1276 1569 Car·

89 1625 305 1709 testatorum,
334 1626 484 1710 quasdam
514 1629 665 1713 Spinozae
695 1627 938 1696 observationes
968 1625 1169 1694 absconditas
1192 1622 1278 1705 effe,

85 1752 153 1836 jam
179 1766 358 1832 ‘antequam
388 1750 475 1817 illam
505 1748 699 1835 inspeximus
730 1772 749 1817 a
776 1748 1070 1817 Schaarschmidtio
1095 1747 1278 1815 didicimus.

91 1870 253 1937 Gallicam
275 1870 448 1961 Traiectus
470 1870 819 1963 TheologicoPolitici
842 1871 976 1939 similem
997 1872 1042 1938 ob
1064 1869 1191 1939 causam
1210 1871 1277 1957 jam

90 1994 170 2058 olim
189 1992 418 2059 Marchandus
440 1992 701 2077 perlustraverat.
1266 2062 1269 2067 .

132 2116 164 2181 Ε
185 2114 292 2181 diario
314 2116 390 2181 anni
423 2134 520 2201 1705.
549 2117 646 2207 unius
677 2114 820 2201 epistola
844 2134 878 2183 et
900 2116 1001 2182 verba
1023 2113 1219 2183 Hollandica
1233 2132 1276 2181 ‚et

91 2256 265 2305 extremam
287 2256 412 2323 partem
433 2237 520 2305 sorte
543 2238 676 2305 fortuna
697 2241 970 2323 recuperavimus.

132 2360 363 2450 Autographas
393 2360 587 2427 habebamus
621 2360 770 2446 epistolas
803 2362 874 2428 illas
907 2362 942 2427 in
978 2358 1277 2444 Orphanomopheo

91 2481 377 2550 Amibelodamensr
396 2481 556 2566 servatas,
575 2503 609 2550 et
628 2505 725 2550 unam
745 2485 882 2550 antehac
901 2485 936 2550 in
957 2483 1064 2572 Regni
1077 2481 1276 2562 Tabulario‚

91 2603 183 2670 hodie
208 2605 242 2669 in
273 2602 477 2671 Bibliotheca
505 2603 810 2692 Lugduno·Bttava
841 2603 1038 2687 exstantem,
1068 2604 1187 2688 quibus
1207 2604 1275 2689 jam

92 2743 161 2792 ante
195 2727 257 2792 hos
291 2726 407 2814 viginti
441 2745 542 2790 annos
577 2728 658 2792 alter
695 2724 843 2792 nostrum
876 2726 910 2792 in
945 2725 1178 2810 Supplemento
1213 2721 1273 2789 suo

91 2846 276 2912 adornando
330 2846 406 2913 usus
454 2863 523 2913 erat
565 2847 586 2912 ³.
643 2846 778 2930 Aliam,
830 2866 903 2930 quae
947 2847 1027 2913 olim
1073 2864 1141 2911 emt
1187 2843 1276 2910 Galli

91 2969 228 3034 seuillet
250 2967 292 3034 de
315 2967 481 3050 Conches,
504 2967 601 3034 hodie
624 2968 738 3034 Caroli
761 2968 909 3035 Meinert
932 2969 1013 3032 civis
1037 2965 1274 3048 Dess'aviensis,

87 3087 276 3172 jampridem
308 3086 545 3174 transcripserat
578 3091 628 3155 vir
659 3089 894 3158 honestiffimus
912 3090 944 3176 J.
966 3091 1006 3158 Z.
1030 3089 1142 3156 Mazel
1166 3088 1275 3178 Hage-

90 3227 166 3287 nus;
193 3229 282 3274 nunc
305 3229 323 3274 a
346 3210 514 3276 Meinerto
545 3213 667 3276 summa
690 3212 883 3278 liberalitate
905 3209 1141 3276 commodatam
1163 3207 1273 3274 denuo

90 3330 351 3396 examinavimus.
394 3333 459 3398 Em
500 3352 618 3416 porro,
652 3354 726 3416 quae
760 3352 832 3400 tum
866 3330 993 3398 Parisiis
1027 3334 1113 3398 inter
1146 3331 1273 3398 chartas

90 3449 229 3517 Viiioris
272 3449 395 3518 Cousrn
438 3470 509 3520 turn
542 3453 686 3522 Londini
723 3455 756 3520 in
793 3454 965 3521 societatis
1003 3453 1115 3542 Regiae
1149 3450 1273 3518 scriniis

126 3867 133 3894 ¹
168 3863 303 3932 Versstpen
326 3879 358 3915 en
381 3864 498 3926 Meded„
519 3864 546 3917 in
570 3862 696 3929 valjam
722 3865 838 3917 laudetur
865 3867 959 3930 „ovet
982 3865 1014 3918 de
1031 3866 1151 3934 ultgrven
1169 3882 1201 3920 en
1219 3868 1268 3918 deo

92 3975 143 4013 teat
158 3963 204 4013 der
221 3962 309 4014 Ethlta
326 3978 377 4016 van
396 3963 533 4028 Spinoza.”

124 4065 133 4092 ¹
167 4062 301 4130 Verlltgen
328 4077 360 4113 en
377 4063 493 4125 Meded„
518 4063 575 4114 deel
591 4065 643 4126 tx,
661 4061 739 4114 Amsi.
768 4065 856 4136 1879.=
882 4065 977 4129 „Oves
1000 4065 1032 4115 de
1053 4063 1132 4116 eetste
1149 4064 1271 4133 uitptuen

90 4159 132 4210 der
148 4159 256 4212 Brievetr
274 4176 324 4212 van
343 4161 480 4226 Spinoza.”

122 4263 132 4290 ⁸
168 4259 210 4312 Ad
226 4260 264 4312 ui.
289 4259 322 4312 de
339 4259 448 4326 Spinozt
465 4263 550 4328 Opera
566 4263 658 4314 Omnia
684 4253 908 4328 supplementum,
925 4275 985 4326 erc„
1001 4261 1180 4318 Amstelodami
1203 4261 1270 4333 apud

87 4359 159 4410 Fred.
175 4359 285 4422 Moller,
304 4359 377 4412 1862.
