2934 4900
349 311 846 395 Theologico-Politici
887 312 961 390 Cap.
992 315 1073 374 XVI.
1248 325 1306 390 553

117 490 290 553 naturaliter
310 491 533 553 determinatum
556 491 605 552 esh
646 493 712 552 Nec
733 490 781 552 hic
803 491 889 552 ullam
911 489 1092 570 agnoscimus
1114 491 1307 552 differentiam

117 604 196 666 inter
226 602 360 666 homines
391 618 423 665 et
452 604 564 681 reliqua
594 606 716 665 Naturae
748 603 919 679 individua;
950 621 1046 681 neque
1078 604 1155 665 inter
1174 605 1309 666 homines

118 715 251 777 Ratione
270 716 413 792 praeditos
433 732 465 778 et
484 717 560 777 inter
581 716 672 793 alios,
693 716 859 794 quiveram
878 715 1037 777 Rationem
1048 714 1200 794 ignorant;
1212 735 1308 792 neque

118 828 196 890 inter
225 829 343 905 fatuos,
373 829 546 905 delirantes,
578 843 609 889 et
639 827 735 890 sanos.
776 827 928 911 Quicquid
957 828 1034 890 enim
1056 847 1239 906 unaquaeque
1261 847 1307 890 res

119 941 291 1021 exlegibus
312 941 369 1003 suae
391 955 502 1002 naturae
524 941 601 1021 agit,
622 941 652 1003 id
673 941 782 1002 summo
801 941 866 1018 jure
889 939 965 1019 agir,
987 940 1120 1002 nimirum
1139 939 1208 1019 quia
1229 941 1310 1020 agit,

118 1070 210 1132 prout
240 1072 278 1115 ex
308 1055 422 1116 Natura
453 1054 644 1119 determinata
675 1053 732 1131 est,
764 1071 818 1114 nec
850 1052 928 1116 aliud
957 1039 1064 1130 potest.
1105 1055 1203 1136 Quare
1233 1055 1310 1116 inter

119 1167 268 1244 homines,
300 1167 440 1244 quamdiu
470 1167 523 1228 sub
552 1167 676 1244 imperio
697 1165 788 1228 solius
808 1168 930 1228 Natura
951 1165 1052 1228 vivere
1075 1165 1308 1244 consrderantur,

119 1295 179 1340 tam
209 1280 275 1357 ille,
305 1281 357 1358 qui
388 1279 548 1342 Rationem
579 1280 710 1341 nondum
744 1278 847 1355 novit,
878 1279 926 1342 vel
955 1278 1006 1355 qui
1035 1277 1154 1342 virtutis
1174 1279 1307 1340 habitum

119 1394 251 1453 nondum
271 1393 377 1469 habet,
409 1411 447 1452 ex
468 1391 537 1453 solis
556 1391 670 1471 legibus
700 1389 865 1467 Appetitus
887 1390 998 1452 summo
1016 1391 1082 1467 jure
1104 1391 1200 1468 vivit,
1220 1411 1306 1469 quarn

119 1505 185 1581 ille,
216 1505 266 1583 qui
299 1525 337 1566 ex
366 1505 481 1586 legibus
512 1505 651 1567 Rationis
682 1503 774 1568 vitam
803 1504 881 1565 suam
910 1503 1018 1583 dirigit.
1050 1505 1118 1566 Hoc
1146 1503 1308 1582 est,s1cuti

118 1615 233 1694 sapiens
259 1617 311 1696 jus
341 1618 482 1680 summum
512 1617 602 1679 habet
633 1619 670 1679 ad
702 1615 817 1692 omnia,
848 1635 913 1693 quae
942 1615 1035 1679 Ratio
1063 1616 1153 1679 distat
1159 1663 1169 1694 ,
1190 1616 1249 1680 live
1270 1636 1308 1678 ex

118 1729 233 1808 legibus
260 1731 399 1793 Rationis
426 1730 565 1807 vivendi3
592 1730 630 1792 src
652 1730 740 1791 etiam
761 1729 877 1809 ignarus
898 1743 928 1790 et
949 1728 1037 1790 animi
1063 1729 1210 1804 impotens
1230 1731 1306 1790 sunr-

118 1860 197 1903 mum
224 1841 275 1918 jus
304 1843 395 1903 lrabet
425 1845 462 1905 ad
492 1843 605 1919 omnia,
637 1862 704 1920 quae
728 1842 894 1918 Appetitus
915 1841 1033 1918 suadet,
1054 1841 1112 1904 live
1135 1861 1172 1902 ex
1193 1841 1306 1920 legibus

118 1954 284 2030 Appetitur
303 1955 435 2020 vivendi.
465 1957 567 2033 Atque
594 1957 653 2017 hoc
683 1955 760 2017 idern
792 1955 845 2031 est,
878 1957 960 2032 quod
992 1954 1098 2016 Paulus
1126 1957 1232 2029 docet,
1253 1953 1304 2030 qui

121 2082 189 2128 ante
220 2069 328 2146 legem,
358 2068 417 2129 hoc
448 2067 506 2145 est,
537 2067 678 2144 quamdiu
706 2067 840 2128 homines
862 2086 900 2128 ex
919 2069 1040 2128 Naturae
1063 2065 1184 2143 imperio
1205 2065 1306 2128 vivere

120 2178 356 2255 considerantur,
375 2180 485 2241 nullum
505 2195 659 2254 peccatum
679 2177 821 2258 agnoscit.

119 2358 123 2366 ,
160 2294 214 2373 Jus
233 2291 335 2370 itaque
354 2293 495 2353 Naturale
522 2291 751 2369 uniuscujusque
771 2291 898 2354 hominis
918 2311 980 2354 non
1000 2292 1068 2354 sana
1089 2293 1237 2370 Ratione,
1257 2294 1307 2356 sed

121 2404 284 2481 cupiditate
316 2418 346 2465 et
376 2405 514 2482 potentia
544 2405 762 2467 determinatur.
803 2407 874 2467 Non
907 2405 983 2467 enim
1016 2424 1117 2468 omnes
1138 2407 1307 2469 naturaliter

121 2516 306 2579 determinati
325 2516 394 2579 sunt
414 2520 451 2579 ad
478 2520 658 2593 operandum
686 2518 845 2581 secundum
867 2522 980 2598 regulas
1001 2535 1031 2580 et
1051 2521 1130 2599 leges
1151 2522 1307 2596 Rationis;

121 2628 170 2689 scd
200 2642 305 2689 contra
335 2646 437 2689 omnes
467 2627 558 2707 ignari
590 2628 719 2690 omnium
755 2646 848 2690 rerum
884 2628 1057 2705 nascuntur,
1079 2644 1129 2704 et,
1151 2646 1305 2707 antequam
1375 2666 1377 2670 ·

120 2759 217 2803 veram
248 2740 370 2805 vivendi
400 2740 543 2801 rationem
575 2740 696 2802 noscere
718 2740 838 2817 possunt
859 2756 889 2801 et
911 2740 1031 2801 virtutis
1051 2740 1184 2803 habitum
1205 2742 1305 2818 acqui-

120 2870 198 2929 rere,
218 2870 322 2933 magna
343 2851 439 2913 aetatis
466 2870 550 2929 pars,
578 2852 630 2913 etst
657 2855 732 2914 bene
755 2852 872 2914 educati
893 2852 1021 2927 fuerint,
1042 2852 1158 2929 transit;
1179 2868 1210 2914 et
1231 2852 1306 2914 nihi·

120 2966 246 3027 lominus
272 2965 388 3027 interim
415 2965 517 3029 vivere
546 2981 700 3043 tenentur,
721 2965 827 3043 seque,
849 2982 990 3043 quantum
1011 2966 1041 3025 in
1062 2965 1091 3026 se
1113 2966 1169 3042 est,
1190 2966 1306 3029 conser-

119 3096 205 3155 vare,
237 3096 342 3155 nempe
372 3096 410 3138 cx
437 3078 500 3139 solo
522 3078 686 3155 Appetitus
706 3076 848 3153 impulsu;
878 3076 1117 3154 quandoquidem
1137 3078 1250 3137 Natura
1271 3075 1306 3137 iis

119 3189 191 3251 nihil
223 3188 302 3252 aliud
333 3188 432 3266 dedit,
462 3206 493 3250 et
522 3192 662 3252 aslualem
694 3188 858 3266 potentiam
890 3208 927 3249 ex
958 3187 1025 3249 sana
1050 3188 1164 3249 ratione
1185 3188 1307 3252 vivendi

119 3302 293 3382 denegavit3
324 3318 355 3362 et
384 3316 542 3379 propterea
573 3320 634 3363 non
664 3302 756 3381 magis
787 3300 959 3381 exlegibus
981 3302 1056 3363 sane
1078 3302 1184 3363 mentis
1205 3302 1307 3366 vivere

119 3430 273 3492 tenentur,
305 3433 391 3491 quam
423 3414 489 3475 felia
517 3433 554 3475 cx
581 3415 696 3494 legibus
723 3431 836 3476 naturae
857 3414 992 3475 leonina.
1034 3414 1185 3497 Quicquid
1207 3416 1306 3491 itaque

120 3526 335 3605 unusquisque,
366 3526 417 3604 qui
448 3528 500 3589 sub
531 3525 594 3588 solo
625 3529 746 3589 Naturae
769 3527 890 3603 imperio
913 3526 1126 3605 consideratur,
1145 3527 1197 3588 fibi
1218 3528 1308 3604 utile,

119 3642 168 3702 vel
178 3642 269 3702 doeio
289 3639 363 3701 sanae
384 3639 523 3701 Rationis
540 3642 589 3702 vel
609 3658 647 3701 ex
666 3640 835 3702 Affestuum
857 3640 985 3716 impetu,
1002 3640 1134 3716 judicat,
1155 3640 1185 3702 id
1196 3641 1306 3702 summo

118 3751 240 3810 Naturae
270 3750 340 3829 Jure
372 3763 526 3825 appetere,
558 3765 589 3810 et
619 3767 796 3827 quacunque
825 3748 957 3826 ratione,
988 3748 1048 3813 srve
1068 3749 1117 3827 vi,
1137 3749 1197 3813 srvc
1218 3753 1307 3827 dolo,

118 3860 178 3923 five
207 3860 345 3937 precibus
351 3906 361 3938 ,
393 3860 452 3925 srve
483 3880 662 3939 quocunque
694 3865 809 3924 demurn
841 3865 930 3924 modo
962 3862 1077 3925 facilius
1106 3862 1232 3941 poterit,
1254 3862 1305 3939 ipsi

119 3992 222 4050 capere
253 3972 339 4049 licet;
370 3988 401 4033 et
431 3973 646 4051 consequenter
675 3992 730 4049 pro
760 3974 842 4035 hoste
861 3973 967 4035 habere
989 3993 1074 4051 eurn,
1094 3974 1145 4051 qui
1166 3976 1306 4052 impedire

118 4084 200 4161 vult,
220 4082 379 4161 quominus
399 4082 525 4144 animum
547 4085 664 4158 expleat
685 4082 776 4145 suurn.

157 4199 206 4259 Ex
236 4196 345 4275 quibus
376 4196 525 4273 sequitur,
555 4199 609 4278 Jus
636 4212 667 4258 et
695 4197 863 4259 Institutum
885 4200 1025 4275 Naturae,
1046 4198 1097 4259 sub
1120 4218 1180 4276 quo
1204 4218 1305 4261 omnes

118 4309 292 4385 nascuntur,
314 4325 344 4371 et
365 4308 488 4373 maxima
510 4328 547 4371 ex
569 4326 651 4389 parte
673 4309 801 4389 vivunt,
829 4310 917 4388 nihil,
939 4309 990 4372 nisr
1012 4313 1094 4388 quod
1115 4330 1200 4373 nemo
1222 4311 1305 4395 cupit
