2934 4900
215 322 274 399 544
688 304 925 375 Tractatur

212 492 279 554 illos
306 506 374 553 toto
403 492 477 551 coelo
505 490 749 568 errare,ex1'am
770 489 855 552 diuis
881 490 1004 551 constat
1035 491 1111 552 Nam
1130 505 1225 552 utram
1245 489 1395 567 sequamur

213 603 401 679 sententiam,
431 604 479 665 vel
510 602 669 664 Rationem
701 604 749 667 vel
778 601 956 678 Scriptorum
986 618 1170 678 corrumpere
1200 600 1315 663 necesse
1345 602 1394 663 esh

214 716 398 778 Ostendimus
425 715 517 791 enim,
545 714 722 792 Scriptorum
749 732 811 776 non
831 732 877 778 res
898 714 1132 793 philosophicas,
1152 714 1203 777 sed
1222 715 1312 775 solam
1333 716 1394 792 pie·

212 844 303 891 tatem
330 832 452 907 docere,
480 844 512 889 et
539 827 655 905 omnia,
681 846 747 905 quae
768 827 798 889 in
819 830 920 890 eadem
940 827 1147 905 continentur,
1167 829 1205 888 ad
1225 842 1345 903 captum
1365 844 1394 887 et

211 956 431 1019 praeconceptae
458 939 615 1018 opiniones
643 940 724 1020 vulgi
749 938 833 1002 soille
853 941 1082 1001 accommodata.
1113 939 1174 1020 Qui
1194 938 1285 1018 igitur
1305 938 1393 1016 ipsam

211 1057 248 1116 ad
274 1052 489 1129 Philosophiam
517 1054 737 1114 accommodare
763 1052 847 1128 tuh,
872 1051 899 1112 ie
924 1049 992 1113 sane
1018 1050 1174 1128 Prophetis
1195 1052 1307 1127 multa,
1328 1069 1393 1127 qua

211 1185 247 1228 ne
279 1184 331 1243 per
360 1165 502 1227 somnium
523 1165 538 1200 *
559 1163 747 1244 cogitarunt,
769 1163 904 1243 affinget,
925 1178 956 1224 et
976 1180 1124 1239 perperam
1146 1180 1247 1225 eorum
1267 1178 1393 1223 mentem

210 1275 463 1353 interpretabitut;
484 1275 536 1353 qui
567 1290 664 1337 autem
694 1278 798 1337 contra
827 1275 986 1338 Rationem
1017 1289 1048 1335 et
1066 1273 1284 1350 Philosophiam
1311 1274 1395 1335 'she-

210 1390 317 1470 ologiae
355 1388 485 1451 ancillam
523 1388 612 1465 facit,
650 1388 675 1449 is
705 1388 820 1465 antiqui
858 1388 939 1467 vulgi
970 1387 1138 1465 prejudicio
1173 1402 1313 1465 tanquam
1348 1404 1394 1447 rea

210 1502 325 1566 divinas
352 1516 471 1564 tenetur
496 1500 666 1577 admittere,
686 1516 716 1562 et
736 1499 837 1563 iisdem
857 1514 984 1561 mentem
1004 1517 1149 1577 occupare
1169 1513 1201 1560 et
1228 1500 1394 1560 obcaecare.

209 1616 356 1692 Adeoque
376 1629 516 1691 uterque,
537 1612 585 1673 hic
612 1611 721 1673 sedicet
738 1611 797 1672 stne
818 1611 965 1686 Ratione,
991 1611 1041 1671 ille
1060 1628 1134 1675 vero
1153 1628 1220 1671 cum
1241 1610 1394 1685 Ratione,

211 1725 344 1787 insaniet.
385 1724 514 1801 Primus,
551 1724 602 1802 qui
633 1723 709 1785 inter
745 1722 906 1785 Pharisaeos
936 1738 1037 1800 aperte
1066 1722 1183 1801 statuit,
1213 1722 1394 1800 Scripurram

209 1836 333 1900 Rationi
362 1836 417 1898 esse
445 1837 738 1912 accommodandam,
764 1834 824 1896 suit
850 1834 1048 1897 Maimonider
1067 1834 1167 1915 (cujus
1188 1835 1308 1912 quidem
1327 1834 1393 1896 sen·

209 1950 332 2012 tentiam
352 1948 426 2025 Cap.
448 1964 478 2025 7.
498 1947 694 2010 recensuimus
700 1992 710 2025 ,
738 1945 894 2025 multisque
915 1946 1093 2026 argumentis
1114 1946 1339 2025 refutavimus);
1359 1962 1393 2007 et

210 2062 343 2140 quamvis
353 2061 401 2123 hic
413 2061 520 2123 author
539 2078 650 2139 magnae
670 2058 748 2121 inter
767 2078 820 2121 eoa
840 2059 930 2121 suerit
949 2058 1156 2135 authoritatis,
1173 2075 1274 2120 eorum
1291 2072 1394 2119 tamen

209 2174 331 2235 mamma
359 2192 425 2250 pars
452 2172 508 2233 hac
535 2172 565 2234 in
593 2191 623 2234 re
651 2172 687 2233 ab
716 2190 754 2234 eo
774 2173 903 2249 recedit,
923 2188 954 2234 et
975 2172 1101 2249 pedibua
1120 2172 1145 2232 it
1164 2170 1194 2231 in
1216 2169 1393 2231 sententiam

207 2284 355 2362 cujusdam
376 2287 414 2346 R.
425 2284 546 2366 Jehudae
557 2284 717 2361 Alpalthar,
739 2284 790 2361 qui
811 2302 936 2345 errorem
953 2282 1247 2347 Maimonidiavitare
1265 2282 1394 2359 cupiens

206 2396 236 2458 in
258 2398 377 2458 alterum
399 2395 427 2457 ei
447 2395 625 2459 contrarium
652 2396 767 2460 incidit.
808 2395 920 2458 Statuit
946 2396 1057 2458 scilicet
1079 2398 1103 2474 ¹,
1125 2394 1285 2458 Rationem
1312 2394 1392 2457 Scri·

206 2525 298 2586 ptura
326 2509 452 2571 ancillari
479 2511 603 2586 debere,
631 2509 717 2588 eique
743 2510 861 2587 prorsus
881 2509 1029 2586 submitti;
1054 2527 1109 2570 nec
1129 2508 1239 2586 aliquid
1259 2509 1292 2569 in
1312 2509 1392 2570 Scri·

205 2637 292 2699 ptura
312 2637 468 2698 propterea
489 2621 687 2699 metaphorice
708 2622 913 2699 explicandum
933 2621 1036 2699 sensit,
1056 2624 1139 2700 quod
1158 2620 1278 2684 literalis
1288 2621 1393 2682 sensus

205 2733 344 2812 Rationi,
368 2733 418 2796 sed
438 2747 553 2796 tantum
574 2733 644 2812 quia
664 2732 717 2810 ipsa
738 2733 909 2812 Scriptura,
929 2733 988 2798 hoc
1008 2735 1050 2796 est
1069 2734 1153 2796 clarit
1173 2733 1238 2811 ejus
1267 2736 1393 2813 dogma·

204 2845 301 2923 tibus,
321 2861 473 2925 repugnat.
495 2847 596 2922 Atque
616 2844 685 2906 hinc
705 2845 781 2907 hanc
802 2846 992 2910 universalem
1011 2848 1139 2926 regulam
1159 2847 1282 2924 format,
1302 2846 1393 2910 vide·

206 2957 292 3036 licet,
315 2956 456 3036 quicquid
477 2956 624 3032 Scriptura
645 2959 810 3037 dogmatice
831 2960 964 3022 docet*
983 2975 1015 3021 et
1036 2961 1171 3036 expressit
1190 2959 1290 3023 verbis
1313 2961 1394 3021 affir—

205 3086 278 3148 mat,
289 3069 319 3133 id
329 3089 367 3131 ex
382 3069 442 3131 sola
459 3069 523 3146 ejus
539 3069 719 3132 authoritate
737 3087 875 3150 tanquam
893 3091 992 3135 verum
1010 3071 1142 3135 absolute
1159 3071 1395 3148 admittendum

204 3202 258 3245 nec
278 3185 367 3246 ullum
388 3182 467 3246 aliud
484 3185 589 3262 dogma
607 3183 638 3244 in
654 3183 757 3246 Bibliis
775 3184 947 3262 reperietur,
964 3187 1047 3262 quod
1063 3185 1092 3246 ei
1103 3185 1209 3247 direste
1225 3201 1395 3264 repugnet,

203 3294 253 3357 sed
274 3310 387 3358 tantum
405 3313 456 3372 per
473 3295 725 3374 consequentiam
747 3297 816 3374 quia
836 3296 946 3360 scilicet
967 3297 1047 3359 modi
1066 3296 1208 3375 loquendi
1227 3296 1394 3373 Scriptura

203 3408 279 3484 saepe
299 3407 440 3472 videntur
460 3407 623 3484 supponere
646 3409 757 3487 aliquid
777 3409 1102 3487 contrariumei,quod
1122 3407 1250 3485 expresse
1272 3409 1393 3471 docuit:

203 3536 233 3582 et
255 3534 411 3597 propterea
441 3534 555 3581 tanturn
587 3522 687 3582 eadem
718 3522 783 3582 loca
813 3521 1012 3597 metaphorice
1043 3519 1225 3596 explicanda.
1266 3519 1328 3582 Ex.
1349 3539 1392 3600 gr.

202 3631 348 3708 Scriptura
370 3632 445 3692 clare
467 3633 572 3706 docet,
593 3633 688 3693 Deum
709 3629 765 3692 elle
787 3631 904 3692 unicum
925 3632 1010 3712 (vide
1030 3633 1121 3694 Deut.
1142 3650 1206 3708 cap.
1225 3633 1257 3692 6.
1278 3632 1326 3694 vs.
1336 3634 1393 3712 4.),

202 3761 256 3804 nec
284 3741 367 3804 ullibi
396 3741 470 3804 alius
497 3743 581 3804 locus
609 3742 751 3818 reperitur
777 3742 885 3806 direde
906 3743 1064 3820 affirmans,
1084 3743 1146 3804 dari
1166 3743 1267 3819 plures
1287 3744 1392 3817 Deos;

201 3872 231 3918 at
260 3857 377 3934 quidem
406 3857 489 3932 plura
516 3853 568 3918 ubi
595 3856 677 3917 Deus
705 3857 742 3917 de
769 3855 816 3934 se,
840 3872 872 3917 et
891 3855 1046 3932 Prophetae
1066 3858 1104 3917 de
1123 3856 1209 3932 Deo,
1229 3853 1262 3916 in
1283 3855 1393 3932 plurali

235 4077 249 4110 *
283 4073 414 4140 utsupra
430 4091 457 4140 p.
473 4088 516 4140 70.
532 4089 592 4128 ann.

238 4162 246 4186 ¹
285 4159 337 4207 NB.
361 4157 467 4208 Memini
493 4173 533 4209 me
559 4160 612 4210 haec
638 4157 699 4210 olim
725 4157 808 4226 legisse
831 4158 858 4209 in
881 4157 993 4222 Epistola
1009 4170 1098 4210 contra
1114 4156 1319 4220 hstimonidem,
1333 4171 1391 4221 qux

202 4233 269 4286 inter
286 4235 425 4300 Epistolas,
441 4253 498 4301 quat
517 4239 680 4292 Maimonldia
696 4239 830 4304 dicuntur,
846 4243 960 4292 habetur.

236 4318 264 4350 ”
299 4315 340 4370 ef.
357 4321 453 4370 Annot.
470 4321 591 4374 xxv111.
