2934 4900
353 928 1052 1048 TRACTATU'S

178 1290 1209 1401 THEOLOGICO·POLITICI

576 1808 755 1871 CAPUT
796 1810 819 1869 1.

529 1956 585 2017 De
614 1953 863 2032 Prophetia.

164 2123 299 2200 rophetia
328 2123 388 2187 srve
420 2124 579 2187 Revelatio
611 2124 651 2185 est
681 2124 722 2185 rei
755 2123 878 2201 alicuius
910 2140 990 2185 certa
1021 2126 1154 2205 cognitio
1183 2128 1285 2188 aDeo

163 2229 332 2291 hominibus
359 2230 496 2293 revelata.
537 2230 685 2306 Propheta
710 2244 807 2291 autem
828 2229 853 2290 is
875 2229 933 2305 est,
953 2229 1004 2307 qui
1025 2230 1081 2291 Dei
1102 2232 1228 2294 revelata
1251 2230 1286 2292 iis

103 2345 321 2420 interpretatur,
342 2342 394 2418 qui
414 2344 612 2403 rerumaDeo
633 2342 824 2405 revelatorum
842 2356 948 2403 certam
968 2340 1169 2423 cognitionem
1180 2343 1286 2403 habere

102 2471 274 2534 nequeunt,
296 2455 406 2532 quique
428 2457 502 2516 adeo
523 2472 600 2516 mera
620 2455 676 2516 lide
699 2472 744 2514 res
765 2456 907 2516 revelatas
927 2455 1061 2530 amplesii
1082 2470 1195 2517 tantum
1218 2456 1284 2532 pos-

103 2570 181 2631 sunt.
221 2568 369 2645 Propheta
400 2565 476 2628 enim
507 2570 586 2643 apud
617 2568 759 2628 Hebraeos
792 2583 916 2630 vocatur
946 2585 1020 2640 ιω
1052 2569 1122 2629 nabi
1142 2569 1168 2644 *,
1195 2567 1285 2629 idest

103 2700 203 2744 orator
224 2698 253 2744 et
274 2682 434 2759 interpres3
456 2698 485 2744 at
506 2681 536 2742 in
557 2681 706 2759 Scriptura
733 2682 844 2759 semper
871 2681 1024 2760 usurpatur
1044 2703 1097 2760 pro
1118 2683 1175 2746 Dei
1195 2685 1284 2746 inter-

101 2810 202 2872 prete,
230 2809 263 2856 ut
291 2812 328 2855 ex
357 2813 421 2870 cap.
444 2809 471 2870 7.
493 2795 535 2857 vs.
560 2811 585 2855 1.
606 2794 706 2856 Exodi
735 2794 898 2876 colligitur,
926 2796 977 2857 ubi
997 2799 1079 2858 Deus
1100 2795 1176 2857 Most
1197 2796 1286 2872 dicit,

103 2911 176 2970 Ecce
202 2923 229 2968 te
255 2909 387 2988 constituo
412 2909 505 2970 Deam
532 2907 714 2985 Pharaonis,
741 2922 769 2968 ct
797 2907 919 2968 Aharon
939 2923 1005 2968 raas
1018 2909 1124 2985 frater
1143 2912 1201 2968 ersa
1220 2921 1285 2968 aaut

103 3008 262 3101 Propheta.
303 3020 391 3102 Quasi
422 3019 550 3096 diceret,
580 3019 728 3103 Quoniam
761 3022 902 3098 Aharon,
923 3039 975 3098 ea,
996 3040 1061 3098 quae
1083 3022 1284 3098 tuloqueris,

102 3131 246 3193 Pharaoni
268 3131 505 3208 interpretando,
526 3131 677 3208 personam
699 3133 759 3211 agit
781 3133 949 3209 prophetae,
972 3133 1026 3196 cris
1047 3148 1080 3195 tu
1100 3133 1190 3214 igitur
1207 3135 1286 3212 quast

103 3247 185 3306 Deus
206 3243 381 3320 Pharaonis,
401 3244 461 3306 stve
483 3243 534 3320 qui
557 3243 650 3306 vicem
672 3244 727 3305 Dei
750 3245 819 3324 agit.
1249 3221 1268 3254 ⁸

142 3359 189 3418 De
220 3356 375 3433 Prophetis
406 3356 437 3417 in
468 3355 608 3433 sequente
640 3355 756 3432 capite,
787 3356 834 3418 hic
856 3359 892 3418 de
914 3357 1072 3434 Prophetia
1093 3376 1226 3438 agemus3
1248 3378 1285 3420 ex

102 3469 188 3546 cujus
215 3468 276 3546 jam
306 3469 412 3530 tradita
445 3467 616 3530 definitione
648 3468 795 3545 sequitur,
816 3467 1015 3548 cognitionem
1036 3471 1194 3532 naturalem
1215 3471 1285 3532 Pro·

103 3581 233 3658 phetiam
254 3580 354 3643 vocari
375 3579 466 3657 posse.
507 3582 582 3640 Nam
605 3597 654 3656 ea,
675 3598 740 3656 quae
763 3580 885 3642 Lumine
907 3581 1040 3642 Naturali
1067 3580 1285 3660 cognoscimus,
1321 3559 1323 3563 Ι

104 3693 202 3754 asola
229 3693 285 3753 Dei
314 3692 485 3772 cognitione
515 3691 634 3770 eiusque
663 3691 777 3753 aetemis
799 3693 923 3754 decretis
943 3695 1120 3770 dependent.
1160 3694 1286 3770 Verum,

104 3806 172 3883 quia
192 3807 254 3866 haec
277 3805 409 3884 cognitio
432 3803 571 3866 naturalis
592 3805 729 3867 omnibus
749 3805 917 3866 hominibus
938 3803 1283 3882 communisest3depeu-

103 3921 153 3979 det
185 3917 260 3979 enim
293 3937 309 3978 a
336 3917 534 3978 fundamentis
565 3917 702 3978 omnibus
732 3917 900 3980 hominibus
931 3915 1149 3993 communibus;
1179 3916 1284 3982 ideoa

103 4031 215 4108 vulgo,
245 4031 281 4090 ad
312 4047 373 4088 rara
405 4028 514 4105 semper
545 4045 575 4090 et
597 4047 612 4088 a
635 4029 685 4090 sua
718 4045 819 4090 natura
851 4029 942 4090 aliena
965 4030 1133 4106 anhelante,
1155 4046 1184 4092 et
1206 4035 1283 4093 dona

103 4141 243 4202 naturalia
265 4141 432 4216 spernente,
453 4159 512 4200 non
534 4141 610 4201 tanti
632 4140 799 4216 aestimatum
819 4158 849 4201 et
867 4157 1035 4218 propterea,
1055 4141 1104 4202 ubi
1126 4144 1161 4204 de
1183 4143 1282 4222 cogni·

141 4342 151 4369 '
185 4338 228 4392 cf.
245 4338 386 4390 Arrnotatio
404 4341 425 4390 1.
