2934 4900
204 324 264 405 434
680 306 922 385 Trecentos

202 513 318 564 tantum
348 500 505 578 instituta,
535 515 567 561 et
597 516 697 561 eorum
728 500 851 577 irnperio
884 500 925 561 ita
957 502 1186 562 accommodata
1209 498 1347 575 fuerint,
1369 514 1404 559 ut

202 612 326 675 maxima
353 631 390 673 ex
418 630 500 689 parte
528 614 565 673 ab
593 611 727 675 universa
757 611 918 688 societate,
947 631 1008 673 non
1030 628 1128 674 autem
1149 613 1185 673 ab
1209 630 1403 689 unoquoque

203 726 333 787 exerceri
353 724 523 802 potuerint;
545 740 656 787 certum
677 726 735 801 esi,
757 744 805 787 eas
827 729 863 788 nd
885 727 980 805 legem
1001 724 1134 789 divinam
1155 744 1216 788 non
1233 725 1405 803 pertinere,

202 841 338 915 adeoque
366 856 422 899 nec
448 837 537 900 etiam
557 840 596 899 ad
616 837 830 899 beatitudinem
854 852 885 900 et
906 836 1047 901 virtutem
1078 838 1190 915 aliquid
1211 838 1329 914 sacere;
1353 839 1405 900 sed

202 968 253 1013 ear
280 950 369 1012 solam
399 952 590 1013 Hebraeorum
619 948 810 1027 eleeiionem,
837 952 895 1013 hoc
924 952 965 1013 esl
992 951 1059 1029 (pet
1087 970 1136 1028 ea,
1165 970 1231 1029 quae
1252 952 1282 1013 in
1306 953 1404 1013 tertio

203 1062 278 1138 Cap.
299 1062 492 1142 ostendimur)
519 1063 608 1125 solam
630 1064 765 1141 corporis
794 1080 1012 1141 temporaneam
1041 1064 1211 1127 felicitatem
1232 1080 1262 1129 et
1283 1065 1405 1142 imperii

203 1174 460 1251 tranquillitatem,
480 1174 639 1252 respicere,
660 1192 878 1254 proptereaque
900 1176 1014 1238 nonnifi
1035 1177 1128 1240 stante
1149 1196 1249 1239 eorum
1273 1176 1403 1255 imperio

203 1285 290 1348 ulliua
311 1287 380 1349 usus
401 1285 457 1349 esse
476 1286 616 1364 potuisse.
637 1287 666 1348 si
690 1306 733 1349 eae
755 1288 845 1368 igitur
865 1288 895 1349 in
917 1290 1027 1351 Vetere
1047 1288 1237 1351 Testamento
1249 1292 1286 1351 ad
1301 1292 1402 1370 legem

202 1400 260 1461 Dei
285 1402 448 1463 reserantur
464 1402 490 1477 *,
517 1400 549 1462 id
575 1416 732 1478 propterea
762 1416 876 1463 tantum
898 1402 973 1478 fuit,
995 1400 1063 1479 quia
1085 1420 1124 1465 ex
1143 1403 1326 1465 revelatione
1348 1406 1403 1463 vel

202 1528 239 1571 ex
260 1509 457 1572 fundamentis
477 1509 616 1572 revelatio
638 1510 778 1573 instituta
802 1513 932 1572 fuerunt.
959 1514 1069 1573 Verum
1091 1512 1160 1590 quia
1180 1512 1258 1574 ratio
1279 1510 1399 1575 tametsi

202 1622 363 1687 solidissima
391 1627 471 1701 apud
496 1640 665 1686 communes
693 1624 870 1703 Theologos
897 1642 958 1686 non
980 1626 1103 1687 multum
1125 1626 1222 1702 valet,
1241 1626 1324 1685 lubet
1346 1624 1400 1685 hic

203 1736 282 1814 hec,
308 1754 374 1814 que
399 1740 490 1799 modo
516 1736 891 1813 ostendimursscriptutae
912 1736 999 1798 etiam
1021 1738 1182 1799 autoritate
1203 1736 1397 1813 confirmare3

203 1865 234 1909 et
255 1848 361 1911 deinde
381 1852 420 1911 ael
439 1848 575 1926 majorem
597 1848 836 1927 perspicuitatem
859 1850 1027 1926 ostendere,
1049 1868 1108 1927 qua
1128 1850 1243 1912 radone
1263 1865 1294 1911 et
1316 1867 1396 1925 quo-

203 1964 293 2024 modo
314 1963 494 2025 caeremonia
515 1965 553 2025 ad
573 1962 725 2041 imperium
747 1966 916 2045 Judaeotunt
939 1962 1141 2025 stabiliendum
1163 1977 1193 2023 et
1215 1960 1394 2023 conservan-
1447 1938 1448 1987 ἦ

202 2076 272 2137 dunt
292 2073 499 2138 inserviebant.
539 2074 639 2137 Esaiae
660 2074 732 2136 nihil
754 2074 859 2138 clarius
881 2078 987 2151 docet,
1011 2092 1097 2152 quam
1119 2075 1201 2151 quod
1221 2074 1270 2133 lex
1291 2070 1394 2134 divina

202 2186 336 2249 absolute
356 2185 470 2263 sumpta
492 2186 635 2265 significet
655 2185 835 2266 illamlegem
847 2186 1134 2263 universalemque
1147 2186 1176 2247 in
1188 2202 1256 2248 vera
1268 2184 1394 2248 vivendi

201 2298 317 2359 ratione
349 2296 493 2377 consistit,
524 2318 585 2360 non
618 2315 715 2361 autem
747 2298 951 2376 caeremonina;
983 2297 1082 2375 capite
1115 2296 1191 2359 enim
1225 2312 1249 2357 1.
1279 2296 1321 2359 vs.
1344 2312 1392 2356 10.

201 2410 349 2487 Propheta
376 2426 493 2490 gentem
521 2411 600 2473 suam
627 2426 719 2476 vocat
749 2415 785 2476 ad
806 2414 916 2492 Legem
937 2410 1066 2476 divinam
1088 2428 1125 2472 ex
1148 2410 1176 2472 se
1198 2387 1393 2484 audiendam,

201 2541 240 2584 ex
261 2541 319 2603 qua
348 2523 429 2601 priua
457 2525 554 2586 omnia
583 2524 789 2588 sacrificiorum
817 2545 922 2606 genera
950 2524 1091 2601 secludit,
1119 2541 1149 2586 et
1177 2521 1275 2585 omnia
1303 2521 1392 2597 festa,

201 2651 232 2698 et
262 2638 380 2698 tandem
408 2639 501 2716 legem
529 2637 619 2713 ipsam
648 2641 740 2700 docet
761 2637 844 2716 (vide
865 2637 908 2701 vs.
934 2640 987 2714 16,
1011 2637 1090 2716 tp),
1111 2653 1201 2713 atque
1221 2633 1267 2696 his
1289 2633 1392 2712 paucis

201 2747 440 2825 comprehendit,
460 2743 565 2826 nempe
587 2748 617 2810 in
640 2749 847 2826 purificatione
868 2749 974 2826 animi,
995 2764 1026 2811 et
1046 2747 1166 2812 virtutis
1177 2745 1236 2812 stve
1247 2749 1389 2808 bonarum

201 2859 349 2922 astionem
377 2861 431 2924 usu
459 2861 511 2924 seu
538 2861 660 2939 habitu,
687 2878 719 2924 et
746 2862 873 2941 denique
894 2863 978 2939 inopi
999 2861 1294 2924 auxiliumserendo.
1324 2859 1389 2921 Nec

200 2972 296 3034 minua
326 2976 507 3037 luculentum
538 2975 736 3038 testinnonium
767 2975 809 3037 est
839 2974 911 3036 illud
945 2973 1047 3036 Psalmi
1067 2994 1117 3054 40.
1148 2973 1190 3036 vs.
1220 2987 1248 3050 7,
1269 2991 1316 3050 9.;
1340 2971 1388 3033 hic

201 3084 277 3147 enim
308 3085 419 3148 Psaltea
448 3088 545 3149 Deum
575 3087 737 3165 alloquitur
777 3103 859 3161 nl'l)
889 3103 979 3162 n’llll
1006 3100 1104 3161 nuent
1133 3075 1177 3159 li)
1200 3099 1305 3158 linum
1328 3101 1387 3157 llll

201 3218 326 3296 qnntnt
363 3219 474 3279 tnaen
505 3193 590 3278 aba
623 3220 721 3303 prat
755 3192 1000 3282 annotatae
1033 3191 1077 3277 κ’)
1111 3189 1386 3280 attentatae

200 3335 260 3398 tm
283 3336 368 3419 'pm
389 3321 571 3401 sacrificium
591 3337 619 3383 et
638 3341 739 3382 munus
759 3341 813 3382 non
833 3322 962 3401 volasti,
988 3322 999 3360 ¹
1024 3340 1112 3382 aures
1133 3318 1205 3380 mila·
1220 3317 1339 3399 perfodi
1361 3322 1386 3394 l,

200 3435 386 3518 hohcaustum
412 3451 441 3498 er
462 3442 575 3519 peccati
604 3438 773 3499 oblationem
803 3459 857 3498 non
880 3440 1008 3519 petitsti;
1031 3451 1110 3498 ruam
1130 3438 1303 3498 voluntatem
1323 3455 1385 3495 exe-

200 3555 266 3629 qui,
286 3556 327 3612 mi
346 3553 442 3628 Deus,
462 3553 557 3625 volui‚·
578 3571 644 3612 nam
664 3554 712 3613 kx
733 3566 787 3614 tua
807 3553 844 3631 est
863 3556 895 3612 a'n
915 3556 983 3612 meis
1003 3551 1173 3630 vr'scerr'bus.
1213 3551 1313 3612 Vocat
1332 3549 1384 3628 igi-

200 3681 249 3726 tur
278 3665 355 3726 illam
385 3681 500 3726 tantum
530 3666 624 3744 legent
655 3665 730 3742 Dei,
762 3684 828 3743 quae
857 3665 1017 3727 visceribus
1024 3709 1034 3742 ‚
1055 3665 1103 3726 vel
1123 3661 1228 3739 menti,
1250 3661 1384 3738 inscripta

199 3777 257 3855 est,
278 3794 308 3838 et
329 3779 366 3838 ab
386 3796 420 3838 ea
441 3777 629 3840 caeremonias
650 3777 790 3854 secludit;
812 3797 877 3838 nam
899 3797 940 3838 eae
962 3796 999 3838 ex
1019 3776 1083 3837 solo
1100 3776 1253 3852 instituto,
1275 3789 1305 3835 et
1327 3793 1382 3834 non

201 3909 239 3950 ex
267 3905 368 3952 natura
396 3891 464 3952 sunt
492 3893 599 3966 bonae,
627 3893 762 3969 adeoque
792 3910 887 3968 neque
915 3890 1063 3952 mentibus
1084 3888 1239 3967 inseriptae.
1281 3887 1384 3948 Praeter

200 4001 263 4062 haec
292 4002 347 4064 alia
375 4003 470 4065 adhuc
498 4003 528 4064 in
556 4003 706 4080 Scriptura
738 4001 939 4080 reperiuntur,
968 4021 1033 4081 quae
1062 4001 1138 4063 idem
1159 4000 1316 4078 testantur,
1337 3999 1382 4062 sed

233 4241 247 4272 *
282 4241 418 4293 Cameren:
434 4239 631 4306 reserebantur.

238 4342 247 4370 ¹
285 4339 329 4392 llll
347 4339 440 4406 phrasis
457 4341 489 4392 ael
506 4338 694 4408 significandum
711 4339 913 4407 perceptionem.
