2934 4900
223 301 282 386 498
603 303 606 308 '
698 296 938 363 Tractatur'

264 481 383 558 Siquis
404 495 501 540 tamen
522 491 625 556 putat,
645 495 690 538 me
719 475 768 538 hic
789 476 874 538 nimia
894 476 1068 556 generaliter
1088 496 1143 539 nec
1163 477 1233 538 satia
1255 496 1328 540 cum
1350 481 1411 540 sun·

225 597 362 656 damento
388 591 490 669 loqui,
517 590 611 667 ipsum
632 607 721 668 rogo,
742 603 776 651 ut
797 589 855 653 hoc
876 603 960 668 agat,
982 605 1014 650 et
1034 589 1122 652 nobie
1141 588 1279 652 ostendat
1300 606 1410 650 certum

223 708 348 784 aliquem
376 704 507 766 ordinem
533 703 564 764 in
590 701 669 763 hisce
695 700 838 779 historiia,
866 719 953 778 queat
980 701 1110 764 historici
1131 702 1159 762 in
1181 700 1411 779 chronologicis

223 817 281 878 stne
304 831 427 894 peccato
456 813 566 876 imatari
595 813 725 891 pollent;
753 830 784 876 et
804 817 874 876 duta
901 813 1035 875 historiar
1055 814 1267 890 interpretatur
1286 829 1322 875 et
1342 833 1409 874 con-

222 930 320 992 ciliare
342 943 481 1005 conatur,
509 926 626 1004 phrases
646 941 677 988 et
697 928 804 989 modos
829 928 988 1004 loquendi,
1009 942 1041 989 et
1062 927 1213 990 orationes
1233 928 1411 1004 disponendi

223 1059 254 1103 et
284 1038 481 1116 contexendi,
511 1041 586 1100 adeo
617 1037 711 1100 stride
742 1039 896 1115 observet,
926 1055 1016 1118 atque
1048 1039 1090 1101 ita
1121 1040 1271 1117 explicet,
1302 1057 1340 1102 ut
1362 1057 1410 1100 eos

222 1154 381 1217 secundum
402 1151 479 1214 suam
500 1150 728 1227 explicationem
748 1151 779 1212 in
799 1151 953 1214 scribendo
978 1151 1086 1214 imitati
1107 1153 1195 1214 etiam
1215 1153 1360 1228 pollimua
1380 1157 1410 1226 *;

223 1269 305 1345 quod
336 1265 356 1326 fi
388 1263 568 1341 praestiterit,
599 1281 700 1326 manus
731 1262 785 1339 ipsi
814 1263 910 1326 statim
940 1267 1019 1326 dabo
1050 1280 1081 1326 et
1110 1264 1166 1325 erit
1194 1263 1267 1324 mihi
1288 1283 1410 1343 magnus

222 1378 352 1454 Apollo;
382 1393 448 1436 nam
479 1376 591 1452 fateor,
620 1374 755 1453 quamvis
785 1375 837 1437 diu
857 1375 1055 1452 quaesiverim,
1075 1394 1120 1436 tue
1141 1375 1214 1436 nihil
1234 1391 1339 1438 tamen
1360 1395 1411 1436 un·

223 1507 311 1566 quam
340 1487 428 1549 snaile
459 1486 591 1551 invenire
621 1485 759 1564 potuisse.
799 1487 880 1569 Quin
910 1489 1006 1564 addo,
1035 1506 1081 1548 me
1110 1488 1180 1549 nibil
1201 1488 1250 1548 hic
1271 1488 1413 1562 scribere,

224 1605 306 1680 quod
327 1603 435 1664 dudum
457 1615 488 1662 et
509 1599 561 1660 diu
580 1598 753 1662 meditatum
773 1615 834 1660 non
852 1598 1018 1676 habuerim
1037 1601 1416 1676 etquanquamapuetitia

224 1715 416 1794 opinionibus
446 1715 482 1775 de
513 1711 663 1788 Scriptura
694 1712 899 1774 communibus
929 1710 1059 1773 imbutus
1089 1710 1210 1790 fuerim,
1229 1729 1293 1774 non
1315 1729 1416 1773 tamen

223 1829 312 1907 potui
330 1830 448 1889 tandem
467 1823 529 1886 haec
551 1843 611 1886 non
640 1823 804 1886 admittere.
844 1825 902 1890 Sed
923 1842 985 1885 non
1005 1824 1047 1886 est
1067 1842 1119 1886 cut
1139 1823 1215 1884 circa
1234 1824 1300 1886 hac
1323 1826 1415 1886 letio

222 1955 281 2001 tem
303 1939 355 2001 diu
376 1937 522 1999 detineam
544 1951 574 1997 et
594 1938 631 1998 ad
651 1953 710 1997 rem
731 1936 912 2012 desperatam
934 1953 1113 2013 provocem
1134 1953 1212 2011 opus
1232 1949 1336 1999 tamen
1361 1937 1417 1996 suit

222 2071 281 2114 rem
318 2051 408 2128 ipsam
447 2065 629 2125 proponere,
662 2063 695 2110 ut
725 2066 817 2109 meam
854 2064 981 2110 mentem
1012 2049 1118 2110 clarius
1147 2048 1348 2125 explicarem
1382 2051 1417 2108 ad

222 2164 333 2241 reliqua
354 2161 460 2242 igitur,
481 2179 546 2238 quae
568 2159 644 2220 circa
671 2161 820 2222 fortunam
841 2159 945 2222 horum
966 2160 1106 2222 librorum
1127 2161 1258 2222 notanda
1279 2159 1418 2237 suscepi,

221 2292 324 2355 pergo.

262 2389 338 2449 Nam
360 2383 443 2450 venit
464 2400 569 2461 praeter
589 2401 640 2461 ea,
661 2401 727 2462 quae
748 2385 837 2446 modo
858 2384 1052 2463 ostendimus,
1073 2387 1252 2461 notandum,
1274 2388 1368 2462 quod
1389 2385 1418 2445 hi

221 2500 288 2561 libri
319 2517 351 2561 ea
383 2496 533 2577 diligentia
565 2516 580 2557 a
612 2497 735 2574 posteris
767 2496 873 2561 servati
904 2514 965 2559 nou
986 2498 1112 2575 fuerint,
1133 2514 1167 2559 ut
1188 2499 1273 2559 nullae
1295 2502 1418 2560 menda

222 2609 404 2687 irrepserint3
431 2610 528 2685 plures
551 2608 627 2669 enim
648 2608 753 2671 dubias
773 2608 915 2671 leelioner
937 2609 1204 2673 animadverterunt
1224 2609 1417 2687 antiquiores

221 2720 345 2796 Scriba,
375 2734 405 2779 et
436 2732 575 2793 praetetea
606 2717 719 2795 aliquot
749 2719 815 2779 loca
846 2733 997 2797 truncata,
1028 2736 1206 2781 nontamen
1228 2720 1344 2782 omnia.
1366 2724 1418 2782 An

221 2849 318 2895 autent
350 2833 459 2893 menda
491 2830 558 2890 talis
588 2845 667 2891 notae
699 2827 771 2907 sant,
792 2845 826 2892 ut
846 2832 948 2893 leslori
969 2850 1101 2913 magnam
1121 2852 1228 2894 moram
1250 2831 1417 2911 injiciant,

222 2948 257 3007 de
280 2962 317 3005 eo
334 2943 394 3020 jam
415 2961 475 3005 non
497 2942 634 3019 disputo;
663 2946 752 3005 credo
780 2959 878 3005 tamen
906 2963 955 3006 eas
976 2944 1097 3007 levioris
1117 2944 1174 3007 esse
1194 2947 1360 3022 momenti,
1381 2947 1418 3007 iis

219 3055 320 3117 saltem
341 3055 393 3133 qui
421 3054 585 3130 Scripturas
605 3054 743 3117 liberiore
760 3056 876 3133 judicio
897 3058 1016 3136 legunt;
1036 3074 1066 3119 et
1086 3056 1144 3119 hoc
1165 3074 1246 3119 certo
1267 3058 1417 3120 affirmare

219 3168 349 3245 possum,
371 3186 415 3229 me
437 3168 543 3229 nullam
565 3167 797 3231 animadvertisse
814 3172 947 3231 mendam
953 3188 1028 3248 ,nec
1046 3169 1205 3231 lectionum
1224 3170 1416 3245 varietatem,

220 3278 295 3341 circa
317 3276 435 3340 moralia
457 3281 651 3354 documenta,
674 3297 741 3357 quae
763 3278 824 3355 ipsa
846 3280 968 3341 obscura
987 3295 1038 3341 aut
1050 3279 1138 3342 dubia
1149 3283 1270 3341 reddere
1280 3282 1415 3357 possent.

220 3396 263 3456 At
294 3392 425 3471 plerique
455 3411 508 3454 nec
529 3393 558 3454 in
588 3390 707 3470 reliquis
728 3392 850 3471 aliquod
871 3392 978 3455 vitium
998 3392 1129 3455 incidisse
1150 3396 1341 3481 concedunt,
1364 3396 1413 3457 sed

219 3506 368 3581 statuunt,
388 3506 483 3567 Deum
505 3504 638 3584 sangulari
660 3507 786 3581 quadam
806 3505 993 3583 providentia
1014 3506 1113 3567 omnia
1132 3506 1226 3567 Biblia
1235 3506 1413 3587 incorrupta

219 3615 359 3679 servasse:
387 3616 482 3679 varias
509 3632 606 3678 autem
634 3616 776 3680 lesbiones
804 3618 882 3698 signa
903 3619 1186 3696 profundillimorum
1206 3618 1413 3698 mysteriorum

220 3729 274 3791 else
294 3728 414 3805 dicunt;
435 3728 512 3791 idem
533 3732 569 3791 de
591 3728 759 3807 asterismia,
777 3729 828 3807 qui
848 3730 879 3791 in
900 3731 997 3793 medio
1023 3731 1205 3811 paragrapho
1225 3731 1274 3793 28.
1294 3732 1412 3793 haben-

219 3852 284 3916 tur,
304 3842 507 3917 contendunt3
533 3840 593 3901 imo
622 3840 652 3902 in
674 3840 743 3918 ipsis
764 3841 897 3918 apicibus
917 3842 1064 3904 literarum
1086 3860 1188 3921 magna
1209 3860 1314 3903 arcana
1336 3862 1412 3903 con·

218 3952 315 4013 tincti.
343 3953 435 4034 Quod
464 3954 529 4016 sane
557 3974 593 4016 an
623 3973 660 4015 ex
688 3955 811 4017 stultitia
839 3971 870 4017 et
898 3955 968 4017 anili
988 3956 1170 4031 devotione,
1190 3974 1227 4019 an
1248 3971 1350 4019 autera
1372 3975 1410 4017 et

218 4064 383 4145 arrogantia
411 4080 441 4127 et
469 4064 592 4141 malitia,
621 4081 655 4127 ut
681 4065 739 4127 Dei
767 4084 870 4129 arcana
898 4066 953 4128 soli
980 4066 1086 4128 habere
1113 4070 1317 4147 crederentur,
1344 4067 1410 4131 baec

251 4296 265 4328 ·
292 4293 334 4345 Ci-
351 4294 449 4345 Annot.
464 4296 561 4347 xvlu.
