2934 4900
378 312 515 389 Caput
546 312 613 371 Vll.
654 312 699 372 De
719 308 902 372 Monarchia.
1171 325 1229 386 319

47 491 225 554 senestutern
253 490 343 553 vitam
373 490 494 551 trahere.
535 488 564 549 Si
587 488 687 565 itaque
716 489 857 549 calculum
885 487 1015 548 ineamus
1036 504 1156 562 eorum,
1177 486 1228 562 qui

47 623 143 665 revera
165 623 275 665 annum
296 601 561 681 quinquagesimum
583 616 634 662 aut
654 599 856 679 sexagesimum
879 598 975 661 aetatis
996 598 1175 678 attigerunt,
1197 616 1228 661 et

46 718 186 777 rationem
216 732 356 794 praeterea
383 717 540 776 habeamus
562 714 656 792 magni
678 712 759 774 istius
780 711 908 773 Concilii
930 711 1058 787 numeri,
1079 712 1130 789 qui
1151 730 1227 788 quo-

47 829 139 889 tannis
160 828 297 908 eligitur,
319 826 500 902 videbimus,
521 826 572 889 vix
594 825 719 902 aliquem
741 843 856 900 eorum,
877 824 927 900 qui
945 843 1021 885 arma
1038 824 1151 901 serunt,
1170 824 1230 885 dari

47 940 138 1015 polle,
161 942 216 1017 qui
238 960 298 1002 non
327 958 429 1019 magna
457 940 505 1016 spe
532 953 676 1014 teneatur,
698 937 756 998 huc
778 936 930 1015 dignitatis
950 936 1120 1014 ascendere3
1142 953 1231 1014 atque

46 1055 116 1112 adeo
146 1072 254 1115 omnes
282 1053 339 1113 hoc
369 1050 496 1113 Concilii
514 1050 580 1128 jus,
604 1064 745 1127 quantum
766 1065 924 1126 poterunt,
945 1050 1113 1111 defendent.
1155 1052 1230 1110 Nam

47 1168 227 1242 notandum,
249 1167 330 1242 quod
351 1164 520 1241 corruptio,
549 1162 600 1223 nist
621 1162 762 1240 paulatim
784 1162 908 1238 irrepat,
929 1162 1013 1222 facile
1035 1161 1228 1238 praeuetitum

48 1292 74 1334 at
101 1279 172 1353 quia
201 1278 317 1339 facilius
345 1276 463 1353 concipi
490 1277 604 1353 potest,
636 1292 666 1336 er
687 1276 792 1336 minori
814 1274 924 1337 invidia
945 1276 1023 1351 fieti,
1044 1291 1078 1337 ut
1099 1294 1135 1335 ex
1157 1294 1230 1336 una-

50 1406 161 1465 quaque
192 1389 318 1466 familia,
346 1408 431 1466 quam
452 1404 485 1449 ut
507 1406 543 1449 ex
565 1388 666 1465 paucis
690 1386 785 1448 minor
805 1406 942 1448 numerus
962 1386 1102 1465 eligatur,
1123 1403 1174 1447 aut
1197 1402 1230 1447 ut

51 1518 101 1559 una
129 1517 184 1562 aut
217 1502 272 1563 alia
298 1502 478 1577 secludatur;
500 1519 568 1580 ergo
591 1502 662 1580 (per
683 1500 755 1561 Art.
779 1512 824 1574 15.
845 1500 999 1579 *proceri
1023 1500 1109 1579 Cap.)
1130 1497 1232 1558 Confi-

50 1611 193 1675 liariorum
216 1632 351 1675 numerus
372 1632 433 1675 non
454 1614 552 1691 potest
573 1615 610 1675 ad
631 1614 718 1675 alium
739 1614 879 1674 minorem
899 1612 1007 1691 redigi,
1026 1610 1079 1672 nisi
1096 1613 1177 1673 amul
1195 1613 1231 1672 ab

51 1743 83 1783 eo
103 1746 162 1788 una
185 1728 292 1804 tertia,
312 1742 432 1804 quarta,
454 1741 504 1787 aut
527 1726 629 1802 quinta
652 1744 718 1802 pars
748 1727 911 1802 auferatur;
933 1744 998 1801 quae
1019 1724 1085 1785 sane
1107 1724 1232 1785 mutatio

52 1840 205 1902 admodum
227 1858 327 1918 magna
349 1840 407 1915 est,
432 1854 463 1899 et
484 1839 698 1915 consequenter
718 1856 734 1898 a
754 1838 901 1899 communi
928 1837 1010 1913 praxi
1038 1837 1158 1898 omnino
1181 1839 1233 1897 ab·

51 1947 177 2013 horrens.
221 1952 286 2011 Nec
315 1970 395 2013 mora
423 1967 580 2028 praetetea,
600 1951 659 2014 sive
681 1950 711 2011 in
733 1950 868 2029 eligendo
888 1949 1081 2029 negligentia,
1104 1950 1232 2011 timenda

52 2058 102 2135 cll,
125 2062 197 2139 quia
219 2063 282 2124 haec
303 2065 339 2123 ab
361 2063 425 2139 ipso
448 2062 585 2124 Concilio
607 2064 767 2139 suppletur.
789 2065 858 2124 Vt'd.
880 2063 950 2124 Art.
965 2064 1009 2123 16.
1015 2063 1139 2141 praced.
1162 2063 1234 2141 Cap.

89 2169 114 2249 §-
133 2173 187 2233 Xl.
229 2175 297 2234 Rex
327 2173 431 2253 igitur,
463 2174 521 2237 slve
553 2174 751 2236 multitudinis
781 2192 862 2236 metu
893 2176 1014 2250 duetus,
1046 2175 1094 2237 vel
1122 2190 1155 2235 ut
1185 2173 1237 2233 sibi

56 2296 165 2345 armatae
189 2286 388 2348 multitudinis
417 2286 554 2362 majorem
583 2303 693 2363 partem
718 2286 883 2363 devinciat,
903 2286 964 2349 sive
985 2286 1072 2347 animi
1094 2286 1237 2365 generosa-

59 2406 113 2456 tate
142 2400 266 2474 dusius,
294 2413 328 2460 ut
356 2398 465 2460 scilicet
486 2398 607 2461 utilitati
629 2399 754 2476 publicae
777 2398 927 2474 consulat,
948 2398 1022 2460 illam
1043 2398 1154 2475 semper
1174 2398 1238 2460 sen·

60 2509 193 2587 rentiam,
215 2528 280 2586 quae
301 2510 421 2586 plurima
444 2510 575 2589 suffragia
597 2511 748 2588 habuerit,
768 2511 827 2573 hoc
849 2511 890 2571 est
919 2511 991 2590 (per
1011 2515 1082 2571 Art.
1104 2523 1131 2586 5.
1153 2509 1239 2587 drey‘us

62 2617 140 2700 Cap.)
170 2641 237 2700 quae
266 2623 381 2698 lmperii
410 2622 510 2699 majori
531 2623 608 2700 parti
629 2624 670 2684 est
690 2623 807 2698 utilior,
829 2623 971 2698 firmabit,
992 2639 1020 2683 et
1042 2621 1238 2699 discrepantes

60 2729 229 2812 sententias,
250 2753 316 2812 quae
337 2737 373 2796 ad
395 2735 487 2813 ipsum
509 2737 612 2797 delatae
635 2737 718 2812 sunt,
740 2735 762 2795 st
782 2736 844 2796 lieri
864 2735 980 2812 potest,
1002 2733 1157 2795 conciliare
1178 2735 1237 2797 stu·

60 2844 151 2923 debit,
173 2863 208 2910 ut
228 2865 329 2908 omnes
351 2849 387 2908 ad
407 2847 436 2908 se
457 2847 571 2931 trahat,
591 2866 649 2925 qua
670 2847 699 2908 in
721 2865 751 2908 re
772 2865 881 2910 nervos
899 2848 1032 2908 intendet
1051 2846 1137 2923 suos,
1156 2862 1185 2906 et
1204 2863 1238 2908 ut

61 2970 112 3018 tam
139 2962 170 3024 in
200 2981 271 3038 pace
299 2979 385 3038 quant
407 2961 437 3022 in
458 2962 535 3021 bello
565 2959 763 3037 experiantur,
785 2959 856 3034 quid
878 2957 908 3018 in
929 2957 994 3034 ipso
1015 2974 1075 3018 uno
1096 2958 1240 3034 habeant;

61 3081 143 3146 atque
166 3076 240 3135 adeo
263 3087 325 3134 tunt
347 3071 469 3132 maxime
491 3070 628 3148 suijuris
649 3069 722 3143 erit,
740 3085 770 3130 et
789 3068 939 3146 imperium
959 3069 1082 3130 maxime
1104 3069 1241 3146 habebit,

62 3188 174 3253 quando
197 3183 321 3246 maxime
344 3183 491 3245 communi
513 3181 710 3244 multitudinis
732 3181 818 3242 saluti
839 3180 974 3242 consulit.

97 3293 210 3372 §.llll
251 3297 326 3358 Nam
348 3297 414 3356 Rex
437 3295 516 3358 solus
537 3313 638 3357 omnes
660 3311 742 3355 metu
762 3294 913 3354 continere
941 3293 1062 3370 nequit,
1083 3293 1132 3354 sed
1152 3292 1241 3369 ipsius

63 3409 209 3486 potentia,
238 3425 272 3470 ut
299 3408 443 3483 diximus,
472 3409 576 3471 nititur
603 3407 725 3469 militum
755 3424 895 3483 numero,
916 3421 946 3467 et
967 3406 1113 3482 praecipue
1135 3422 1241 3468 eorun-

64 3517 122 3578 dem
141 3521 254 3584 virtute
276 3536 305 3582 et
327 3521 400 3597 fide,
422 3539 487 3597 quae
510 3521 620 3597 semper
641 3519 717 3581 inter
738 3518 872 3580 homines
890 3517 1001 3580 tamdiu
1019 3517 1153 3579 constans
1171 3519 1241 3593 erit,

64 3633 196 3702 quamdiu
227 3631 388 3711 indigentis
398 3677 408 3708 ,
439 3631 499 3694 sive
529 3631 592 3692 haec
624 3629 745 3692 honesta
766 3629 825 3691 srve
847 3629 941 3705 turpis
966 3629 1020 3704 stt,
1046 3631 1241 3705 copulantur;

65 3745 134 3804 unde
163 3747 215 3818 fit,
243 3760 276 3806 ut
305 3746 403 3823 Reges
429 3743 549 3804 incitare
572 3743 675 3819 saepius
697 3740 804 3802 milites
824 3759 909 3817 quam
930 3745 1080 3815 coercere,
1102 3755 1132 3800 et
1152 3739 1243 3819 magis

64 3867 156 3916 eorum
180 3856 253 3918 vitia
275 3875 361 3932 quam
383 3855 511 3919 virtutes
532 3854 701 3916 diffimulare
723 3853 853 3930 soleant,
874 3867 905 3912 et
926 3854 1112 3930 plerumque,
1133 3867 1166 3913 ut
1188 3871 1243 3928 op-

66 3961 145 4028 timos
163 3983 312 4046 premant,
334 3968 442 4030 inertes
465 3983 494 4028 et
516 3968 588 4028 luxu
610 3965 744 4042 perditos
761 3964 920 4041 inquirere,
939 3964 1107 4042 agnoscere,
1119 3962 1243 4040 pecunia

66 4091 110 4138 aut
129 4081 221 4160 gratia
237 4079 359 4157 juvare,
380 4078 551 4157 prehensare
574 4096 690 4154 manus,
707 4076 805 4152 jacere
827 4075 939 4152 oscula,
961 4090 991 4137 et
1013 4074 1109 4136 omnia
1131 4073 1243 4136 servilia

74 4239 340 4258 *—

97 4321 108 4350 ‘
141 4325 188 4376 Edi
205 4325 262 4374 pne
283 4337 320 4386 14.
