2934 4900
1013 166 1020 199 Ι

350 307 843 387 'theologico-Pontici
866 308 940 387 Cap.
959 312 1010 371 111.
1212 326 1270 393 415

79 483 157 541 naec
188 484 224 543 ae
254 483 284 542 se
315 482 411 543 meere
443 484 574 559 solebat,
614 498 683 563 nri
726 500 814 561 orm
860 474 903 557 'm
947 502 1030 559 *intr
1073 504 1165 563 tom
1210 504 1272 560 orn

81 614 182 675 nom
203 586 282 671 ’rint
303 586 376 672 Spu
397 614 474 671 nrt-p
495 614 559 673 rw
581 615 669 673 mm)
689 589 770 689 pipp
801 602 905 663 ditium
924 603 1000 677 ejus,
1021 606 1072 681 qut·
1090 605 1174 663 audit
1193 604 1270 663 dida

82 716 168 789 Dei,
195 727 223 773 et
250 718 301 791 qut·
323 718 405 774 novit
424 714 579 790 scientiam
606 715 669 794 (vel
695 733 821 779 mentem
843 732 873 778 er
894 717 1117 796 praescientiam)
1159 718 1272 795 extem,

80 825 223 901 trifonem
249 830 445 904 omnipotentis
467 829 562 903 videt,
592 830 738 904 excidens,
759 828 818 905 sed
840 830 959 889 teretius
979 832 1065 889 oculis
1085 831 1110 889 *.
1137 829 1273 905 Denique

83 936 244 1015 postquam
265 938 398 999 Hebraeis
418 956 455 998 ex
475 942 613 1000 mandato
635 939 693 1000 Dei
713 941 884 1017 benedixit,
912 942 1059 1021 (nimirum
1088 958 1120 1004 ut
1147 942 1274 1020 solebat)

84 1048 156 1109 aliis
185 1049 323 1127 gentibus
353 1051 543 1127 prophetare,
573 1051 675 1128 reique
705 1070 802 1113 earum
835 1055 947 1115 futuras
978 1052 1135 1129 praedicere
1157 1053 1271 1129 incipit.

83 1161 167 1241 Quae
195 1160 292 1221 omnia
319 1160 387 1222 saris
414 1161 558 1239 superque
585 1163 732 1239 indicant,
755 1184 820 1225 eum
842 1164 952 1240 semper
973 1166 1149 1243 Prophernm
1173 1164 1274 1240 fuisse,

88 1285 144 1332 aut
165 1269 270 1347 saepius
296 1272 528 1349 prophetaviiie‚
557 1291 587 1335 et
616 1276 712 1353 (quod
741 1277 834 1338 adhuc
856 1276 903 1337 hic
924 1276 1099 1356 notandum)
1121 1277 1167 1351 id,
1191 1278 1272 1353 quod

88 1385 239 1459 praecipue
259 1385 421 1461 Prophetas
442 1388 478 1447 de
500 1386 663 1463 prophetiae
685 1389 810 1451 veritate
833 1404 930 1448 certos
950 1389 1107 1461 reddebat,
1128 1387 1273 1462 habuiiie,

86 1515 195 1573 nempe
225 1498 350 1559 animum
379 1502 416 1559 ad
443 1498 535 1560 solum
563 1517 679 1575 aequum
707 1514 738 1559 et
758 1501 868 1559 bonum
890 1498 1068 1559 inclinatum.
1101 1502 1171 1559 Non
1193 1500 1269 1561 enim

88 1608 139 1670 coi
161 1608 222 1685 ipse
243 1612 363 1671 volebat
383 1611 578 1672 benedicebat
589 1656 599 1685 ,
619 1628 673 1671 nec
693 1610 741 1671 atti
762 1611 884 1673 volebat
905 1610 1111 1685 maledicebat,
1131 1626 1165 1672 ut
1185 1612 1273 1672 Balalr

89 1724 232 1797 putabat,
253 1722 301 1783 sed
323 1737 436 1783 tantum
457 1722 510 1797 iis,
530 1721 638 1798 quibus
660 1724 742 1783 Deus
762 1721 897 1783 benedici
919 1738 970 1783 aut
992 1722 1123 1783 maledici
1136 1724 1273 1797 volebat;

88 1835 160 1895 ideo
188 1835 296 1894 Briako
323 1834 491 1910 respondit,
519 1838 653 1911 quamvis
673 1836 804 1894 Bodatius
823 1833 896 1894 milri
916 1836 1001 1894 darer
1022 1848 1134 1894 rantum
1155 1840 1274 1911 argenti

88 1961 118 2005 et
138 1951 224 2021 auri,
245 1961 382 2023 quantum
402 1948 463 2023 ejus
484 1950 592 2007 domurn
611 1949 768 2026 adimplere
784 1948 890 2025 poffet,
909 1967 963 2005 non
980 1960 1084 2026 potero
1101 1950 1272 2026 transgredi

89 2058 211 2117 edibiam
230 2059 305 2132 Dei,
326 2056 546 2134 adsumendum
570 2078 608 2117 ex
627 2076 684 2117 meo
710 2059 839 2117 arbitrio
866 2058 964 2117 botrum
985 2072 1038 2118 aut
1057 2060 1181 2131 malum
1202 2062 1278 2137 quod

89 2172 172 2231 Deus
199 2172 346 2247 loquetur,
373 2172 486 2248 loquar.
527 2172 618 2252 Quod
639 2186 736 2233 aurern
758 2172 840 2232 Deus
861 2170 905 2247 ei,
927 2174 994 2232 dum
1017 2186 1077 2232 erat
1100 2172 1129 2233 in
1151 2171 1273 2247 itinere,

91 2283 185 2343 iratus
216 2283 321 2359 fuerit,
353 2282 383 2344 id
414 2283 501 2343 etiam
533 2283 626 2358 Most,
658 2284 726 2344 durn
758 2283 787 2343 in
818 2284 981 2363 AEgyptum
1003 2302 1038 2344 err
1060 2284 1116 2345 Dei
1138 2286 1274 2345 mandato

90 2394 348 2471 proficiscebatur,
369 2394 495 2475 contigit
518 2396 601 2474 (vide
622 2395 720 2457 Exodi
743 2414 806 2472 cap.
828 2416 855 2476 4.
868 2394 909 2459 vs.
931 2397 1007 2477 24.);
1030 2412 1060 2458 et
1081 2399 1273 2476 quodnrgen·

92 2524 157 2568 turn
187 2509 224 2568 ad
255 2508 488 2583 prophetandum
519 2508 697 2584 accipiebat,
736 2508 811 2569 idern
849 2509 983 2570 Shamudl
1021 2508 1146 2569 faciebat
1188 2508 1270 2586 (vide

92 2620 239 2680 Shamudi
269 2620 337 2680 Lib.
361 2637 385 2679 1.
413 2638 476 2695 cap.
497 2637 526 2698 9.
553 2620 596 2682 vs.
618 2636 653 2695 7,
681 2621 708 2680 8.
721 2622 794 2699 **)‚
821 2636 851 2681 er
873 2620 892 2680 sr
915 2620 944 2682 in
967 2621 1063 2697 aliqua
1084 2639 1113 2681 re
1136 2619 1272 2696 peccavit

92 2734 147 2810 (de
176 2751 212 2792 eo
241 2732 309 2794 vide
337 2749 365 2792 2.
386 2732 477 2808 Epist.
504 2733 581 2792 Petr.
609 2750 673 2807 cap.
701 2749 729 2790 2.
752 2731 793 2792 vs.
825 2733 946 2807 15,16.
974 2746 1004 2791 et
1024 2733 1107 2811 Judae
1129 2729 1171 2791 vs.
1197 2732 1275 2809 rm),

90 2863 171 2906 nemo
190 2847 259 2904 adeo
280 2862 391 2922 aquus,
412 2849 464 2922 qui
482 2845 549 2903 bene
562 2846 678 2922 semper
696 2857 770 2919 agar
776 2887 785 2917 ‚
801 2858 829 2902 et
844 2861 988 2920 nunquam
994 2855 1089 2921 peccet
1100 2841 1182 2920 (vide
1192 2843 1273 2902 Ecci.

91 2976 159 3032 cap.
181 2972 208 3031 7.
230 2955 276 3019 vs.
295 2957 368 3036 am).
399 2957 437 3016 Et
460 2955 526 3016 sane
548 2955 611 3034 ejus
633 2955 784 3016 orationes
806 2955 928 3016 multum
950 2954 1060 3030 semper
1081 2956 1158 3028 apud
1180 2955 1274 3013 Deum

92 3071 191 3132 vaiere
219 3071 401 3144 debuentnt,
429 3084 459 3129 et
488 3068 551 3146 ejus
580 3068 626 3130 vis
646 3071 683 3129 nd
704 3067 932 3129 maledicendum
953 3081 1032 3125 certe
1052 3083 1152 3144 magna
1174 3067 1271 3125 admo·

92 3184 163 3242 dum
195 3181 270 3256 fuir,
306 3181 544 3257 quandoquidem
583 3180 673 3241 toties
704 3180 734 3240 in
766 3179 914 3254 Scriptum
945 3177 1120 3254 reperiatur,
1150 3181 1186 3238 ad
1217 3178 1275 3240 Dei

92 3313 224 3372 magnam
246 3293 469 3354 misericordiam
490 3311 557 3372 erga
578 3292 719 3353 Isradlitas
741 3292 921 3365 testandum,
943 3293 1024 3367 quod
1045 3291 1127 3351 Deus
1148 3290 1274 3350 nolucrit

92 3405 254 3465 Bilhamum
282 3403 400 3479 audire,
427 3419 457 3463 et
484 3407 566 3480 quod
593 3402 824 3466 maledidionem
846 3402 875 3462 in
897 3401 1129 3464 benediciionem
1151 3420 1273 3464 conver·

94 3516 165 3577 terit
193 3515 275 3594 (vide
303 3516 393 3576 Deor.
422 3533 485 3589 cap.
506 3532 555 3591 23.
583 3515 626 3576 vs.
646 3516 676 3575 6.
696 3515 757 3595 Jos.
778 3532 826 3593 24
848 3514 891 3577 vs.
916 3531 960 3574 10.
982 3513 1058 3574 Neh.
1083 3531 1128 3589 13.
1149 3513 1191 3576 vs.
1213 3513 1273 3591 2.);

95 3647 185 3704 quare
212 3627 271 3687 stne
298 3626 390 3689 dubio
418 3628 484 3687 Deo
514 3627 722 3704 acceptifflmus
752 3643 830 3702 erat,
856 3645 920 3687 nam
947 3625 1101 3702 impiorum
1124 3625 1273 3686 orationes

94 3757 125 3801 ct
146 3739 296 3801 maledicio
322 3741 418 3800 Deum
447 3738 563 3799 minime
583 3754 714 3800 movent.
737 3738 811 3799 Cum
832 3737 932 3815 itaque
952 3738 999 3798 hic
1021 3755 1107 3800 verus
1127 3737 1273 3812 Propheta

93 3852 200 3929 fucrit,
221 3869 251 3912 et
273 3868 368 3914 tamen
389 3854 426 3911 ab
446 3851 535 3931 Josun
557 3852 635 3929 (cop.
661 3869 705 3928 13.
727 3851 769 3914 vs.
791 3852 854 3931 22.)
883 3865 1007 3913 vocetur
1038 3867 1124 3940 00³?
1158 3850 1275 3909 divinus

93 3965 154 4030 sive
181 3983 294 4041 augum
322 3979 431 4025 certum
461 3964 518 4040 est,
542 3963 601 4025 hoc
628 3983 735 4026 nomen
764 3963 849 4025 etiam
878 3962 907 4023 in
928 3965 1034 4024 bonam
1056 3980 1165 4038 partem
1187 3961 1276 4038 sumi,

131 4223 141 4252 ⁸
176 4223 250 4271 Num.
269 4236 310 4284 24.
327 4221 364 4272 vs.
384 4221 423 4272 16.

127 4305 156 4334 “
191 4305 238 4354 Ed.
255 4305 311 4354 ΡΜ
328 4319 360 4366 2,
377 4306 402 4355 8.
