2934 4900
345 332 844 414 Tlteologico-Politici
877 337 952 413 Cap.
973 340 1011 398 V.
1212 356 1273 417 439

69 510 279 589 Baptismuru,
300 509 421 573 Crenam
442 511 637 587 dominicam,
657 512 745 589 festa,
767 512 917 575 orationes
939 530 1091 591 externas,
1113 531 1143 576 et
1164 514 1184 575 st
1207 534 1273 593 quae

73 621 182 683 adbuc
201 619 281 696 aliae,
301 638 367 697 quae
388 620 448 681 toti
476 620 694 683 Christianismo
723 641 893 686 communes
920 625 988 686 sunt
1017 626 1185 703 semperque
1207 626 1270 688 sue·

73 748 172 808 runt;
191 731 212 791 si
233 750 275 793 eae
296 750 425 809 unquatu
446 750 463 792 a
484 730 599 793 Christo
621 748 673 795 aut
693 737 730 794 ab
751 734 904 811 Apostolis
926 736 1065 799 institutae
1087 736 1154 799 sunt
1176 736 1272 816 (quod

74 842 183 903 adbuc
213 841 284 901 mihi
314 859 374 903 non
407 840 477 902 satis
507 842 653 920 constat),
682 859 724 903 eae
754 842 868 905 nonnifi
890 858 924 905 ut
946 844 1117 909 universalis
1137 846 1272 908 Ecclesia

74 954 165 1033 srgna
185 970 306 1016 externa
326 953 466 1015 institute
486 953 570 1030 sunt,
591 972 651 1015 non
672 972 770 1017 autern
792 972 825 1017 ut
843 974 904 1033 res,
923 976 988 1033 quae
1006 961 1042 1020 ad
1060 958 1272 1021 beatitudinem

75 1068 197 1145 aliquid
217 1068 349 1142 faciunt,
369 1068 418 1130 vel
438 1086 504 1144 que
526 1067 640 1145 aliquid
660 1068 858 1130 sandimoniae
882 1068 912 1131 in
933 1070 961 1130 se
982 1070 1119 1133 habeant.
1157 1074 1271 1153 Quare,

76 1180 220 1258 quamvis
246 1180 291 1241 hae
318 1178 499 1241 caeremoniae
520 1198 582 1241 non
602 1180 717 1242 ratione
739 1180 875 1258 Imperii,
896 1181 1010 1243 ratione
1032 1198 1129 1246 tamen
1151 1183 1271 1264 integrae

74 1292 243 1355 societatis
269 1307 384 1353 tantum
411 1291 552 1354 institutae
580 1292 666 1369 sunt,
694 1295 830 1369 adeoque
860 1292 924 1370 ille,
946 1292 997 1370 qui
1018 1293 1098 1355 solus
1119 1293 1214 1371 vivit,
1234 1294 1270 1357 iis

76 1404 202 1466 minime
230 1418 363 1480 tenetur;
395 1404 471 1480 imo,
500 1404 552 1483 qui
579 1404 610 1465 in
641 1404 780 1481 imperio,
802 1404 853 1467 ubi
873 1404 1035 1467 Christiana
1056 1406 1159 1485 religio
1180 1407 1270 1469 inter·

77 1516 162 1579 dieta
183 1516 239 1591 est,
260 1515 354 1591 vivit,
375 1515 399 1575 is
421 1518 458 1575 ab
478 1515 524 1577 his
545 1516 728 1578 ceremoniis
756 1516 897 1578 abstinere
925 1531 1051 1595 tenetur,
1073 1533 1104 1579 et
1124 1517 1269 1580 nihilomi-

77 1648 141 1691 nus
161 1627 272 1704 poterit
292 1629 378 1689 beate
398 1627 509 1691 vivere.
536 1627 635 1705 Hujus
655 1628 698 1689 rei
718 1631 882 1707 exemplum
903 1628 931 1689 in
953 1646 1044 1709 regno
1063 1629 1270 1709 Japonensrum

76 1742 218 1816 habetur,
238 1740 290 1800 ubi
311 1738 472 1801 Christiana
492 1739 596 1819 religio
617 1739 771 1803 interdisla
793 1740 850 1818 est,
871 1755 901 1801 et
921 1741 1033 1819 Belgae,
1054 1740 1105 1818 qui
1125 1741 1166 1802 ibi
1186 1741 1269 1803 habi-

77 1868 167 1930 tant,
189 1871 226 1912 ex
247 1853 386 1913 mandato
407 1851 567 1914 Societatis
587 1852 678 1915 Indiae
703 1852 860 1913 Orientalis
881 1854 917 1913 ab
938 1852 1017 1915 omni
1037 1867 1161 1915 externo
1182 1856 1265 1917 cultu

78 1962 225 2025 abstinere
246 1978 404 2039 tenentut;
425 1981 479 2023 nec
499 1964 558 2024 hoc
579 1963 635 2025 alia
656 1963 837 2027 authoritate
855 1963 915 2041 jam
935 1964 1103 2026 confirmare
1124 1978 1216 2041 puto;
1236 1979 1268 2027 et

78 2074 218 2153 quamvis
246 2092 306 2137 non
333 2074 450 2136 difficile
479 2076 575 2152 soret,
602 2075 659 2136 hoc
687 2074 781 2151 ipsum
802 2074 889 2136 etiam
910 2094 947 2135 ex
968 2074 1164 2137 fundamentis
1184 2074 1268 2137 Noui

78 2187 263 2250 Testamenti
293 2190 455 2265 deducere,
485 2202 517 2250 et
549 2190 627 2250 forte
658 2187 743 2249 claris
770 2186 887 2264 insuper
908 2186 1081 2249 testimoniis
1102 2187 1269 2264 ostendere,

78 2302 146 2362 haec
168 2316 266 2363 tamen
286 2300 427 2363 libentius
447 2300 526 2361 missa
546 2299 643 2377 facio,
663 2300 733 2378 quia
755 2301 791 2361 ad
813 2298 867 2359 alia
888 2298 1004 2362 festinat
1024 2298 1147 2361 animus.
1174 2300 1267 2379 Pergo

79 2410 185 2488 itaque
215 2411 252 2472 ad
282 2410 330 2487 id,
361 2412 397 2472 de
428 2428 490 2488 quo
514 2411 638 2488 sedando
658 2410 727 2472 loco
749 2409 779 2472 itt
800 2410 857 2472 hoc
879 2408 992 2488 Capite·
1007 2427 1091 2490 agere
1112 2409 1268 2488 constitui3

81 2521 194 2583 scilicet
221 2521 340 2605 Quibus
360 2537 392 2584 et
412 2541 472 2599 qua
492 2521 606 2584 ratione
633 2521 721 2585 Fides
742 2521 933 2584 Historiarum
953 2523 984 2584 in
1004 2521 1091 2584 sacris
1113 2537 1267 2584 contenta·

82 2651 146 2694 rum
173 2631 328 2696 necessaria
354 2633 398 2694 sit.
440 2636 486 2696 Ut
514 2649 611 2696 autem
638 2635 698 2695 hoc
725 2633 834 2696 lumine
855 2633 979 2696 naturali
1001 2633 1268 2714 investigetur,s1c

82 2747 301 2821 procedendum
324 2745 451 2808 videtur.

124 2857 154 2918 si
174 2858 242 2935 quis
262 2857 431 2920 hominibus
451 2857 564 2937 aliquid
583 2858 702 2921 suadere
724 2859 774 2923 vel
793 2857 953 2921 dissuadere
975 2860 1057 2933 vult,
1077 2860 1159 2937 quod
1176 2857 1267 2936 perse

84 2986 186 3032 notum
206 2987 267 3030 non
288 2970 346 3046 esl,
366 2970 410 3048 is,
430 2985 465 3032 ut
485 2970 516 3032 id
538 2970 624 3033 iidem
645 2971 872 3048 ampleslantur,
893 2988 951 3032 rem
973 2971 1050 3032 suatu
1072 2990 1110 3033 ex
1130 2973 1267 3034 conceffis

85 3085 245 3158 deducere,
272 3083 382 3159 eosque
410 3081 593 3158 experientia
620 3083 670 3146 ael
697 3082 812 3145 ratione
839 3083 1016 3145 convincere
1037 3085 1141 3160 debet;
1163 3101 1267 3162 nempe

85 3213 122 3256 ex
147 3196 251 3272 rebus,
279 3213 352 3272 quas
379 3212 432 3273 per
459 3195 558 3256 sensus
585 3195 700 3272 experti
727 3195 795 3256 sunt
820 3194 850 3256 in
875 3197 989 3258 Natura
1010 3195 1197 3276 contingere,
1218 3197 1267 3261 vel

85 3328 121 3369 ex
141 3307 297 3370 axiomatis
324 3306 571 3369 intellectualibus
599 3325 652 3384 per
676 3307 705 3369 se
726 3307 818 3368 notis.
859 3310 903 3369 At
924 3307 975 3369 nisi
998 3307 1178 3385 experientia
1200 3307 1266 3371 talis

84 3418 136 3495 stt,
161 3436 196 3481 ut
223 3421 297 3481 clare
326 3436 357 3480 et
385 3419 517 3482 distinete
544 3420 742 3499 intelligatur,
768 3419 902 3498 quamvis
922 3419 1068 3482 hominem
1090 3417 1266 3497 convincat,

85 3549 143 3592 non
174 3545 270 3592 tamen
301 3529 414 3608 poterit
443 3530 505 3608 ipsa
535 3529 714 3594 intellesluut
746 3549 829 3608 teque
850 3531 980 3608 afficere,
1000 3530 1121 3610 ejusque
1143 3531 1265 3592 nebulas

86 3641 229 3718 diffiparc,
250 3659 284 3702 ac
305 3660 372 3703 cum
393 3659 439 3703 res
458 3644 593 3705 docenda
613 3661 651 3704 ex
670 3643 741 3705 solis
762 3641 918 3706 axiomatis
938 3640 1266 3718 intelledlualibua,hoc

86 3753 126 3816 est
150 3773 187 3814 ex
215 3753 276 3815 sola
305 3755 416 3817 virtute
444 3754 609 3818 intelletlus
630 3754 751 3834 ejusque
772 3755 801 3818 in
824 3754 1013 3832 percipiendo
1034 3754 1153 3832 ordine,
1174 3757 1265 3817 dedu·

86 3867 173 3943 citur,
202 3866 360 3942 presertim
380 3867 402 3928 si
422 3867 545 3945 quaestio
566 3872 603 3931 de
623 3886 653 3930 re
673 3868 834 3946 spirituali,
854 3883 885 3929 et
906 3885 971 3946 quae
992 3867 1045 3928 sub
1066 3867 1164 3930 sensus
1184 3869 1266 3930 nullo

86 3981 170 4040 modo
191 3977 288 4055 eadit,
308 3977 353 4040 stt.
374 3981 485 4041 Verum
506 3981 594 4058 quia,
614 3983 651 4042 ad
672 3999 718 4042 tes
739 3998 776 4041 ex
797 3980 866 4042 solis
887 3977 1063 4042 notionibus
1083 3979 1263 4042 intelleslua·

86 4090 159 4150 libus
179 4091 400 4168 deducendum,
419 4093 508 4171 longa
528 4091 753 4169 perceptionum
774 4091 981 4154 concatenatio
1002 4089 1147 4169 saepiffime
1168 4090 1265 4169 requi·

86 4203 171 4278 titur,
198 4217 229 4263 et
256 4219 397 4279 praeterea
425 4205 513 4267 etiam
535 4205 641 4268 summa
662 4204 840 4283 praecautio,
860 4203 970 4285 ingenii
991 4203 1212 4281 perspicacitas,
1233 4219 1265 4266 et

87 4315 190 4378 summa
210 4313 412 4396 continentia,
433 4336 499 4396 quae
521 4317 619 4386 omnia
639 4335 703 4384 raro
725 4317 756 4378 in
776 4316 945 4386 hominibus
973 4315 1174 4402 reperiuntur;
1194 4315 1263 4380 ideo
