2934 4900
640 322 822 383 Ethices
850 323 918 383 Pars
938 324 992 385 IV.

567 500 897 561 PROPOSITIO
939 498 1073 559 XXXIX.

266 612 333 688 Quo
363 612 501 686 efficiunt,
533 627 566 672 ut
596 614 686 673 motois
715 628 745 673 et
776 617 881 690 quietis
912 616 1007 687 roto'o,
1029 630 1115 689 quom
1137 612 1274 689 Corporis
1297 608 1420 669 dumam
1445 630 1446 675 ι

222 736 323 801 porres
342 725 523 784 adinvicem
544 723 666 801 bobeno,
687 726 884 802 conservom,
904 725 976 785 ῠοπα
990 726 1076 801 [παις
1096 737 1124 783 et
1143 743 1176 783 ea
1196 735 1300 782 contra
1322 723 1420 796 molo,
1445 698 1446 765 Ῐ

224 852 286 911 quo
314 834 451 909 efficiunt,
478 850 511 895 ut
542 838 680 917 Corporis
707 836 827 897 lmmom'
842 850 947 917 partes
966 837 1057 897 aliam
1076 836 1255 896 adinvicem
1274 847 1373 892 rnotus
1393 848 1419 891 et
1445 848 1446 925 ᾗ

224 951 329 1023 quietis
349 947 476 1008 habeant
496 953 647 1009 rationem.
1445 940 1446 947 ἵ

625 1112 1018 1156 DEMONSTRATIO.

265 1222 383 1297 Corpus
403 1222 558 1284 humanum
578 1224 706 1302 indiget,
727 1240 760 1284 ut
782 1222 985 1295 conservetur,
1007 1220 1136 1297 plurimis
1155 1218 1218 1279 aliis
1236 1217 1417 1293 corporibus
1445 1198 1446 1239 ³

224 1331 295 1410 (per
315 1332 419 1409 Postol.
434 1352 462 1411 4
480 1346 511 1411 p.
523 1334 576 1411 2.).
618 1336 660 1394 At
682 1334 729 1407 id,
752 1336 833 1410 quod
855 1336 976 1393 sormam
998 1332 1115 1393 humani
1138 1328 1282 1406 Corporis
1305 1329 1416 1390 consti·
1445 1328 1446 1373 ἱ

224 1442 299 1519 tuit,
331 1443 360 1503 io
391 1444 449 1504 hoc
479 1444 625 1520 consistit,
656 1448 738 1522 quod
768 1444 831 1522 ejus
858 1460 956 1521 partes
978 1460 1076 1505 motus
1098 1443 1166 1504 suos
1187 1458 1266 1503 certa
1287 1442 1417 1518 quadarn

224 1553 337 1614 ratione
358 1554 410 1614 sibi
432 1554 557 1615 invicem
579 1554 795 1616 communicent
817 1556 888 1635 (per
908 1554 1003 1633 Defin.
1024 1567 1091 1613 ante
1109 1554 1337 1631 Lcm.4.,qoom
1347 1553 1416 1609 vide

220 1668 282 1745 post
303 1668 391 1745 Prop.
416 1685 460 1743 13.
477 1670 574 1747 p.2.).
602 1669 681 1747 Ergo
704 1688 769 1745 quae
792 1668 942 1741 efficiunt,
963 1668 1116 1729 utmotos
1138 1680 1168 1725 et
1190 1664 1299 1741 quietis
1322 1664 1416 1737 ratio,

224 1799 310 1855 quam
332 1778 474 1855 Corporis
494 1780 613 1840 humani
632 1794 731 1855 partes
752 1782 789 1840 nd
810 1779 936 1841 invicem
958 1774 1298 1851 habent,conservetur,
1311 1776 1411 1834 endem

224 1890 342 1951 humani
369 1890 511 1966 Corporis
540 1892 660 1951 sormam
689 1890 881 1963 conservant,
903 1906 933 1949 et
954 1889 1167 1966 consequenter
1188 1886 1320 1947 efficiunt
1342 1887 1412 1964 (per
1445 1880 1446 1883 ’

225 2002 299 2079 Post.
322 2020 349 2078 3.
370 2016 398 2061 et
419 2005 449 2063 6.
466 2017 498 2082 p.
521 2004 584 2081 2),
606 2017 639 2063 ut
660 2002 778 2078 Corpus
800 2002 956 2062 humanum
978 2000 1077 2061 multis
1096 1999 1192 2060 modis
1213 1998 1304 2072 affici,
1326 2013 1356 2058 et
1379 2014 1410 2057 ut

224 2112 301 2173 idem
322 2132 447 2190 corporo
468 2130 588 2174 externa
608 2112 708 2174 multis
728 2113 824 2173 modis
846 2111 959 2173 afficere
981 2113 1080 2187 poffit,
1096 2114 1228 2187 adeoque
1241 2110 1311 2189 (per
1322 2111 1409 2187 Prop.
1445 2160 1446 2163 ,

221 2226 325 2302 proc.)
346 2225 425 2285 bona
446 2225 523 2285 sunt.
544 2224 676 2299 Deinde,
698 2243 764 2300 quae
787 2222 936 2299 efficiunt,
959 2238 991 2283 ut
1012 2222 1154 2299 Corporis
1174 2221 1289 2283 humani
1312 2236 1408 2296 partes

225 2335 307 2395 aliam
339 2337 437 2397 motuis
470 2352 499 2397 et
531 2336 640 2413 quietis
671 2338 813 2397 rationem
846 2335 1022 2410 obtineant,
1051 2337 1151 2395 eadem
1190 2334 1261 2412 (per
1294 2334 1408 2392 eaodem

224 2446 319 2526 Defin.
336 2462 368 2527 p.
390 2449 433 2527 2.)
465 2449 612 2524 efficiunt,
643 2464 677 2509 ut
708 2449 828 2526 Corpus
854 2449 1010 2509 humanum
1037 2446 1120 2508 aliam
1149 2446 1268 2506 sormam
1290 2444 1409 2516 induat,

225 2560 283 2620 hoc
304 2561 345 2619 est
365 2561 413 2639 (ut
429 2575 485 2640 per
498 2564 534 2638 se
554 2577 665 2636 notum,
694 2576 722 2621 et
741 2566 777 2620 in·
791 2563 848 2640 fine
865 2559 1052 2640 praefationis
1080 2558 1166 2634 hujus
1183 2561 1284 2636 portis
1303 2561 1408 2616 monui-

226 2673 301 2749 mus)
329 2687 362 2732 ut
390 2671 507 2747 Corpus
538 2673 695 2734 humanum
726 2673 905 2748 destruatur,
933 2688 964 2732 et
992 2670 1205 2747 consequenter
1230 2683 1263 2728 ut
1288 2669 1408 2728 omnino

225 2781 357 2858 ineptum
388 2787 541 2860 reddatur,
573 2804 609 2845 ne
641 2787 725 2861 polilt
755 2785 887 2861 pluribus
908 2784 1003 2846 modis
1024 2783 1117 2859 affici,
1138 2801 1171 2842 ac
1192 2781 1315 2858 proinde
1338 2780 1409 2858 (per

226 2896 315 2973 Prop.
332 2894 436 2975 proc.)
457 2899 528 2957 mola
551 2898 626 2959 sunt.
671 2900 703 2976 Q.
725 2900 762 2959 E.
784 2899 824 2960 D.

693 3088 947 3132 SCHOLIUM.

267 3196 418 3277 Quantum
439 3196 501 3257 haec
522 3199 619 3259 Menti
641 3197 738 3259 obesse
760 3200 808 3260 vel
828 3197 958 3274 prodesse
979 3196 1116 3274 poliunt,
1143 3197 1173 3257 in
1194 3195 1306 3275 Quinta
1327 3195 1409 3256 Parte

227 3307 430 3384 explicabitur.
471 3309 530 3370 Sed
559 3310 607 3369 hic
638 3313 817 3386 notandum,
850 3313 931 3387 quod
960 3309 1076 3386 Corpus
1104 3324 1165 3370 tum
1187 3322 1309 3369 mortem
1330 3307 1411 3368 obire

227 3419 403 3499 intelligam,
434 3424 553 3496 quando
575 3422 639 3498 ejus
659 3438 757 3498 portes
786 3423 828 3483 ita
859 3423 1075 3499 disponuntur,
1096 3438 1130 3482 ut
1151 3420 1234 3480 aliam
1255 3435 1353 3481 motus
1382 3437 1411 3480 et

228 3533 338 3610 quietis
367 3534 510 3595 rationem
543 3537 579 3595 ad
611 3534 737 3597 invicem
770 3535 934 3596 obtineant.
976 3537 1050 3594 Nam
1083 3549 1187 3611 negare
1216 3549 1277 3592 non
1298 3533 1410 3604 audeo,

229 3645 346 3721 Corpus
376 3646 548 3721 humanum,
580 3663 694 3708 retenta
726 3647 872 3726 sanguinis
904 3646 1114 3721 circulatione,
1135 3659 1165 3704 et
1187 3643 1270 3720 aliis,
1292 3659 1411 3718 propter

229 3777 295 3833 quae
324 3757 441 3835 Corpus
468 3758 570 3819 vivere
597 3759 792 3833 existimatur,
813 3758 893 3836 polio
915 3757 1103 3820 nihilominus
1124 3758 1154 3818 in
1176 3757 1258 3817 aliam
1280 3769 1408 3817 naturam

229 3870 311 3931 nsua
332 3869 448 3946 prorsus
470 3870 611 3933 diversam
631 3872 745 3933 mitrati.
766 3875 842 3932 Nam
862 3874 940 3934 nulla
964 3871 1039 3934 ratio
1061 3890 1105 3932 me
1126 3869 1221 3950 cogit,
1239 3887 1273 3931 ut
1290 3869 1407 3930 statuam

229 3982 346 4060 Corpus
377 4002 437 4044 non
469 3983 558 4059 mori,
590 3983 641 4044 nifi
672 4000 802 4048 mittetur
833 3983 862 4045 in
894 3988 1034 4060 cadaver3
1055 3984 1127 4062 quin
1148 3983 1209 4060 ipsa
1230 3983 1407 4059 experientis

230 4095 309 4156 aliud
331 4095 448 4157 suadere
470 4096 596 4158 videtur.
617 4097 663 4157 Fit
685 4115 809 4173 nomque
830 4097 1003 4174 aliquand0,
1024 4113 1057 4158 ut
1078 4097 1169 4157 homo
1188 4097 1263 4157 tales
1284 4095 1409 4170 patiatur
1445 4161 1446 4164 ,

230 4206 426 4284 mutationes,
447 4224 481 4269 ut
502 4227 561 4270 non
583 4208 667 4269 focile
689 4212 812 4270 eundem
834 4209 914 4271 illum
935 4208 991 4270 elle
1012 4209 1150 4286 dixerim
1171 4223 1205 4270 ut
1226 4211 1263 4270 de
1284 4211 1407 4284 quodem

230 4318 362 4397 Hispano
381 4319 471 4380 Poita
489 4337 602 4380 narrare
620 4319 735 4396 audivi,
753 4320 804 4397 qui
822 4323 925 4384 morbo
942 4336 1095 4399 correptus
1113 4323 1263 4397 suerat,et
1279 4321 1408 4397 quamvis
