2934 4900
181 360 216 407 ro
593 350 648 411 De
680 350 951 413 Intellectus

217 516 269 578 lV.
310 518 355 581 Ut
377 518 434 581 hoc
455 520 624 583 conferatur
643 539 709 583 cum
730 537 833 583 natura
860 537 892 583 et
911 520 1048 598 potentia
1074 521 1210 585 hominis.
1250 523 1293 585 Et
1322 541 1363 583 ex

176 626 235 691 istie
260 629 348 693 'facile
375 632 527 709 apparebit
555 632 678 708 summa,
705 636 849 710 adquam
874 633 964 697 homo
984 634 1083 711 potest
1102 633 1273 714 pertenire,
1292 652 1379 711 per··

173 740 273 805 leciio.

214 854 269 917 llis
296 854 334 919 stc
358 856 546 919 confidentis
577 858 745 935 videamus,
776 858 843 936 quia
872 862 978 923 modus
1008 858 1190 937 percipiendi
1209 858 1298 921 nobie
1319 858 1356 921 lit
1465 845 1466 868 ¹

173 967 333 1047 eligendus.

214 1080 305 1163 Quod
326 1084 362 1143 td
382 1081 504 1159 primurn
535 1082 651 1146 attinet.
692 1084 747 1147 Per
766 1083 795 1145 se
816 1100 915 1161 patet,
935 1087 1018 1163 quod
1037 1102 1075 1145 ex
1096 1082 1216 1157 auditu,
1235 1097 1356 1159 praeter·

173 1208 258 1267 quam
287 1196 368 1268 quod
396 1192 431 1255 ῆι
458 1210 504 1256 rer
531 1196 687 1257 admodum
715 1195 841 1270 incerta,
867 1197 974 1259 nullam
993 1194 1189 1273 percipiamus
1207 1191 1356 1255 ellentiam

173 1301 232 1379 rei,
258 1302 342 1367 licuci
370 1324 405 1367 et
435 1306 533 1367 nostro
560 1309 696 1385 exemplo
724 1323 861 1385 apparer;
888 1324 919 1369 et
946 1326 1012 1369 cum
1032 1305 1182 1385 lingultria
1201 1303 1358 1366 existentia

174 1410 295 1491 alicujus
316 1414 357 1477 rei
378 1434 437 1478 non
458 1416 605 1494 noscatur,
625 1419 676 1481 nist
697 1419 818 1499 cogniti
838 1418 973 1494 edentii,
1001 1418 1047 1481 uti
1067 1418 1168 1495 postet
1189 1416 1355 1480 videbitur:
1465 1473 1466 1478 ,

173 1524 240 1589 hinc
268 1528 343 1589 clare
371 1531 572 1593 concludimus
597 1550 711 1593 omnem
731 1530 956 1607 certitudinem,
976 1549 1062 1608 quam
1083 1529 1245 1593 exauditu
1264 1529 1356 1589 habe·

173 1656 252 1715 mur,
273 1660 289 1703 t
310 1641 439 1705 scientiis
467 1642 521 1705 else
549 1642 762 1705 secludendum.
802 1645 878 1705 Nam
898 1663 915 1704 a
935 1642 1055 1720 liruplici
1079 1642 1200 1717 auditu,
1219 1640 1271 1703 ubi
1292 1660 1355 1701 non
1465 1617 1466 1668 l

172 1754 310 1829 precetur
330 1752 466 1830 proprius
485 1754 668 1829 intellecius,
687 1773 836 1832 nunquam
857 1754 923 1833 quis
943 1754 1056 1832 poterit
1076 1752 1164 1815 allici.

218 1866 227 1903 ¹
263 1866 370 1947 Quoad
400 1863 566 1928 secundum.
607 1868 714 1929 Nullus
745 1866 833 1929 etiam
864 1866 1007 1931 dicendus
1037 1866 1094 1940 eii,
1132 1868 1215 1943 quod
1244 1864 1354 1925 habeat

172 1974 265 2043 ideam
295 1975 373 2039 illiua
402 1976 621 2054 proportionis,
652 1997 738 2055 quam
768 1977 883 2055 quaerit.
924 1978 1118 2054 Praeterquam
1143 1979 1226 2054 quod
1250 1976 1285 2037 lit
1306 1994 1355 2037 res

172 2089 326 2150 admodum
352 2088 482 2164 incerta,
509 2104 540 2150 et
568 2088 627 2150 line
647 2091 723 2164 line,
744 2088 817 2151 nihil
836 2105 932 2151 tamen
954 2107 1081 2167 unquam
1102 2087 1153 2150 tali
1173 2090 1263 2149 modo
1284 2086 1355 2165 quia

171 2200 199 2262 in
221 2201 308 2261 rebus
328 2200 508 2263 naturalibus
528 2201 671 2278 percipiet
690 2218 797 2278 praeter
816 2200 999 2276 accidentia,
1020 2219 1087 2278 quae
1108 2217 1255 2277 nunquam
1276 2200 1353 2261 clare

170 2310 388 2391 intelliguntur,
408 2311 458 2374 nili
479 2312 667 2393 praecognitio
687 2312 825 2375 clientiis.
864 2315 955 2379 Unde
975 2311 1062 2375 etiam
1083 2328 1113 2373 et
1134 2310 1183 2373 ille
1201 2311 1353 2373 secluden-

169 2426 224 2487 dut
244 2423 294 2487 eli.

209 2539 255 2599 De
284 2538 374 2602 tertio
405 2555 502 2602 tutem
533 2539 633 2617 aliquo
663 2543 753 2602 modo
784 2539 958 2614 dicendum,
977 2541 1060 2616 quod
1080 2537 1236 2600 habeamus
1256 2537 1354 2599 ideam

169 2648 224 2723 rei,
255 2649 361 2712 deinde
392 2653 474 2728 qood
503 2651 591 2713 etiam
622 2650 729 2728 absque
761 2650 893 2727 pen'culo
924 2649 1029 2712 erroris
1054 2651 1279 2723 concludtmua3
1301 2646 1352 2710 sed

168 2777 265 2823 tamen
287 2779 338 2838 per
357 2761 387 2822 le
408 2781 468 2825 non
489 2764 544 2824 erit
565 2763 710 2838 medium,
730 2779 764 2824 ut
785 2763 909 2825 nostram
930 2761 1137 2839 perfectionem
1158 2759 1352 2837 acquiramus.

210 2875 297 2936 Solus
324 2889 444 2952 qunrtut
472 2877 576 2938 modus
604 2875 826 2952 comprehendit
852 2873 999 2937 essentiam
1025 2874 1066 2934 rei
1094 2875 1292 2950 adaeqmtam,
1319 2887 1352 2933 et

169 2986 276 3063 absque
297 2985 402 3048 erroris
421 2986 570 3064 periculo;
591 2986 719 3064 ideoque
740 2987 863 3049 maxime
884 2986 939 3048 erit
960 2985 1150 3062 usurpandus.
1188 2985 1351 3067 Quomodo

168 3113 238 3176 ergo
258 3097 293 3158 stt
314 3097 509 3173 adhibendus,
530 3115 563 3160 ιιι
583 3116 630 3160 rer
650 3099 810 3178 incognite
831 3098 883 3160 tali
904 3099 1077 3176 cognitione
1098 3117 1114 3159 n
1134 3096 1222 3158 nobie
1241 3095 1351 3158 intelli-

169 3222 290 3286 guntur,
307 3207 444 3287 sumulque
453 3254 462 3285 ,
479 3227 513 3273 ut
530 3212 587 3274 lroc
606 3229 693 3288 quam
711 3210 918 3287 compendiose
934 3211 1002 3285 lint,
1020 3208 1184 3271 curabimus
1194 3207 1353 3285 explicare.

207 3319 362 3396 Postquam
392 3321 547 3398 novimus,
581 3341 712 3400 quaentm
743 3323 887 3402 Cognitio
917 3323 1005 3384 nobit
1035 3322 1069 3384 lta
1099 3320 1271 3396 netellaria,
1291 3337 1352 3382 tra·

169 3434 263 3495 denda
291 3433 331 3494 est
351 3433 409 3494 Vir
430 3449 460 3495 et
481 3435 661 3508 Methodus‚
680 3453 739 3512 qun
770 3453 832 3508 res,
863 3453 928 3512 quae
955 3435 1022 3496 lunt
1049 3434 1278 3511 cognoscendae,
1298 3433 1352 3495 tali

168 3543 339 3624 cognitione
366 3545 585 3624 cognoscamus.
625 3547 716 3628 Quod
744 3560 778 3607 ut
803 3545 870 3620 fiat,
890 3545 974 3608 venit
994 3544 1075 3621 prius
1096 3545 1352 3619 considerandum,

169 3659 250 3733 qnod
277 3657 325 3718 lric
352 3675 412 3718 non
441 3655 558 3718 dubitur
577 3655 727 3733 inquilrtio
749 3656 779 3716 in
800 3656 961 3733 inlinitum;
981 3656 1108 3732 scilicet,
1128 3673 1163 3720 ut
1182 3656 1353 3720 inveniatur
1461 3734 1464 3753 ἱ

168 3767 280 3844 optima
301 3767 458 3830 methodus
479 3785 579 3829 verum
600 3767 809 3847 investigandi,
828 3787 889 3830 non
910 3787 987 3845 opue
1007 3769 1048 3830 est
1069 3767 1124 3830 alin
1145 3768 1352 3845 methodo,ut

169 3879 325 3942 methodua
353 3878 415 3942 veri
442 3878 635 3957 investigandi
662 3879 869 3958 investigetur3
897 3896 944 3953 et,
971 3895 1005 3942 ut
1035 3879 1162 3942 secunda
1192 3881 1352 3942 methodus

168 3993 373 4073 investigetur,
400 4010 460 4054 non
490 4009 566 4069 opus
594 3992 635 4053 eli
655 3991 708 4053 alit
730 3991 834 4068 tertia,
853 4007 884 4054 et
905 3992 943 4054 stc
964 3992 995 4054 in
1015 3992 1178 4055 inlinitum:
1199 3992 1250 4055 tali
1271 3993 1352 4054 enim

206 4251 212 4278 ¹
251 4247 300 4299 llic
316 4246 445 4310 aliquanto
462 4243 586 4310 prolixior
602 4259 671 4314 egam
688 4243 720 4295 dt
735 4243 905 4308 experientiae
921 4257 947 4296 et
965 4230 1148 4310 limpiricorum
1166 4257 1192 4298 et
1209 4243 1353 4300 recentium

167 4328 374 4396 Philosophorum
393 4327 546 4393 procedendi
564 4327 708 4380 methodum
725 4326 883 4378 examinabo.
