2934 4900
169 315 228 388 558
646 299 887 378 ‘I‘ractatus

167 494 324 570 voluptate
341 492 383 552 ita
400 492 533 570 trahitur,
551 507 582 554 et
599 492 672 555 nihil
692 497 775 571 quod
796 494 848 555 libi
870 493 941 556 utile
963 495 1019 572 est,
1037 497 1137 559 videre
1156 516 1252 575 neque
1272 512 1364 578 agere

167 605 281 681 potest,
300 605 423 666 maxime
444 605 544 668 servus
565 606 624 682 est,
651 621 682 667 et
701 606 783 668 solus
803 607 851 668 ille
871 607 960 686 liber,
988 608 1040 685 qui
1059 609 1175 689 integro
1197 609 1298 671 anlmo
1321 629 1365 671 ex

167 717 231 777 solo
258 719 348 779 dusiu
375 718 513 779 Rationis
539 717 628 781 vivit.
669 719 759 782 Assio
785 734 882 780 autem
904 738 940 780 ex
962 722 1101 782 mandato
1108 765 1119 797 ,
1138 721 1196 782 hoc
1218 721 1260 780 est
1283 721 1362 781 obe-

167 828 295 905 dientia,
319 829 484 890 libertatem
511 829 629 907 quidem
655 831 755 908 aliquo
776 834 866 892 modo
888 832 985 909 tolllt,
1005 847 1037 892 at
1057 850 1119 893 non
1139 831 1220 893 illico
1240 832 1362 894 servum

166 941 256 1017 facit,
276 940 326 1003 sed
347 942 470 1004 astionis
489 941 575 1004 ratio.
616 942 647 1003 Si
667 943 733 1004 finis
756 942 880 1006 astionis
900 961 961 1006 non
982 943 1024 1004 est
1044 942 1133 1020 ipsrus
1154 944 1286 1023 agentis,
1308 944 1363 1005 sed

168 1055 337 1133 imperantis
357 1055 486 1133 utilitas,
515 1071 577 1117 tum
597 1074 687 1136 agens
708 1055 807 1118 servus
829 1055 886 1132 est,
916 1072 947 1116 et
966 1055 1018 1116 srbi
1039 1055 1169 1132 inutiIIs;
1191 1071 1222 1116 at
1243 1057 1274 1117 in
1297 1059 1360 1117 Re-

168 1168 286 1246 publica
307 1185 337 1229 et
357 1168 484 1244 Imperio
490 1213 500 1244 ,
528 1168 579 1229 ubi
600 1168 677 1230 salus
697 1167 792 1229 totius
814 1167 936 1245 populi,
957 1186 1019 1229 non
1040 1167 1228 1245 imperantis,
1247 1167 1360 1230 summa

169 1282 217 1340 lex
237 1280 294 1356 est,
314 1280 366 1358 qui
387 1280 418 1342 ln
439 1280 577 1342 omnibus
603 1280 719 1342 summae
748 1279 887 1357 potestati
909 1283 1110 1357 obtemperat,
1133 1280 1268 1343 nonsibi
1291 1282 1360 1343 inu-

167 1390 227 1451 tilis
255 1389 372 1468 servus,
399 1390 449 1453 sed
476 1391 611 1454 subditus
641 1392 800 1468 dicendus;
822 1409 851 1453 et
873 1393 941 1454 ideo
964 1392 1011 1454 illa
1031 1393 1209 1470 Respublica
1231 1393 1359 1455 maxime

167 1502 257 1564 libera
278 1504 336 1582 est,
355 1502 440 1581 cujus
467 1505 546 1584 leges
572 1506 640 1566 sana
665 1505 796 1566 Ratione
816 1505 946 1566 sundatae
968 1505 1050 1582 sunt;
1070 1505 1112 1566 ibi
1134 1507 1209 1568 eninr
1230 1507 1246 1540 *
1267 1506 1358 1568 unus-

168 1617 307 1695 quisque,
328 1617 379 1679 ubi
400 1617 490 1694 velit,
509 1617 583 1678 liber
604 1616 660 1678 else
681 1617 796 1694 potest,
816 1616 875 1678 hoc
896 1616 951 1694 est,
972 1615 1088 1696 integro
1099 1617 1196 1678 animo
1214 1635 1253 1677 ex
1264 1619 1359 1680 dustu

168 1728 308 1791 Rationis
337 1729 448 1792 vivere.
489 1729 538 1790 Sic
568 1729 655 1790 etiam
686 1729 788 1806 liberi,
809 1727 920 1790 tametsi
943 1727 1080 1791 omnibus
1099 1744 1255 1805 parentum
1275 1749 1359 1790 man·

168 1844 245 1906 datis
267 1843 386 1906 obedire
407 1857 555 1920 tenentur,
576 1861 636 1904 non
657 1857 755 1904 tamen
772 1841 848 1904 servi
866 1841 946 1917 sunt;
964 1859 1030 1902 nam
1049 1856 1201 1918 parentum
1219 1845 1357 1903 mandata

167 1956 323 2018 liberomm
354 1955 512 2017 utilitatem
543 1955 665 2016 maxime
702 1954 842 2030 speslant.
890 1954 1028 2032 Magnam
1059 1972 1129 2033 ergo
1161 1952 1356 2015 differentiam

168 2068 394 2144 intersertum,
416 2069 522 2144 lilium,
544 2083 575 2129 et
596 2067 744 2130 subditum
765 2065 964 2146 agnoscimus,
993 2066 1044 2143 qui
1066 2081 1222 2143 propterea
1243 2067 1282 2127 fic
1304 2068 1356 2126 de-

168 2179 324 2241 liniuntur:
352 2198 457 2257 nempe
484 2180 583 2242 servus
611 2180 669 2257 est,
696 2179 748 2256 qui
776 2179 918 2241 mandatis
947 2179 1076 2255 domini,
1102 2197 1168 2256 quae
1197 2177 1356 2240 utilitatem

168 2293 336 2368 imperantis
362 2308 477 2354 tantum
504 2292 652 2369 spedant,
678 2294 880 2367 obtemperare
908 2305 1041 2367 tenetur;
1069 2291 1146 2353 iillus
1167 2307 1282 2366 autem,
1304 2291 1356 2367 qui

168 2403 215 2481 id,
235 2408 318 2482 quod
338 2403 390 2465 fibi
411 2404 483 2467 utile
505 2405 563 2483 est,
583 2423 621 2466 ex
641 2406 779 2467 mandato
805 2403 934 2481 parentis
955 2403 1031 2484 agiu
1053 2403 1188 2466 subditus
1209 2405 1356 2481 denique,

167 2518 218 2596 qui
250 2517 297 2594 id,
328 2520 410 2595 quod
440 2518 587 2580 communi
618 2534 649 2580 et
680 2517 894 2595 consequenter
925 2536 1045 2594 quoque
1067 2516 1119 2577 libi
1140 2518 1213 2578 utile
1234 2516 1292 2592 est,
1316 2536 1352 2577 ex

167 2632 306 2691 mandato
329 2629 443 2691 summae
464 2629 620 2707 potestatis
641 2629 710 2709 agit.
745 2630 847 2707 Atque
868 2629 914 2690 his
934 2629 1046 2705 imperii
1067 2628 1265 2691 Democratici
1286 2628 1355 2689 fun·

168 2742 302 2802 damenta
322 2739 392 2803 satis
414 2743 488 2803 clare
507 2740 658 2803 ostendisse
676 2757 766 2817 puto;
785 2744 821 2803 de
840 2760 901 2819 quo
919 2760 978 2818 prae
997 2741 1133 2802 omnibus
1151 2758 1234 2819 agere
1252 2740 1354 2815 malui,

167 2853 237 2928 quia
267 2852 390 2914 maxime
422 2855 552 2915 naturale
584 2848 756 2929 videbat‘ur,
785 2869 815 2914 et
844 2852 966 2914 maxime
995 2856 1032 2915 ad
1059 2854 1239 2927 libertatem,
1266 2869 1353 2928 quam

166 2968 279 3027 Natura
310 2966 469 3044 unicuique
501 2968 654 3044 concedit,
687 2970 833 3028 accedere.
873 2968 949 3027 Nam
978 2966 1008 3026 ln
1037 2984 1073 3027 eo
1096 2982 1182 3026 nemo
1200 2964 1250 3040 J'us
1271 2962 1353 3025 suurn

167 3078 298 3138 naturale
319 3076 361 3138 ita
381 3078 412 3138 in
433 3078 555 3139 alterum
575 3078 730 3154 transfert,
748 3093 783 3138 ut
800 3076 877 3138 nulla
895 3075 948 3136 libi
968 3076 1152 3152 imposterum
1174 3073 1352 3135 consultatio

167 3188 219 3265 lit,
239 3188 289 3251 sed
309 3188 339 3249 in
360 3190 497 3266 majorem
525 3190 620 3252 totius
648 3190 806 3251 societatis
836 3204 963 3266 partem,
989 3187 1073 3265 cujus
1094 3188 1141 3247 ille
1163 3206 1250 3248 unam
1272 3187 1353 3248 facit.

167 3303 268 3378 Atque
289 3301 342 3361 hac
363 3302 477 3363 ratione
499 3320 601 3363 omnes
620 3317 753 3379 manent,
774 3316 808 3362 ut
829 3300 1043 3362 arrteaInstatu
1060 3300 1198 3375 naturali,
1217 3300 1351 3375 aequales.

165 3413 280 3475 Deinde
302 3414 416 3474 dehoc
438 3413 500 3475 solo
522 3414 645 3491 imperio
668 3433 705 3474 ex
725 3412 853 3490 professo
874 3432 958 3492 agere
980 3412 1081 3488 volui,
1111 3411 1180 3489 quia
1200 3414 1237 3473 ad
1257 3430 1351 3472 meum

163 3524 310 3586 intentum
331 3526 454 3586 maxime
477 3526 566 3603 facit,
587 3526 638 3604 qui
660 3528 697 3588 de
717 3526 847 3587 utilitate
868 3526 1012 3587 libertatis
1034 3526 1063 3585 in
1085 3526 1251 3601 Republica
1267 3543 1351 3604 agere

165 3637 379 3698 constitueram.
420 3638 610 3716 Reliquarum
638 3656 708 3717 ergo
736 3638 914 3714 potestatum
942 3638 1140 3700 fundamentis
1160 3637 1352 3715 supersedeo,

165 3768 220 3809 nec
241 3750 346 3825 nobis,
373 3765 405 3812 ut
435 3769 532 3812 earum
549 3750 599 3827 jus
620 3749 790 3825 noscamus,
810 3749 880 3810 scire
898 3750 957 3827 jam
980 3768 1057 3826 opus
1078 3750 1135 3825 est,
1156 3753 1233 3811 unde
1255 3766 1349 3811 ortum

165 3860 334 3938 habuerint,
354 3879 384 3923 et
406 3862 482 3939 saepe
503 3862 645 3939 babeant3
667 3864 696 3924 id
718 3863 794 3925 enim
817 3882 854 3923 ex
876 3866 965 3923 modo
985 3861 1103 3923 ostensrs
1120 3861 1191 3923 satis
1208 3862 1350 3938 superque

166 3973 289 4035 constat.
310 3976 386 4035 Nam
408 3975 541 4054 quisquis
562 3976 699 4037 summam
719 3977 810 4038 habet
831 3975 1020 4052 potestatem,
1040 3974 1101 4039 five
1123 3975 1271 4050 amusim,
1292 3973 1349 4036 slve

166 4083 268 4162 pauci,
299 4084 359 4149 slve
390 4088 518 4166 denique
549 4108 667 4166 omnes,
698 4104 808 4150 certum
838 4087 894 4167 est,
915 4087 942 4149 ei
964 4088 1102 4149 summum
1127 4086 1177 4163 jus
1209 4086 1349 4163 quicquid

172 4250 448 4263 —————-

197 4336 211 4368 ‘
248 4329 290 4381 Cf.
307 4334 403 4382 Annot.
420 4336 539 4383 XXXIII.
