2934 4900
180 346 216 394 ιι
594 336 650 397 ue
682 307 952 398 tntettectds
982 358 1021 385 υ

175 499 205 560 in
233 500 262 561 se
289 500 362 578 quid
390 504 483 579 reale,
512 518 542 565 et
570 503 690 567 omnino
713 503 858 567 diversum
879 508 915 568 ab
937 505 1001 582 ipso
1022 507 1121 568 Petro.
1163 507 1238 569 Cum
1259 507 1363 585 itaque

175 610 240 673 idea
271 611 349 675 Petri
380 613 414 675 lit
446 614 517 691 quid
548 616 642 691 reale,
670 616 781 677 habens
811 615 890 679 suam
921 616 1067 680 essentiam
1089 617 1282 695 peculiarem,
1305 618 1363 680 erit

175 723 261 785 etiam
293 725 365 803 quid
395 726 594 806 intelligibile,
622 728 653 790 id
684 729 742 802 esi,
771 727 918 804 objectum
949 728 1067 790 alterius
1097 728 1188 804 ideae,
1208 748 1273 806 quae
1294 729 1362 791 idea

173 836 294 899 habebit
322 836 351 899 in
381 838 409 899 se
437 838 584 916 obJ'eslive
609 858 695 901 omne
716 840 763 914 id,
784 842 867 917 quod
886 840 952 901 idea
972 840 1051 901 Petri
1071 841 1160 901 habet
1182 840 1362 916 formaliter,

175 964 205 1009 et
236 948 331 1011 rursus
361 950 442 1028 idea,
472 970 537 1029 que
568 952 609 1012 esi
640 951 712 1013 ideae
744 951 839 1027 Petri,
858 952 947 1013 habet
968 952 1073 1013 iterum
1093 951 1172 1014 suam
1194 951 1361 1028 essentiam,

175 1080 240 1149 que
258 1062 345 1123 etiam
365 1064 462 1140 potest
483 1064 538 1125 elie
560 1062 706 1141 objeslum
727 1064 847 1126 alterius
867 1062 958 1138 ideae,
979 1079 1010 1126 et
1030 1063 1068 1125 stc
1089 1061 1250 1126 indefinite.
1267 1065 1362 1148 Quod

175 1174 296 1251 quilque
328 1178 425 1252 potest
455 1177 596 1254 experiri,
627 1180 697 1239 dum
728 1176 811 1240 videt
840 1176 870 1239 se
901 1176 989 1253 scire,
1019 1177 1091 1254 quid
1119 1176 1154 1239 sit
1184 1179 1306 1254 Petrus,
1327 1195 1362 1241 et

175 1286 262 1347 etiam
290 1287 360 1350 scire
388 1306 419 1351 se
447 1288 534 1364 scire,
562 1306 592 1351 tt
621 1289 717 1351 rursus
743 1289 798 1351 scit
817 1289 846 1351 se
867 1290 956 1365 scire,
976 1291 1058 1365 quod
1078 1288 1149 1366 scit,
1169 1306 1227 1351 etc.
1268 1292 1362 1353 Unde

176 1398 309 1485 constat,
336 1402 438 1476 quiid,
466 1416 499 1463 ut
526 1401 708 1480 intelligatur
734 1401 851 1463 essentia
878 1400 979 1475 Petri,
1000 1419 1061 1462 non
1082 1401 1117 1463 sit
1137 1401 1247 1463 necesse
1268 1401 1361 1478 ipsam

175 1510 268 1572 ideam
288 1512 366 1573 Petri
385 1512 565 1591 intelligere,
582 1529 612 1575 et
631 1516 724 1576 multo
746 1513 841 1576 minus
861 1512 955 1575 ideam
976 1514 1048 1575 ideae
1069 1513 1164 1586 Petri;
1182 1517 1264 1591 quod
1280 1514 1361 1576 idem

175 1620 233 1696 esi,
253 1640 285 1683 ac
307 1622 327 1683 si
348 1623 490 1700 dicerem,
511 1643 571 1687 non
592 1625 647 1687 elie
669 1645 764 1703 opus,
783 1640 818 1687 ut
838 1625 925 1687 sciam
946 1629 1028 1702 quod
1049 1625 1135 1688 sciam
1153 1644 1199 1687 me
1219 1625 1309 1701 scire,
1326 1642 1361 1687 et

175 1734 375 1797 multominus
392 1735 453 1797 esse·
465 1756 541 1814 opus
558 1737 646 1813 scire,
660 1740 746 1815 quod
762 1736 848 1798 sciant
865 1755 911 1799 me
927 1736 1016 1813 scire;
1033 1755 1093 1799 non
1104 1736 1211 1815 magis,
1222 1755 1308 1813 quam
1320 1740 1361 1798 ad

174 1843 391 1925 intelligendam
419 1846 564 1909 essentiam
593 1848 746 1928 trianguli,
774 1866 851 1926 opus
884 1848 920 1910 sit
954 1847 1099 1909 essentiam
1130 1847 1231 1910 circuli
1266 1846 1277 1889 ¹
1312 1847 1359 1909 in-

175 1956 314 2033 telligere.
355 1958 412 2020 Sed
443 1959 620 2021 contrarium
651 1962 738 2022 datur
767 1960 799 2020 in
829 1960 875 2021 his
906 1959 1009 2021 ideis·
1029 1962 1104 2021 Nam
1135 1975 1169 2021 ut
1197 1960 1282 2020 sciam
1310 1978 1360 2022 me

175 2066 261 2143 scire,
283 2068 438 2130 necessario
459 2071 554 2132 debeo
575 2071 655 2147 priuis
677 2070 757 2133 scire.
789 2072 867 2133 Hinc
889 2087 991 2148 patet,
1006 2076 1094 2149 ⁴quod
1114 2072 1263 2135 cenitudo
1284 2072 1360 2135 nihil

175 2180 209 2243 stt
237 2194 343 2261 praeter
369 2184 457 2261 ipsam
485 2183 631 2275 essentiam
652 2185 844 2263 objeitivam3
864 2185 894 2247 id
915 2184 972 2261 est,
992 2188 1114 2259 modus,
1134 2202 1195 2261 quo
1216 2183 1360 2246 sentimus

74 2321 76 2324 ·
174 2294 321 2357 essentiam
341 2296 558 2372 formalem,esl
578 2296 639 2374 ipsa
660 2298 819 2359 certitudo.
860 2299 950 2360 Unde
971 2296 1075 2357 iterum
1097 2310 1195 2372 patet,
1217 2298 1299 2373 quod
1320 2298 1359 2357 ad

174 2406 378 2471 certitudinem
407 2407 540 2471 veritatis
566 2410 647 2471 nullo
669 2408 727 2472 alio
749 2409 830 2489 ligno
852 2408 887 2472 stt
907 2428 1000 2488 opus,
1021 2426 1108 2486 quam
1130 2426 1227 2472 veram
1250 2410 1359 2471 habere

174 2521 284 2584 ideam:
312 2523 407 2590 Nam.
435 2522 479 2584 uti
507 2521 705 2597 ostendimus,
732 2541 793 2583 non
814 2539 892 2599 opus
913 2522 970 2596 est,
991 2537 1026 2585 ut
1046 2521 1149 2596 sciam,
1169 2525 1250 2599 quod
1271 2521 1359 2583 sciam

175 2652 219 2695 tne
247 2633 327 2696 stite.
367 2635 415 2696 Ex
442 2634 550 2712 quibus
578 2635 687 2696 rursum
715 2649 815 2712 patet,
843 2633 985 2697 neminem
1013 2633 1093 2711 polle
1120 2633 1210 2710 scire,
1229 2634 1301 2710 quid
1321 2634 1359 2696 lit

174 2745 281 2809 summa
311 2747 476 2822 certitudo,
507 2747 559 2808 nili
589 2747 640 2823 qui
670 2748 761 2808 habet
791 2750 971 2824 adaequatam
1000 2746 1111 2821 ideam,
1137 2761 1188 2808 aut
1209 2745 1358 2808 effentiam

175 2857 349 2934 objedivam
370 2857 494 2934 alicuius
514 2858 569 2932 rei;
590 2858 737 2933 nimirum,
756 2857 824 2935 quia
844 2857 920 2920 idem
942 2858 983 2919 est
1003 2857 1151 2920 certitudo
1179 2873 1211 2919 et
1237 2856 1358 2920 essentia

175 2967 330 3046 objestiva.
362 2970 437 3031 Cum
458 2969 557 3046 itaque
579 2969 687 3031 veritas
709 2970 791 3032 nullo
810 2984 895 3048 egeat
917 2968 1015 3048 signu,
1035 2967 1084 3030 sed
1104 2967 1227 3030 sufficiat
1247 2967 1358 3029 hahere

175 3079 308 3142 esl'entiaa
329 3097 421 3142 return
443 3079 623 3158 objections,
650 3095 719 3154 aut,
741 3082 822 3156 quod
843 3079 919 3141 idem
940 3079 997 3154 est,
1017 3077 1113 3153 ideas,
1133 3093 1168 3140 ut
1188 3096 1275 3139 omne
1295 3079 1358 3140 tul·

174 3196 251 3256 latur
281 3193 417 3268 dubium
448 3193 515 3255 hinc
547 3193 694 3270 sequitur,
726 3197 808 3270 quod
835 3211 904 3256 vera
924 3211 984 3253 non
1006 3193 1047 3253 etl
1067 3192 1224 3254 methodus
1244 3193 1358 3270 signum

176 3305 308 3368 veritmis
329 3323 457 3382 quaerere
478 3306 543 3383 poss
565 3305 787 3382 acquistionem
808 3304 952 3379 idearum
978 3303 1028 3366 sed
1048 3306 1131 3380 quod
1152 3321 1220 3366 veta
1240 3305 1360 3366 merho-

175 3422 230 3481 dus
251 3418 291 3480 eli
312 3417 377 3494 via,
404 3432 437 3480 ut
458 3417 518 3495 ipsa
539 3417 665 3492 veritas,
685 3431 737 3478 nut
758 3415 883 3478 eslentiae
905 3415 1059 3493 obieslivae
1079 3432 1190 3490 rerum,
1211 3432 1262 3478 aut
1282 3415 1359 3478 ideae

176 3530 287 3608 (omnia
319 3528 368 3590 illa
402 3529 477 3591 idern
512 3527 686 3609 stffltihcant)
714 3527 817 3590 debito
845 3527 947 3590 ordine
988 3531 1001 3568 ²
1029 3542 1203 3603 querantur.
1245 3527 1360 3589 Rursus

176 3643 332 3703 methodus
349 3639 504 3703 necessario
522 3643 611 3703 debet
628 3640 712 3717 loqui
730 3643 768 3701 de
778 3639 1021 3713 ratiocinatione,
1032 3653 1083 3701 aut
1093 3642 1131 3701 de
1141 3638 1358 3716 intellehione3

176 3752 205 3814 id
233 3753 289 3826 est,
318 3753 474 3814 methodus
501 3769 561 3812 non
589 3751 629 3812 est
656 3749 749 3828 ipsum
771 3749 937 3813 ratiocinari
958 3753 995 3812 ad
1015 3749 1234 3829 intelligendum
1256 3750 1358 3812 causas

213 4007 219 4034 ¹
259 4001 343 4055 Nota.
375 3999 446 4062 quod
480 3997 521 4049 hic
546 4011 597 4050 non
624 3995 791 4061 inquirimus,
821 3997 952 4060 quomodo
982 3997 1062 4062 prinu
1095 3996 1196 4050 eliensis
1228 3995 1358 4061 obiestiva

176 4082 249 4134 nobis
276 4081 360 4133 innata
385 4081 424 4132 lit.
457 4083 519 4132 Nam
546 4080 571 4132 id
597 4079 708 4145 pertinet
733 4079 764 4130 ad
788 4078 1004 4147 investigationem
1021 4091 1134 4142 nature,
1151 4079 1195 4132 uhi
1211 4082 1263 4132 wc
1278 4080 1360 4132 frustm

176 4165 344 4230 explicantur,
359 4176 386 4214 et
403 4163 473 4216 simul
490 4161 645 4224 ollenditur,
658 4161 730 4226 quod
747 4175 839 4226 preter
855 4161 934 4213 ideam
950 4161 1019 4213 nulla
1033 4161 1107 4213 datur
1128 4161 1258 4214 affirmatio
1273 4176 1359 4228 neque

176 4247 294 4318 negatio,
311 4262 395 4314 neque
412 4247 461 4300 ulla
478 4246 606 4299 wluerus.

211 4337 221 4364 ²
259 4331 326 4400 Quid
343 4345 456 4396 quaere
473 4329 498 4382 in
518 4327 598 4380 anima
616 4329 662 4390 fit,
679 4323 820 4392 explicatur
835 4327 861 4378 in
879 4341 934 4379 mea
951 4325 1118 4391 Philosophia.
