2934 4900
555 346 694 425 Caput
725 348 763 409 11.
1192 350 1250 425 285

73 542 127 601 qua
146 523 246 585 existit
268 541 298 587 et
319 540 474 603 operatur,
495 525 572 587 nulla
595 524 648 587 alia
669 524 726 600 est,
748 543 835 601 quam
856 524 916 601 ipsa
937 525 994 587 Dei
1015 526 1165 603 potentia,
1185 545 1251 603 quae

73 634 200 697 absolute
221 635 311 697 libera
332 637 382 697 ost,

111 748 137 829 ξ.
158 749 212 809 lv.
254 750 308 812 Per
327 752 381 831 Jus
408 750 508 828 itaque
535 753 655 813 Naturae
685 750 818 830 intelligo
846 752 922 828 ipsas
948 752 1069 813 Naturae
1096 754 1175 831 leges
1202 752 1254 813 seu

74 861 198 939 regulas,
227 861 384 925 secundum
413 880 486 939 quas
515 862 610 923 omnia
639 863 731 938 liunt,
751 863 809 923 hoc
831 862 872 923 est
892 863 982 939 ipsam
1003 866 1124 925 Naturae
1146 880 1252 939 poten·

73 972 157 1049 tiam;
190 990 280 1051 atque
311 977 387 1035 adeo
417 973 512 1037 totius
542 976 683 1049 Naturae,
723 989 753 1034 et
783 973 997 1051 consequenter
1027 974 1253 1052 uniuscujusque

73 1084 231 1162 individui,
258 1088 388 1149 naturale
408 1089 462 1168 Jus
481 1105 518 1149 eo
540 1086 630 1163 usque
652 1086 680 1147 se
702 1086 855 1160 extendit,
876 1104 938 1163 quo
959 1084 1024 1162 ejus
1045 1086 1199 1162 potentia,
1221 1102 1253 1147 et

73 1196 284 1275 consequenter
313 1198 455 1275 quicquid
486 1196 683 1275 unusquisque
714 1198 805 1258 homo
837 1216 875 1258 er
906 1198 1022 1277 iegibus
1053 1198 1110 1259 luae
1141 1214 1252 1259 naturae

74 1307 145 1384 agir,
176 1309 208 1371 id
241 1308 349 1371 summo
380 1312 501 1373 Naturae
532 1312 601 1391 Jure
634 1309 711 1388 agit,
743 1324 916 1385 tantumque
944 1309 974 1370 itt
1002 1311 1143 1371 Naturam
1164 1310 1254 1371 habet

71 1422 154 1498 juris,
176 1438 320 1498 (quantum
341 1423 476 1499 potentii
497 1424 586 1483 valet.

109 1533 134 1613 S.
156 1536 195 1595 V.
239 1535 269 1595 Si
299 1534 389 1613 igitur
419 1554 485 1596 curu
515 1534 640 1596 humana
671 1549 773 1595 natura
804 1533 846 1594 ita
878 1548 1074 1610 comparatum
1107 1532 1192 1609 esset,
1220 1550 1255 1597 ut

75 1646 202 1709 hominen
224 1666 261 1709 ex
282 1647 345 1709 solo
367 1647 506 1709 Rationis
527 1647 696 1723 praescripto
718 1646 868 1722 viverent,
887 1664 941 1707 nec
963 1646 1042 1707 aliud
1063 1663 1253 1722 conarentur,

75 1774 129 1819 turn
150 1762 274 1821 Naturae
301 1762 372 1841 Jus,
400 1774 546 1837 quatenus
571 1758 690 1821 humani
710 1758 824 1837 generis
845 1758 995 1834 proprium
1015 1757 1070 1819 else
1091 1758 1239 1820 considera

76 1888 134 1948 tur,
165 1874 229 1933 sola
268 1872 407 1933 Rationis
446 1871 581 1949 potentia
620 1870 870 1933 determinaretur.
912 1872 969 1931 Sed
999 1868 1133 1931 homines
1163 1870 1254 1949 magis

74 2002 145 2045 cteca
166 1984 332 2061 cupiditate
354 2004 440 2063 quam
462 1984 592 2045 Ratione
614 1986 777 2058 ducuntur,
794 2001 827 2043 nc
850 1982 973 2057 proinde
994 1982 1145 2043 hominum
1166 1997 1253 2043 uatu-

74 2098 132 2161 ralit
153 2096 307 2173 potentia,
328 2098 387 2161 srue
407 2100 477 2179 Jus,
498 2116 558 2159 non
581 2096 726 2171 Ratione,
749 2095 798 2155 sed
818 2112 998 2171 quocunque
1019 2094 1172 2172 appetitu,
1190 2112 1253 2170 quo

74 2212 270 2289 adigendum
298 2209 544 2285 determinantur,
572 2226 693 2285 quoque
714 2208 743 2269 se
765 2206 936 2268 conservare
957 2222 1118 2282 conantur,
1140 2205 1254 2267 deliniri

74 2323 166 2383 debet.
207 2322 354 2398 Equidem
394 2322 510 2397 fateor,
540 2320 720 2398 cupiditates
752 2321 835 2393 illas,
866 2339 932 2397 quae
964 2338 1000 2380 ex
1032 2319 1163 2381 Ratione
1193 2337 1254 2381 non

74 2432 224 2510 oriuntur,
252 2453 311 2496 non
344 2450 401 2496 tam
433 2434 563 2497 adliones
595 2455 680 2512 quam
713 2434 856 2511 passiones
877 2430 933 2493 eise
954 2433 1103 2494 humanas.
1144 2434 1254 2493 Verum

74 2546 135 2620 quia
155 2547 205 2608 hic
227 2549 264 2608 ‹le
284 2549 405 2608 Naturae
428 2545 581 2610 universali
604 2547 740 2622 potentia
762 2544 812 2607 seu
832 2547 901 2625 Jurc
922 2545 1050 2624 agimus,
1079 2546 1185 2606 nuliam
1206 2544 1253 2605 hic

74 2655 224 2734 agnoscere
247 2658 394 2734 possumus
420 2659 612 2720 differentiam
641 2658 718 2718 inter
739 2657 937 2734 cupiditates,
958 2675 1023 2732 quae
1045 2675 1083 2716 ex
1105 2656 1255 2727 Ratione,

75 2785 99 2828 et
126 2771 205 2832 inter
232 2771 310 2846 illae,
339 2789 404 2848 quae
431 2789 469 2831 ex
498 2769 561 2832 aliis
590 2770 681 2832 causrs
710 2769 740 2829 in
769 2769 856 2830 nobis
878 2770 1098 2848 ingenerantur:
1120 2770 1254 2844 quando·

76 2883 187 2956 quidem
218 2899 275 2944 tam
303 2883 348 2944 irae
376 2901 462 2972 quam
491 2883 546 2944 illae
567 2884 688 2944 effeetus
708 2884 828 2943 Naturae
850 2881 934 2955 sunt,
955 2880 1074 2956 uimque
1095 2881 1253 2941 naturalem

75 2997 236 3072 explicant,
267 3015 324 3072 qua
355 2975 445 3057 iionro
476 2996 505 3057 in
538 2995 591 3057 suo
622 2993 677 3056 effe
709 2993 893 3070 perseverare
924 3007 1058 3053 conatur.
1099 2992 1149 3052 Est
1177 2993 1254 3052 enim

75 3105 172 3184 homo,
201 3106 261 3169 srue
289 3107 405 3182 sapient
431 3107 490 3170 slve
519 3107 636 3185 ignarus
664 3105 717 3180 stt,
745 3107 866 3166 Naturae
888 3121 971 3180 pars,
991 3119 1021 3164 et
1042 3102 1072 3163 id
1093 3122 1197 3178 omne,
1217 3122 1254 3162 ex

75 3237 129 3293 quo
157 3218 357 3296 unusquisque
386 3221 423 3281 ad
450 3221 594 3296 agendum
624 3215 850 3291 determinatur,
878 3219 914 3277 ad
942 3217 1063 3275 Naturae
1092 3214 1254 3290 potentiam

74 3332 165 3391 rel'erri
198 3333 305 3404 debet,
335 3349 439 3406 nempe
471 3345 617 3407 quatenus
649 3329 711 3389 haec
744 3347 795 3404 per
825 3344 957 3389 naturam
985 3326 1072 3403 hujus
1100 3343 1151 3388 aut
1179 3327 1255 3388 illiue

76 3439 197 3504 hominis
225 3443 337 3505 definiri
365 3442 472 3518 potest.
513 3440 596 3502 Nihil
626 3459 750 3516 namque
776 3440 883 3513 homo,
904 3439 954 3500 seu
975 3438 1105 3500 Ratione
1126 3439 1176 3500 seu
1196 3438 1255 3498 sola

76 3553 235 3628 cupiditate
256 3557 377 3631 dusius,
399 3553 478 3632 agit,
503 3551 554 3612 nist
578 3553 735 3614 secundum
756 3554 835 3631 seges
856 3567 886 3612 et
907 3551 1021 3629 regulas
1041 3551 1178 3626 Naturae,
1198 3550 1256 3610 hoc

76 3663 111 3720 est
131 3665 204 3743 (per
226 3664 296 3724 Ara.
317 3685 346 3744 4.
367 3663 455 3740 husius
478 3665 565 3743 Cap.)
587 3683 624 3724 ex
646 3665 767 3726 Naturae
787 3665 866 3744 Jure.

111 3775 136 3854 ς.
157 3777 211 3836 Vi.
252 3779 295 3836 ult
325 3776 472 3854 plerique,
503 3776 618 3854 ignaros
650 3777 770 3836 Naturae
802 3775 933 3836 ordinem
965 3773 1055 3852 magis
1086 3775 1255 3850 perturbate

76 3903 156 3960 quam
177 3887 276 3964 sequi,
298 3892 437 3964 credunt,
466 3903 495 3949 et
524 3887 657 3949 homines
678 3888 706 3948 in
729 3889 842 3949 Natura
864 3886 957 3948 veluti
979 3885 1130 3961 imperium
1151 3885 1180 3946 in
1201 3886 1255 3946 im⁴

78 4001 153 4071 perio
175 4001 358 4077 concipiunt.
393 4003 468 4062 Nam
490 4003 622 4062 Mentem
644 4001 797 4062 humanam
818 4019 833 4060 a
855 3999 941 4060 nuliis
962 3999 1053 4060 causis
1074 3999 1256 4059 naturalibus

78 4109 200 4174 statuunt
222 4113 363 4190 produci,
386 4113 432 4175 sed
455 4135 470 4176 a
492 4117 558 4175 Deo
579 4112 745 4174 immediate
766 4111 856 4173 creari
863 4157 873 4187 ,
894 4131 910 4172 a
931 4110 1052 4188 reliquis
1072 4113 1159 4172 rebus
1179 4112 1255 4170 adeo

79 4219 332 4302 independentem,
360 4241 393 4286 ut
422 4225 582 4288 absolutam
610 4226 715 4286 habeat
744 4223 919 4299 potestatem
946 4221 1004 4282 sese
1026 4220 1255 4294 determinandi,

80 4349 106 4390 et
126 4336 252 4396 Ratione
274 4339 349 4398 recle
373 4335 484 4398 utendi.
505 4337 562 4396 Sed
584 4335 765 4412 experientia
788 4334 856 4396 satis
878 4333 1021 4410 superque
1043 4335 1153 4404 docet,
1173 4331 1256 4407 quod
