2934 4900
223 322 282 391 354
580 309 820 369 Tractatus
860 305 1047 367 Politici

222 505 282 563 quo
314 486 374 563 ipsa
407 487 475 547 urbs
505 484 597 561 major
629 485 683 561 est;
714 503 747 545 ac
779 484 902 560 proinde
931 501 1033 545 omnes
1054 485 1142 544 urbes
1161 483 1289 559 aequales
1308 481 1415 542 haberi
1450 516 1451 557 3

207 612 382 673 nequeunt.
422 597 480 657 Sed
502 611 534 657 ut
557 594 785 673 uniuscujusque
806 596 960 671 potentia,
980 595 1022 655 ita
1044 594 1133 657 etiam
1154 593 1282 671 ejusdem
1300 592 1357 669 jus
1378 611 1415 652 ex

221 710 309 787 ipsius
340 710 539 790 magnitudine
571 709 700 771 aestimari
731 712 830 771 debet,
870 709 996 770 Vincula
1027 726 1116 784 vero,
1144 706 1251 783 quibus
1272 706 1416 783 adstringi

221 825 347 900 debeat,
374 839 407 883 ut
438 842 527 885 unum
556 822 707 899 imperium
736 838 935 899 componant,
957 821 1085 897 apprime
1107 821 1174 881 sunt
1196 821 1268 899 (per
1288 819 1364 879 Art.
1390 836 1415 877 r.

223 936 295 1014 Cap.
315 938 358 1015 4)
380 937 504 997 Senatus
526 950 555 995 et
578 936 694 997 Forum.
725 936 887 1017 Quomodo
910 949 1008 995 autem
1030 952 1071 994 eae
1093 951 1194 993 omnes
1214 930 1260 991 his
1282 930 1417 993 vinculis

221 1047 261 1107 ita
283 1048 455 1123 copulanda
477 1048 560 1123 sunt,
590 1064 622 1108 ut
645 1066 742 1109 earum
764 1063 862 1109 tamen
883 1064 1068 1123 unaquaque
1091 1043 1247 1121 suijuris,
1267 1059 1415 1119 quantum

220 1161 281 1221 deri
302 1162 418 1238 potest,
439 1178 570 1237 maneat,
591 1161 721 1223 breviter
741 1161 789 1221 hic
812 1161 970 1222 ostendam

260 1272 286 1354 §.
308 1276 346 1334 V.
387 1276 501 1349 Nempe
522 1272 749 1350 uniuscujusque
771 1272 851 1333 urbis
872 1270 1036 1345 Patricius,
1058 1269 1110 1346 qui
1132 1288 1186 1344 pro
1207 1266 1413 1347 magnitudine

219 1386 299 1448 urbis
328 1386 399 1466 (per
426 1386 496 1447 Art.
523 1403 550 1463 3.
580 1384 667 1461 lausus
697 1386 783 1464 Cap.)
812 1387 910 1461 plures
938 1398 989 1445 aut
1018 1382 1172 1458 pauciores
1200 1380 1255 1442 elie
1283 1382 1414 1454 debent,

219 1500 358 1561 summum
385 1498 413 1560 in
444 1497 522 1559 suam
552 1500 651 1559 urbem
676 1496 727 1573 jus
754 1497 861 1557 habere
891 1493 1049 1571 concipio,
1070 1493 1180 1571 eosque
1201 1494 1231 1553 in
1252 1492 1414 1565 Concilio,
1450 1580 1451 1583 Ἴ

219 1614 301 1688 quod
327 1610 404 1673 illius
433 1609 512 1671 urbis
541 1608 712 1686 supremum
735 1609 794 1683 est,
823 1608 958 1669 summam
987 1607 1094 1668 habere
1114 1606 1288 1682 potestatem
1309 1608 1413 1666 urbem
1450 1621 1451 1663 a

219 1720 386 1797 muniendi,
407 1721 527 1799 ejusque
549 1720 655 1782 moenia
676 1720 835 1797 dilatandi,
856 1720 1009 1799 vedigalia
1031 1718 1219 1796 imponendi,
1239 1720 1320 1795 leges
1339 1736 1414 1777 con·
1450 1748 1451 1753 κ

219 1834 307 1896 dendi
336 1850 365 1894 et
394 1834 569 1913 abrogandi,
599 1848 629 1894 et
659 1834 755 1894 omnia
784 1834 916 1894 absolute
946 1832 1068 1911 agendi,
1097 1850 1163 1908 quae
1191 1834 1227 1892 ad
1248 1830 1308 1892 suae
1332 1830 1413 1890 urbis

219 1926 472 2013 conservationem
494 1965 524 2009 et
545 1948 757 2009 incrementum
778 1947 931 2009 necessaria
953 1946 1008 2007 eise
1026 1945 1171 2022 judicant.
1208 1946 1256 2005 Ad
1279 1962 1413 2005 commu-

219 2062 266 2125 nia
288 2055 388 2123 auteni
405 2061 517 2136 imperii
539 2060 659 2139 negotia
680 2062 829 2121 tradlanda
855 2060 981 2120 Senatus
1003 2060 1146 2120 creandus
1167 2056 1265 2117 estiis
1287 2057 1410 2117 omnino

219 2172 458 2247 conditionibus,
489 2191 561 2249 quas
594 2171 623 2232 in
656 2174 781 2247 praeced.
813 2171 887 2247 Cap.
921 2170 1065 2243 diximum
1093 2169 1134 2231 ita
1163 2184 1197 2230 ut
1226 2168 1303 2229 inter
1330 2168 1410 2229 hunc

219 2286 358 2345 Senatum
387 2300 417 2345 et
444 2283 523 2345 illum
552 2285 630 2345 nulla
658 2283 712 2343 alia
734 2282 768 2343 sat
790 2282 972 2357 differentia,
994 2300 1080 2359 quam
1102 2284 1183 2358 quod
1204 2280 1253 2341 hic
1275 2280 1409 2340 authori-

220 2412 309 2458 tatem
342 2395 428 2456 etiam
460 2395 566 2457 habeat
597 2394 750 2458 dirimendi
781 2393 977 2472 quaestiones,
1016 2412 1082 2471 quae
1115 2392 1191 2457 inter
1221 2394 1308 2454 urbes
1342 2392 1410 2453 oriri

221 2508 347 2584 poliunt.
388 2510 463 2568 Nant
483 2509 541 2568 hoc
562 2507 592 2568 in
613 2508 670 2568 hoc
693 2507 833 2584 impeti0,
861 2507 946 2584 cuius
968 2507 1045 2567 nulla
1067 2509 1136 2567 urba
1158 2519 1248 2580 caput
1269 2504 1328 2578 eli,
1350 2523 1408 2564 noa

222 2621 334 2696 potest,
355 2636 388 2681 ut
409 2621 439 2681 in
461 2619 528 2696 illo,
545 2639 560 2680 a
576 2619 710 2696 supremo
733 2619 872 2680 Concilio
892 2619 955 2680 fieri
977 2619 1058 2695 (vide
1069 2617 1139 2678 Art.
1152 2618 1199 2700 38.
1207 2630 1298 2695 praec.
1312 2617 1408 2695 Cap).

156 2797 161 2819 f
259 2731 288 2812 §.
309 2733 362 2792 VI.
404 2731 549 2792 Caeterum
579 2730 607 2790 in
636 2731 694 2791 hoc
723 2729 846 2806 imperio
868 2730 1030 2806 supremum
1051 2728 1218 2792 Concilium
1239 2747 1408 2790 convocan-

220 2847 289 2906 dum
311 2863 371 2906 noa
394 2845 450 2919 est,
478 2843 530 2904 nisa
553 2862 629 2919 opus
651 2843 684 2904 sit
706 2843 799 2919 ipsum
828 2843 983 2920 Imperium
1004 2845 1176 2917 reformate,
1197 2843 1244 2904 vel
1266 2841 1297 2902 in
1317 2844 1407 2903 arduo

222 2955 320 3032 aliquo
350 2954 472 3034 negotio
479 3000 489 3031 ,
518 2958 552 3017 ad
576 2957 657 3032 quod
678 2957 876 3032 peragendum
896 2956 1054 3016 Senatores
1076 2953 1104 3014 se
1126 2953 1249 3030 impares
1270 2951 1329 3012 elle
1350 2971 1402 3012 cre-

221 3068 308 3141 dent;
330 3080 418 3141 atque
441 3067 516 3126 adeo
538 3083 601 3125 raro
623 3067 780 3126 admodum
801 3067 871 3141 fiet,
893 3082 928 3127 ut
951 3084 1052 3126 omnes
1073 3063 1190 3126 Patricii
1202 3064 1231 3124 in
1243 3064 1407 3125 Concilium

222 3191 376 3239 vocentur.
417 3178 493 3236 Nam
522 3175 700 3252 praecipuum
730 3177 853 3252 supremi
882 3177 1010 3239 Concilii
1039 3176 1169 3238 officium
1197 3174 1251 3236 ess'e
1283 3175 1409 3236 diximus

224 3291 303 3368 (Art.
328 3307 373 3365 17.
395 3307 480 3366 praec.
502 3288 608 3368 Cap),
637 3290 714 3367 leges
737 3292 863 3351 condere
885 3306 914 3350 et
938 3291 1095 3371 abrogare,
1119 3305 1150 3349 et
1171 3287 1277 3351 deinde
1298 3287 1408 3364 imperii

223 3401 366 3462 ministros
388 3401 501 3479 eligere.
523 3403 565 3460 At
585 3403 675 3479 leges,
698 3399 756 3464 five
777 3401 943 3462 communia
965 3400 1060 3464 totius
1082 3400 1194 3478 imperii
1211 3399 1296 3477 jura,
1315 3398 1405 3460 fimul·

223 3531 312 3590 arque
344 3513 474 3575 instituta
496 3512 561 3575 sunt
572 3557 582 3588 ,
611 3512 755 3574 immutari
777 3532 837 3574 nou
860 3516 979 3574 debent.
1020 3515 1112 3595 Quod
1133 3513 1153 3572 sr
1174 3529 1271 3574 tamen
1293 3529 1405 3588 tempus

224 3641 253 3685 et
282 3624 395 3686 occaiio
425 3626 514 3700 ferat,
543 3641 576 3686 ut
604 3642 715 3690 novum
744 3625 866 3702 aliquod
890 3625 940 3701 jus
968 3625 1175 3686 instituendum
1201 3624 1254 3700 sat,
1281 3641 1332 3685 aut
1349 3625 1405 3701 jam

224 3735 361 3802 statutum
382 3739 566 3812 mutandum,
587 3737 686 3813 potest
706 3737 788 3813 prius
810 3741 847 3800 de
868 3740 972 3799 eodem
994 3738 1117 3815 quaestio
1130 3738 1159 3799 in
1170 3740 1280 3798 Senatu
1296 3737 1405 3810 haberi,

224 3865 254 3909 ct
282 3848 433 3926 postquam
462 3852 586 3911 Senatus
614 3851 643 3910 in
673 3869 710 3910 eo
733 3849 925 3927 convenerit,
946 3866 1008 3912 tum
1030 3850 1136 3912 deinde
1156 3848 1244 3928 legati
1265 3852 1303 3910 ad
1323 3851 1404 3910 urbes

225 3963 261 4022 ab
282 3961 345 4037 ipso
365 3963 474 4022 Senatu
494 3963 660 4039 mittantur,
691 3963 743 4038 qui
773 3962 1000 4039 uniuscuiusque
1021 3960 1100 4022 urbis
1120 3959 1264 4021 Patricius
1284 3961 1404 4020 Senatus

226 4073 397 4134 sententiam
425 4077 566 4152 doceant;
588 4091 617 4136 et
638 4073 658 4134 sa
681 4075 809 4151 denique
836 4074 929 4151 major
956 4074 1070 4135 urbium
1098 4091 1165 4149 pars
1186 4072 1215 4133 in
1237 4071 1402 4132 sententiam

226 4187 351 4248 Senatus
379 4186 483 4263 iverit,
511 4203 544 4248 ut
573 4203 634 4248 tum
661 4186 721 4263 ipsa
750 4203 812 4248 rata
840 4202 972 4262 maneat,
1004 4187 1073 4247 alias
1100 4186 1189 4246 irrita.
1230 4187 1330 4262 Atque
1359 4186 1402 4244 hic

227 4299 302 4359 idem
335 4302 408 4359 ordo
440 4299 469 4359 in
502 4299 642 4377 eligendis
674 4299 799 4362 ducibus
830 4299 994 4376 exercitus,
1023 4314 1053 4360 et
1074 4297 1177 4376 legatis
1198 4297 1226 4357 in
1248 4296 1303 4358 alia
1323 4316 1402 4374 regna
