2934 4900
186 356 225 399 αα
597 339 653 399 De
685 338 953 399 Intellectus

185 530 271 589 quarn
292 510 428 576 novimus
449 527 579 575 naturam
600 512 716 589 circuli,
746 532 780 575 ac
801 512 889 575 etiam
910 528 1041 575 naturam
1062 513 1210 591 quadrati,
1226 513 1286 591 jam
1306 532 1375 577 non

185 620 296 698 poll'um
326 641 359 683 ea
390 626 451 685 duo
482 642 672 701 componere,
699 640 730 685 et
751 624 890 688 circulum
911 626 1006 687 facere
1027 629 1215 703 quadratum,
1235 643 1287 688 aut
1306 626 1376 687 ani-

185 752 258 796 marn
279 736 463 812 quadratam,
488 752 518 797 et
538 734 647 797 similia.
688 736 907 799 Concludamus
928 736 1032 799 iterum
1053 736 1197 813 breviter,
1217 751 1248 799 et
1268 737 1376 801 videa·

185 864 268 921 mus,
288 848 439 923 quomodo
460 846 539 910 sidio
561 848 641 909 nullo
662 850 752 909 modo
773 848 809 908 fit
830 846 974 923 timenda,
1003 864 1036 910 ut
1056 867 1090 909 ea
1111 866 1176 909 cum
1196 848 1275 911 veris
1295 848 1376 911 ideis

184 957 390 1020 confundatur.
430 960 505 1019 Nam
536 960 635 1036 quoad
666 958 802 1035 primam,
830 962 867 1021 de
888 978 947 1037 qua
967 959 1048 1036 prius
1068 959 1162 1021 locuti
1183 958 1296 1035 sumus,
1318 960 1374 1022 ubi

186 1066 295 1130 scilicet
324 1088 369 1131 res
399 1070 473 1133 clare
503 1070 687 1147 concipitur,
718 1070 864 1149 vidimus,
895 1073 977 1149 quod
1007 1071 1028 1133 st
1055 1090 1089 1133 ea
1116 1090 1181 1147 res,
1209 1091 1274 1149 quae
1294 1074 1375 1133 clare

186 1178 367 1257 concipitur,
387 1198 417 1243 et
437 1180 524 1243 etiam
545 1180 633 1259 iplius
650 1182 824 1259 existentia,
843 1181 878 1245 stt
900 1200 951 1259 per
972 1182 1000 1245 se
1022 1198 1129 1245 aeterna
1149 1180 1278 1260 veritas,
1298 1183 1376 1243 nihil

186 1291 262 1355 circa
283 1294 368 1355 talem
388 1312 446 1356 rem
467 1294 629 1371 poterimus
648 1296 770 1377 fingere;
790 1295 840 1359 sed
860 1296 882 1356 st
902 1294 1054 1358 existentia
1074 1296 1115 1357 rei
1137 1312 1287 1373 conceptae
1308 1315 1375 1357 non

187 1404 223 1467 stt
247 1421 353 1468 aeterna
378 1404 506 1483 veritas,
535 1420 649 1469 tantum
669 1406 710 1467 est
730 1407 909 1484 curandum,
930 1422 964 1468 ut
984 1405 1137 1468 existentia
1158 1405 1199 1467 rei
1220 1424 1286 1469 cum
1306 1405 1375 1483 ejus

187 1516 305 1580 esentia
324 1520 504 1595 conseratur,
536 1535 567 1581 et
592 1520 673 1582 simul
693 1522 730 1582 ad
751 1519 883 1582 ordinem
901 1522 1023 1581 Naturae
1044 1522 1222 1583 attendatur.
1262 1520 1376 1602 Quoad

187 1628 339 1693 secundant
359 1630 520 1706 sidionem,
541 1650 627 1708 quarn
648 1630 775 1693 diximus
795 1630 849 1693 else
869 1630 951 1693 simul
970 1632 1163 1694 attentionem
1184 1632 1242 1693 line
1261 1630 1374 1693 assensu

187 1742 224 1803 ad
245 1740 370 1804 diversas
391 1740 471 1804 ideas
490 1742 643 1819 confusas,
670 1762 736 1821 quae
758 1742 825 1805 sunt
844 1742 1018 1806 diversarum
1038 1762 1130 1805 rerum
1159 1760 1248 1820 atque
1278 1742 1373 1807 allio-

188 1870 276 1928 num,
296 1852 326 1914 in
347 1854 460 1914 Natura
486 1852 685 1931 existentium
712 1854 840 1917 vidimus
865 1854 953 1917 etiam
980 1871 1040 1915 rem
1067 1853 1290 1931 simplicilllmam
1310 1873 1376 1916 non

189 1962 268 2040 polle
295 1963 364 2043 lingi
392 1964 440 2026 sed
469 1964 605 2045 intelligi,
631 1982 662 2027 et
689 1966 776 2027 ctiam
805 1985 863 2028 rem
883 1965 1087 2043 composttam‚
1107 1969 1197 2029 modo
1218 1970 1255 2029 ad
1274 1983 1376 2045 partes

189 2074 414 2151 stmplicillmas‚
442 2094 479 2137 ex
507 2077 614 2153 quibus
642 2076 845 2154 componitur,
872 2079 1071 2153 attendamus3
1092 2076 1151 2138 imo
1172 2096 1226 2139 nce
1247 2096 1284 2138 ex
1304 2077 1376 2154 iplis

190 2184 262 2245 ullas
292 2184 437 2262 astionem
468 2205 533 2264 quae
565 2206 639 2250 verae
671 2206 731 2249 non
763 2188 846 2264 sunt,
877 2208 932 2251 nos
952 2188 1032 2266 polle
1053 2190 1176 2269 fingere:
1197 2191 1273 2251 Nam
1293 2188 1377 2251 simul

189 2314 327 2375 cogemur
346 2297 549 2375 contemplati,
571 2301 721 2377 quomodo
744 2316 775 2361 et
794 2318 846 2362 cur
866 2301 923 2362 tale
944 2300 1016 2377 quid
1035 2301 1097 2362 fiat.

231 2408 286 2472 His
305 2408 343 2471 lic
365 2408 533 2488 intonueris,
554 2411 729 2476 transeamus
746 2412 806 2492 jam
826 2416 864 2476 ad
883 2412 1100 2492 inquisitionem
1121 2415 1196 2477 ldeae
1217 2413 1321 2491 Falsa,
1341 2430 1377 2476 ut

190 2521 357 2598 videamus,
388 2521 463 2585 circa
494 2543 559 2601 quae
590 2525 731 2601 versetur,
759 2541 790 2587 et
819 2528 970 2604 quomodo
992 2525 1079 2588 nobis
1098 2527 1235 2604 possimus
1255 2545 1378 2602 cauere,

191 2655 228 2698 ne
249 2636 279 2698 in
299 2635 383 2698 falsas
402 2635 607 2714 perceptiones
631 2637 802 2700 incidamus.
842 2640 934 2722 Quod
954 2653 1109 2716 utrumque
1130 2658 1190 2700 non
1211 2639 1266 2700 erit
1286 2638 1377 2701 nobis

187 2747 246 2824 jam
268 2747 384 2810 difficile
404 2764 476 2826 post
495 2747 711 2826 inquisitionem
732 2749 804 2812 ideae
825 2750 916 2813 filla:
942 2768 1007 2812 nam
1028 2750 1103 2811 inter
1123 2749 1200 2827 ipsas
1220 2751 1297 2812 nulla
1317 2749 1376 2810 alia

191 2863 277 2923 datur
305 2859 486 2935 differentia,
514 2859 565 2922 nist
592 2863 674 2938 quod
701 2863 764 2922 haec
791 2861 939 2939 supponat
967 2860 1124 2938 assensum,
1153 2863 1210 2922 lroc
1241 2861 1283 2922 est
1312 2861 1376 2940 (uti

187 2972 247 3050 jam
278 2972 480 3055 notavimus),
500 2976 581 3051 quod
602 2975 687 3036 nullae
720 2973 882 3038 offeruntur
902 2974 1014 3050 causa,
1035 2977 1104 3036 dum
1124 2973 1375 3051 repraesentamina

191 3083 242 3161 ipst
265 3083 442 3160 offeruntur,
463 3085 587 3162 quibus,
608 3085 681 3148 stcut
701 3087 828 3167 lingens,
849 3087 935 3164 pollit
955 3086 1109 3166 colligere,
1130 3105 1163 3148 ea
1184 3105 1245 3147 non
1267 3083 1337 3147 oriri
1358 3105 1375 3146 a

191 3199 277 3258 rebus
298 3212 379 3258 extra
400 3196 443 3272 se,
464 3213 495 3259 et
515 3200 598 3274 quod
618 3199 676 3260 fere
698 3197 771 3259 nihil
790 3197 870 3261 aliud
889 3198 939 3276 stt,
959 3217 1046 3276 quam
1066 3196 1161 3260 oculis
1183 3196 1304 3274 apertis,
1314 3198 1376 3258 five

192 3310 261 3370 dum
281 3307 451 3388 vigilamus,
476 3308 624 3372 somniare.
665 3311 805 3374 Versatur
823 3311 922 3389 itaque
943 3311 1008 3373 idea
1028 3309 1114 3386 falsa,
1135 3312 1182 3373 vel
1202 3311 1252 3389 (ut
1271 3309 1377 3372 melius

117 3459 119 3464 -
191 3419 308 3500 loquar)
339 3421 460 3483 refertur
490 3424 527 3483 ad
557 3421 737 3484 existentiam
763 3423 820 3500 rei,
847 3423 933 3502 cujus
953 3422 1069 3485 ellentia
1090 3421 1294 3502 cognoscitur,
1313 3422 1377 3485 stve

192 3529 268 3593 circa
295 3529 458 3607 essentiam,
487 3513 589 3595 eodem
611 3536 700 3596 modo
721 3553 755 3595 ac
775 3533 840 3596 idea
861 3536 936 3597 lida.
976 3537 1050 3619 Quae
1071 3536 1108 3596 ad
1128 3534 1310 3598 existentiam
1330 3552 1376 3595 re-

191 3645 297 3719 fertur,
325 3646 493 3706 emendatur
517 3645 620 3706 eodem
647 3648 737 3707 modo
766 3663 799 3705 ac
825 3644 921 3708 finio:
950 3664 1015 3707 nam
1041 3644 1061 3706 st
1093 3662 1194 3707 natura
1222 3645 1262 3707 rci
1293 3662 1376 3710 notae

191 3755 338 3832 supponat
358 3753 537 3817 existentiam
557 3754 751 3831 necesarium,
780 3755 948 3834 impossibile
968 3756 1023 3832 est,
1043 3772 1077 3820 ut
1098 3757 1174 3820 circa
1194 3757 1377 3820 existentiam

191 3865 267 3928 illius
287 3867 328 3928 rei
348 3867 494 3944 sallamur;
515 3868 563 3930 sed
584 3867 604 3930 fi
625 3868 776 3930 existentia
797 3869 837 3929 tei
859 3887 919 3931 non
940 3869 975 3930 fit
996 3886 1102 3932 aterna
1122 3869 1247 3946 veritas,
1268 3871 1313 3933 uti
1335 3872 1377 3932 est

191 3978 255 4056 eJus
280 3978 413 4056 ell‘entia,
445 3979 494 4044 sed
514 3982 595 4058 quod
616 3981 763 4043 neceffitas
784 3996 836 4042 aut
856 3980 1065 4058 impolllbilitas
1085 3981 1226 4044 existendi
1246 3984 1376 4060 pendeat

192 4111 208 4152 a
229 4091 320 4152 causts
346 4091 488 4168 externis3
512 4110 574 4155 tunt
602 4111 673 4170 cape
694 4091 792 4154 omnia
812 4095 916 4155 eodem
935 4096 1043 4170 modo,
1063 4114 1124 4172 quo
1146 4093 1287 4170 diximus,
1307 4114 1375 4156 cutn

193 4205 228 4265 de
249 4203 366 4268 ficlione
394 4204 484 4267 sermo
513 4203 596 4267 elset:
618 4223 682 4268 nam
704 4209 807 4268 eodem
828 4209 918 4268 modo
938 4208 1115 4268 emendatur.
1156 4208 1246 4290 Quod
1267 4206 1377 4268 attinet

193 4317 230 4378 ad
258 4317 391 4393 alteram,
421 4337 485 4396 quae
511 4319 548 4380 ad
573 4318 705 4381 essentias
731 4319 866 4396 refertur,
894 4321 941 4384 vel
966 4320 1054 4382 etiam
1080 4324 1117 4384 ad
1138 4320 1281 4397 altiones,
1302 4322 1376 4382 tales
