2934 4900
203 315 263 398 484
678 315 918 378 Tractatut

203 493 307 555 iterum
335 491 366 554 in
394 491 482 554 tertie
509 491 632 569 persona
659 494 813 569 loquendo
841 507 956 552 narrare
984 491 1098 569 pergit,
1118 492 1274 568 quomodo
1294 488 1397 551 Moser

203 603 277 666 hanc
298 605 390 683 legem
412 604 513 682 (quam
534 602 645 665 scilicet
661 587 865 681 explicuerat)
887 603 1004 678 populo
1026 602 1137 679 scripto
1158 601 1298 676 tradidit,
1314 620 1396 662 eum·

203 733 261 792 que
292 715 440 777 noviffime
471 715 604 793 monuit,
636 731 667 776 et
699 717 854 792 quomodo
886 716 1005 776 tandem
1037 714 1129 778 vitam
1160 713 1281 774 finierit.
1321 714 1397 794 Qut

205 825 322 901 omnia,
350 843 454 903 nempe
481 829 586 889 modus
614 827 774 903 loquendi,
803 825 987 902 testimonia,
1013 842 1044 887 et
1069 825 1133 903 ipse
1152 825 1251 887 totius
1269 823 1397 886 historiar

205 951 381 1010 contextus,
411 939 496 1014 plane
527 927 666 1015 suadent,
698 939 754 1000 hot
785 938 878 1000 libror
909 940 947 999 ab
976 937 1055 1015 aiio,
1081 955 1144 1000 non
1164 940 1202 1000 ab
1221 936 1290 1013 ipso
1311 936 1398 997 Mose

204 1047 287 1110 fuisse
315 1047 507 1128 conscriptor.
548 1051 586 1111 11.
614 1049 697 1114 venit
727 1049 815 1111 etiam
843 1051 1024 1126 notandum,
1045 1053 1129 1126 quod
1149 1050 1180 1110 in
1200 1050 1257 1110 bac
1277 1049 1399 1110 historia

204 1176 265 1220 non
292 1175 405 1222 tantum
434 1176 579 1237 narratur,
608 1165 761 1240 quomodo
790 1161 892 1223 Moses
920 1160 1049 1237 obierit,
1077 1161 1211 1237 sepultus
1236 1161 1348 1236 fuerit,
1369 1176 1400 1220 et

205 1271 347 1332 Hebraeos
375 1271 496 1350 triginta
523 1273 586 1334 dies
607 1273 637 1334 in
657 1274 768 1336 luiium
789 1271 968 1350 conjecerit,
989 1271 1040 1334 sed
1060 1275 1143 1350 quod
1164 1270 1302 1348 insuper,
1321 1273 1401 1333 faeta

205 1382 424 1458 comparatione
456 1381 520 1461 ejua
550 1401 616 1446 cum
648 1384 786 1447 omnibus
817 1383 993 1460 Prophetis,
1024 1385 1079 1461 qui
1108 1384 1211 1461 postea
1237 1383 1401 1458 vixerunt,

204 1493 328 1570 dicitur,
347 1493 441 1571 ipsum
463 1511 564 1556 omnes
584 1493 759 1558 excelluiii‘e.
799 1495 868 1557 Non
887 1500 990 1557 amitit
1009 1513 1151 1574 tanqum,
1178 1496 1297 1573 inquit,
1322 1498 1403 1556 Pro·

201 1605 294 1686 pheta
318 1610 350 1668 t'n
376 1607 476 1684 lsrae‘l
494 1606 569 1683 ficut
595 1607 710 1685 Mosam,
732 1625 813 1684 quem
832 1609 913 1669 Deus
932 1612 1049 1668 noverit
1067 1610 1103 1668 de
1115 1606 1199 1684 faeie
1218 1607 1403 1684 adfaciem.

204 1715 297 1800 Quod
316 1717 383 1780 sane
404 1717 600 1780 testimonium
622 1737 683 1780 non
705 1718 808 1780 Moses
829 1719 985 1796 ipsut*de
1006 1719 1053 1794 se,
1073 1737 1128 1782 nec
1149 1719 1224 1780 aliut
1231 1761 1240 1795 ,
1258 1719 1312 1796 qui
1332 1739 1404 1780 eum

204 1829 370 1892 immediate
400 1829 518 1892 secutur
549 1829 605 1906 est,
635 1830 685 1892 sed
717 1829 841 1908 anquis,
873 1832 926 1909 qui
957 1831 1060 1896 multis
1079 1831 1146 1908 post
1166 1830 1280 1892 saeculit
1301 1831 1406 1905 vixit,

206 1943 274 2004 dare
295 1941 412 2020 potuit,
433 1942 590 2018 praesertim
611 1943 680 2021 quia
701 1942 1077 2022 Historicutdepraeterito
1097 1959 1231 2020 tempore
1250 1946 1406 2022 loquitur,

77 2131 81 2141 Ι
207 2069 312 2130 nempe
338 2069 482 2131 nunquam
503 2057 604 2114 extitit
623 2053 793 2134 Propheta,
813 2071 865 2116 ete.
905 2055 947 2117 Et
966 2058 1005 2119 de
1025 2057 1191 2133 sepultura,
1216 2059 1300 2133 quod
1320 2078 1406 2118 neruo

205 2165 287 2226 illam
313 2169 395 2226 novit
420 2167 453 2226 in
472 2165 547 2226 hunc
565 2168 655 2244 usque
674 2168 757 2227 diem.
798 2169 850 2229 ΙΙΙ.
871 2171 1053 2245 notandum,
1072 2172 1156 2246 quod
1175 2171 1311 2246 quedam
1335 2172 1409 2231 loca

208 2295 267 2339 non
299 2277 335 2339 iit
366 2277 531 2340 indicentur
561 2278 748 2356 nominibus,
778 2298 844 2359 quae
875 2281 999 2346 vivente
1025 2281 1113 2344 Mose
1133 2282 1333 2358 obtinebant,
1356 2282 1408 2344 sed

209 2383 289 2465 aliis,
321 2389 442 2466 quibus.
459 2391 569 2453 dudum
601 2391 701 2468 postea
732 2391 868 2473 iniignita
900 2393 977 2455 sunt.
1018 2396 1065 2457 Ut
1095 2396 1179 2471 quod
1210 2393 1407 2457 temnamus

204 2504 371 2584 persecutus
399 2496 436 2582 est
462 2504 560 2565 hostes
587 2506 678 2583 usque
701 2508 744 2566 ad
768 2507 838 2568 Dan
858 2505 935 2584 (vid.
957 2506 1033 2568 Gen.
1058 2521 1104 2587 14
1125 2506 1201 2569 vers.
1224 2508 1293 2586 14);
1315 2511 1409 2585 quod

209 2632 316 2677 nomen
343 2609 405 2675 haec
433 2616 501 2677 urbs
529 2634 590 2678 non
618 2617 768 2693 obtinuit,
788 2615 840 2679 nist
860 2619 950 2696 longe
971 2618 1037 2695 post
1056 2633 1181 2680 mortem
1199 2618 1300 2699 Josuae
1322 2620 1408 2698 (viti

208 2726 305 2809 Judic.
326 2745 390 2803 cap.
415 2727 460 2788 18.
481 2726 554 2791 vers.
576 2730 649 2808 290).
680 2729 751 2805 lV.,
771 2732 855 2806 quod
874 2729 1011 2792 Historiae
1032 2730 1193 2808 aliquando
1213 2730 1302 2793 etiam
1325 2735 1408 2793 ultra

209 2853 326 2915 temput
345 2838 416 2903 vitae
437 2840 529 2901 Mosrt
549 2841 761 2917 producantur.
794 2843 870 2903 Nam
890 2842 989 2905 Exod.
1011 2862 1076 2920 cap.
1100 2845 1147 2905 16.
1168 2843 1241 2905 vers.
1263 2860 1312 2923 34
1337 2864 1408 2905 nar-

210 2967 305 3027 ratur,
332 2953 414 3028 quod
441 2951 493 3012 filii
521 2952 631 3013 Israelis
651 2955 842 3015 comederunt
863 2954 937 3015 Man
957 2954 1151 3033 quadraginta
1170 2972 1282 3032 annot,
1301 2956 1407 3017 donec

211 3076 355 3125 venerunt
376 3066 414 3125 ad
435 3078 538 3125 terrum
559 3063 842 3139 habitatam,donec
863 3081 1010 3127 venerunt
1029 3068 1069 3127 td
1087 3066 1175 3127 finem
1195 3081 1279 3128 terrae
1299 3066 1406 3128 Kana-

210 3174 285 3249 han;
305 3190 410 3252 nempe
431 3174 523 3252 usque
544 3174 574 3235 in
595 3189 727 3251 tempus,
749 3177 786 3236 de
806 3194 869 3252 quo
890 3175 921 3237 in
941 3176 1018 3237 libro
1038 3175 1137 3256 Josuae
1158 3196 1223 3254 cap.
1245 3190 1274 3252 5.
1296 3177 1342 3242 vs.
1358 3196 1405 3239 to.

213 3286 248 3346 In
275 3284 350 3347 libro
378 3286 465 3347 etiam
493 3286 599 3347 Genes.
627 3303 692 3363 cap.
714 3288 763 3363 36.
790 3286 834 3348 vs.
855 3304 903 3365 31.
932 3286 1058 3363 dieitur,
1078 3288 1123 3348 Hi
1134 3289 1209 3366 sunt
1228 3307 1330 3364 reges,
1353 3293 1406 3367 qm·

211 3410 410 3473 regnaverunt
447 3402 479 3457 in
517 3399 626 3473 Edam,
662 3410 818 3474 antequam
847 3402 988 3474 regnavit
1018 3417 1073 3458 rex
1102 3402 1136 3457 in
1163 3398 1237 3477 filiis
1266 3402 1403 3476 Israe'its.

211 3512 318 3571 Narrat
346 3508 403 3571 stne
433 3510 525 3573 dubio
547 3509 588 3572 ibi
610 3508 793 3586 Historicut,
813 3527 891 3587 quos
910 3528 993 3589 reges
1014 3510 1134 3573 Idumaei
1153 3510 1329 3587 habuerint,
1352 3530 1403 3573 au·

212 3640 331 3700 tequam
358 3622 457 3685 David
485 3640 538 3684 eos
565 3621 681 3701 subegit
702 3622 733 3657 **
756 3637 787 3682 et
807 3620 943 3697 praefidet
962 3621 993 3681 in
1014 3620 1076 3696 ipsa
1097 3622 1225 3683 Idumaea
1245 3622 1404 3684 constituit

213 3735 290 3815 (vid.
310 3736 432 3797 Samuel.
454 3753 482 3795 2.
503 3752 567 3811 cap.
589 3734 617 3795 8.
638 3734 712 3797 vers.
738 3734 811 3813 ¹4·)·

252 3848 300 3909 Ex
320 3847 366 3908 his
386 3847 486 3925 itaque
508 3847 644 3909 omnibus
672 3848 739 3907 luce
766 3844 925 3906 meridiana
952 3844 1058 3908 clarius
1078 3861 1217 3921 apparet,
1238 3846 1402 3908 Pentateu-

213 3959 292 4021 cbon
320 3976 381 4020 non
409 3976 425 4019 a
453 3957 555 4033 Mose,
583 3955 631 4018 sed
658 3958 695 4017 ab
724 3956 783 4017 alio
813 3970 844 4016 et
865 3954 917 4033 qui
937 3974 954 4017 a
975 3956 1062 4017 Mose
1082 3957 1181 4019 multis
1202 3958 1268 4032 post
1289 3958 1404 4020 saeculis

251 4242 264 4265 ⁴
297 4235 347 4283 Pro
364 4234 410 4283 bac
427 4232 531 4293 antiqua
550 4228 623 4282 vocis
641 4228 721 4280 forma
735 4226 787 4290 iam
803 4227 830 4279 in
849 4228 890 4279 eri.
907 4230 930 4280 C
948 4228 1003 4295 ipse
1019 4227 1139 4292 scriptum
1156 4220 1202 4280 en

249 4316 278 4347 ‘⁸
313 4312 355 4365 cf.
371 4317 467 4364 Annot.
484 4312 516 4361 X.
