2934 4900
536 348 592 408 De
632 347 786 408 Mente.
1200 361 1255 423 103

57 525 120 586 hoc
144 525 195 588 vel
215 523 290 587 illud
311 523 585 600 contemplandum,
606 537 637 584 et
654 540 715 584 non
733 521 853 599 quoties
870 521 1001 600 inteme‚
1021 539 1058 584 ex
1077 541 1114 583 eo
1133 521 1258 598 scilicet,

60 637 151 714 quod
173 654 220 698 res
241 637 340 713 pitues
360 634 442 696 ssmul
462 635 690 710 contemplatur,
712 633 921 696 determinatur
940 637 978 695 ad
999 635 1153 696 earundem
1186 652 1258 695 con-

60 751 256 828 venientiae,
277 747 474 824 differentias,
494 763 526 809 et
547 745 767 826 oppugnantias
787 745 1021 826 intelligendum
1043 745 1162 824 quoties
1182 745 1258 808 enim

60 863 123 924 hoc
147 863 200 924 vel
221 861 280 922 alio
302 863 391 924 modo
413 859 527 922 interne
549 857 731 935 disponitur,
752 869 815 919 tum
835 875 880 919 rea
897 858 1021 919 clareat
1038 856 1168 920 distinde
1187 875 1259 919 con·

62 977 248 1052 templator,
269 990 304 1036 ut
323 973 397 1034 infra
419 973 577 1036 ostendam.

439 1125 771 1190 PROPOSITIO
801 1125 894 1186 XXX.

106 1243 179 1302 Nos
197 1243 233 1301 de
251 1243 403 1302 duratione
422 1239 510 1318 nostri
532 1240 669 1319 Corporis
689 1239 797 1299 nullam
813 1238 868 1317 nist
882 1240 1030 1300 admodum
1045 1241 1259 1318 inadequatam

63 1357 259 1430 cognitionem
277 1349 384 1414 habere
399 1351 550 1432 pofflttnus.

470 1512 864 1559 nauoustnurro

106 1609 215 1674 Nostri
236 1609 369 1686 corporis
391 1608 508 1672 duratio
529 1611 565 1670 ab
587 1609 651 1686 ejus
672 1607 792 1670 essentia
812 1626 873 1671 non
893 1611 1043 1686 dependet
1064 1610 1138 1689 (per
1158 1610 1219 1671 Ax.
1235 1625 1260 1670 r.

66 1723 193 1802 nujus),
223 1741 277 1784 nec
304 1722 390 1784 etiam
419 1724 455 1782 ab
484 1721 617 1784 absoluta
644 1721 701 1782 Dei
729 1736 833 1783 matura
861 1720 936 1801 (per
962 1723 1051 1801 Prop.
1080 1737 1129 1782 ar.
1153 1735 1186 1801 p.
1210 1722 1261 1801 r.).

66 1837 130 1896 Sed
153 1835 226 1916 (per
246 1835 337 1914 Prop.
358 1835 406 1895 28.
423 1847 456 1914 p.
480 1833 521 1912 1.)
543 1836 580 1895 ad
601 1833 782 1895 existendum
802 1849 833 1895 et
854 1835 1034 1910 operandum
1055 1831 1262 1895 determinatur

68 1967 85 2007 a
106 1945 223 2008 talibus
244 1945 355 2022 cauda,
376 1965 441 2022 quae
463 1945 551 2006 etiam
573 1948 609 2006 ab
631 1945 695 2007 aliis
716 1945 915 2006 determinatae
935 1944 1003 2008 sunt
1024 1948 1061 2007 ad
1082 1944 1261 2007 existendum

69 2075 100 2118 et
132 2046 316 2134 operandum
343 2070 422 2116 certa
449 2075 482 2116 ac
510 2055 700 2118 determinata
729 2055 862 2134 ratione,
884 2071 915 2118 et
934 2056 980 2118 ha
999 2057 1103 2119 iterum
1125 2058 1161 2118 ab
1183 2056 1263 2134 aliis,

69 2187 100 2230 et
123 2169 164 2230 src
187 2168 218 2229 in
239 2167 394 2229 infinitum.
414 2166 513 2228 Nostri
535 2167 625 2247 igitur
646 2167 789 2244 Corporis
809 2169 926 2231 duratio
942 2187 958 2230 a
976 2169 1123 2232 communi
1140 2172 1261 2231 Naturae

71 2280 179 2343 ordine
208 2295 240 2342 et
270 2298 363 2342 rerum
385 2279 597 2342 constitutione
618 2282 737 2358 pendet.
779 2282 845 2365 Qua
866 2296 964 2344 autem
991 2281 1104 2344 ratione
1125 2300 1170 2344 res
1190 2302 1262 2345 con·

69 2393 184 2455 dirutae
216 2392 288 2469 iint,
319 2392 383 2471 eJus
413 2392 454 2454 rei
487 2396 640 2472 adaquata
672 2393 807 2475 cognitio
835 2397 922 2457 datur
948 2393 978 2457 in
1005 2396 1089 2473 Deo,
1117 2411 1263 2473 quatenus

70 2525 171 2567 earum
205 2504 334 2567 omnium
365 2506 467 2582 ideas,
497 2521 528 2567 et
559 2524 619 2567 non
652 2522 799 2583 quatenus
830 2522 945 2569 tantum
975 2506 1093 2569 humani
1123 2507 1264 2587 Corporis

70 2620 169 2680 ideam
191 2618 282 2679 habet
303 2617 377 2698 (per
399 2618 502 2680 Coroll.
523 2619 613 2698 Prop.
633 2637 663 2696 9.
685 2616 805 2700 aufusu
833 2637 922 2697 quare
944 2618 1077 2699 cognitio
1099 2618 1263 2682 durationis

72 2730 166 2793 nostri
195 2730 336 2806 Corporis
365 2730 406 2791 est
433 2729 463 2791 in
495 2732 560 2792 Deo
583 2732 739 2794 admodum
759 2731 962 2810 inadequata‚
983 2747 1128 2810 quatenus
1149 2748 1263 2796 tantum

73 2861 211 2907 natumm
231 2842 343 2904 Mentis
365 2841 497 2904 humanae
518 2842 694 2904 constituere
716 2842 1006 2919 confidemtu1;hoc
1024 2843 1264 2924 est(perCoroll.

74 2954 365 3038 propinamus),
385 2954 447 3017 haec
468 2954 602 3035 cognitio
624 2954 665 3015 est
686 2954 716 3016 in
737 2954 833 3016 nostra
853 2957 958 3016 Mente
978 2957 1134 3018 admodum
1155 2954 1263 3017 inadae·

75 3086 180 3149 quara.
224 3070 257 3147 Q.
278 3070 315 3130 Ε.
335 3069 376 3129 D.

443 3194 771 3255 PROPOSITIO
801 3193 930 3268 XXXI„

117 3310 185 3369 Nos
211 3314 245 3367 de
271 3308 424 3367 duratione
450 3322 548 3366 rerum
562 3304 774 3393 finguhrium,
794 3322 858 3383 qua
877 3318 966 3365 extra
985 3324 1035 3365 nos
1049 3307 1139 3384 sunt,
1159 3306 1266 3367 nullam

74 3420 131 3499 rufi
152 3420 301 3479 admodum
321 3418 537 3496 inadaequatam
557 3420 740 3493 cognitionem
760 3414 867 3477 habere
881 3416 1032 3496 poffumus.

476 3577 873 3623 ozuousraarro

117 3678 317 3753 Unaquaeque
346 3672 423 3735 enim
451 3691 496 3735 res
526 3672 692 3753 ungulatis,
714 3671 798 3734 neoti
819 3673 977 3734 humanum
998 3672 1133 3750 Corpus,
1153 3675 1189 3733 ab
1212 3671 1268 3733 alia

76 3808 108 3852 re
140 3788 272 3869 fingttlari
300 3784 484 3849 determinari
513 3788 602 3848 debet
623 3789 660 3848 ad
681 3783 861 3848 existendum
882 3802 913 3847 et
933 3788 1113 3862 operandum
1133 3800 1211 3847 certa
1233 3804 1268 3845 ac

78 3900 272 3965 determinata
292 3898 428 3975 ratione}
452 3912 483 3959 et
503 3898 565 3959 haec
589 3898 694 3960 iterum
716 3900 752 3958 ab
775 3896 848 3974 alia,
867 3912 898 3959 et
917 3897 956 3958 stc
978 3896 1008 3959 in
1029 3896 1174 3958 infinitum
1196 3895 1268 3977 (per

79 4018 172 4094 Prop.
192 4014 241 4075 28.
261 4026 290 4092 p.
315 4013 357 4091 r).
398 4010 473 4073 Cum
505 4026 602 4072 autem
636 4028 674 4071 ex
705 4010 759 4071 hac
791 4010 938 4072 communi
965 4028 1058 4072 rerum
1085 4008 1268 4089 fingulariom

80 4126 263 4205 proprietate
283 4125 314 4187 in
336 4122 513 4201 praecedenti
534 4124 622 4201 Prop.
643 4123 952 4199 demonstraverimus,
979 4140 1036 4185 not
1056 4124 1092 4184 de
1113 4121 1268 4184 duratione

81 4239 171 4302 nostri
193 4237 335 4316 Corporis
356 4256 416 4299 uon
439 4236 491 4299 uili
512 4238 669 4300 admodum
691 4236 906 4314 inadaequatam
926 4234 1127 4315 cognitionem
1144 4234 1269 4309 habere3

81 4370 150 4433 ergo
179 4350 238 4413 hoc
265 4350 342 4413 idem
370 4352 407 4415 de
434 4368 527 4413 rerum
556 4348 740 4429 lingularium
767 4347 923 4412 duratione
943 4346 999 4410 erit
1018 4346 1270 4423 concludendum,
