2934 4900
204 311 261 374 152
623 299 806 362 Ethices
833 301 903 362 Para
922 302 975 361 111.

202 473 366 550 ioeminant3
397 474 447 552 qui
480 475 555 536 eninr
588 474 763 554 imaginatur
793 474 959 552 mulierem,
990 494 1077 552 quant
1106 493 1199 553 amat,
1227 477 1312 537 alteri
1345 477 1413 538 scsc

203 586 392 663 prostituere,
412 605 472 648 non
494 586 587 648 solum
609 607 646 648 cx
668 607 722 664 eu,
743 591 826 664 qnod
848 587 938 664 ipsius
959 588 1111 664 appetitus
1133 593 1304 667 coercetur,
1328 607 1412 650 con-

203 699 379 776 tristabitur,
410 700 459 762 scd
490 700 595 777 ctiam,
619 699 688 778 quia
718 701 760 761 rei
781 715 883 762 amatae
902 699 1056 780 imaginem
1078 699 1223 776 pudendis
1242 715 1273 760 et
1295 717 1409 760 excre-

203 809 309 872 mentis
337 811 455 872 alterins
477 811 599 892 iungere
622 811 755 891 cogitur,
775 815 896 874 eandem
918 811 1084 888 aversatum
1105 815 1142 872 ad
1163 814 1245 889 equod
1265 809 1407 888 denique

203 922 334 1000 accedit,
352 926 434 1000 quod
451 925 618 1002 Zelotypus
636 942 695 984 non
714 926 818 984 codem
837 925 936 1000 vultu,
954 941 1041 1001 quem
1059 942 1104 984 res
1126 939 1218 984 amata
1229 921 1255 983 ci
1266 926 1408 999 praebere

202 1034 330 1112 solebat,
351 1037 387 1096 ab
409 1035 509 1098 cadem
530 1034 713 1113 excipiatur,
733 1054 792 1112 qua
813 1035 901 1097 etiam
920 1037 957 1097 de
975 1034 1061 1097 causa
1078 1053 1177 1096 amana
1195 1033 1406 1109 contristatur,

204 1163 238 1209 ut
256 1147 315 1226 jam
337 1148 496 1210 ostendam.

555 1292 887 1354 PROPOSITIO
918 1290 1056 1352 XXXVI.

247 1407 304 1483 Qui
335 1409 394 1482 rei,
425 1424 483 1483 qua
506 1405 599 1483 semel
626 1405 780 1466 deiciatur
810 1404 864 1483 est,
892 1405 1082 1481 recordatur,
1108 1407 1188 1484 cupit
1213 1404 1311 1463 eadent
1339 1421 1408 1463 cum

203 1518 305 1595 irsdern
320 1519 415 1597 pon'rr'
433 1516 671 1604 circamstanrr'r's,
692 1537 727 1594 uc
747 1535 809 1577 curn
825 1520 922 1596 primo
941 1518 1009 1596 ipsa
1028 1516 1182 1576 deleriarus
1202 1514 1248 1593 est.

604 1677 1003 1723 uunonsrnnrrm

245 1772 395 1854 Quicquid
425 1773 515 1834 homo
547 1772 629 1835 simul
659 1790 725 1834 cunt
758 1791 804 1851 re,
835 1791 902 1849 quae
933 1769 1026 1847 ipsum
1057 1768 1231 1846 delectavit,
1252 1767 1348 1846 vidit,
1371 1770 1405 1830 id

208 1903 293 1946 omne
316 1885 388 1964 (per
407 1885 497 1964 Prop.
522 1896 567 1959 15.
585 1881 687 1963 liujus)
706 1883 761 1945 erit
780 1902 832 1960 pcr
846 1884 982 1945 accidens
1000 1881 1129 1945 Laetitiae
1144 1881 1245 1958 causa;
1263 1884 1405 1959 adeoque

207 1998 278 2076 (per
299 1999 388 2076 Prop.
410 1998 458 2058 28.
479 1995 580 2076 liujus)
603 1995 682 2057 omni
703 2014 741 2056 eo
764 1994 847 2057 fimul
867 2015 933 2058 cum
953 2013 1001 2071 rc,
1023 2013 1089 2072 quae
1110 1993 1203 2070 ipsum
1224 1992 1406 2068 delectavit,

207 2104 299 2181 potiri
321 2105 438 2184 cupiet,
460 2105 519 2170 save
540 2125 570 2168 re
590 2126 654 2170 cum
673 2107 810 2170 omnibus
827 2107 928 2171 iisdem
945 2107 1169 2170 circumstantiis
1184 2105 1276 2184 potiri
1287 2106 1404 2183 cupiet,

207 2235 327 2278 aecum
350 2217 443 2294 primo
464 2221 565 2282 eadem
587 2221 750 2283 dclcciatus
772 2219 821 2281 cst.
854 2222 889 2298 Q.
909 2221 948 2281 Ε.
969 2221 1009 2282 D.

615 2380 983 2426 cuaouannruar.

246 2473 276 2533 Si
307 2474 407 2550 itaque
439 2492 525 2537 unam
558 2494 595 2537 ex
626 2474 662 2537 iia
692 2470 915 2538 cncumstantiis
944 2476 1069 2538 deficere
1090 2474 1282 2552 compererit,
1302 2493 1402 2535 amans

207 2584 435 2649 contristabitur.

605 2748 1001 2794 uuuousannrrm

246 2842 321 2902 Nam
354 2856 500 2919 quatenus
528 2844 653 2921 aliquam
682 2842 925 2905 circumstantiam
950 2844 1074 2904 deficere
1095 2842 1255 2919 competit,
1277 2858 1401 2903 catenus

206 2950 316 3029 aliquid
348 2952 538 3033 imaginatur,
570 2958 652 3033 quod
680 2954 745 3033 ejus
773 2954 814 3015 rei
836 2954 1020 3016 existentiam
1041 2954 1173 3031 secludit.
1204 2954 1281 3016 Cum
1301 2971 1400 3016 autem

207 3064 271 3143 ejus
292 3066 333 3127 rei
354 3065 414 3129 sive
435 3067 655 3129 citcumstantIae
677 3068 749 3148 (per
769 3068 859 3147 Prop.
875 3067 981 3146 praec.)
1004 3065 1039 3127 stt
1060 3085 1119 3143 prae
1139 3084 1237 3128 amore
1257 3066 1403 3143 cupidus,

205 3196 274 3258 crgo
307 3179 379 3259 (per
409 3181 499 3259 Prop.
535 3196 580 3257 19.
610 3178 727 3259 hujus),
755 3195 903 3256 quatenus
924 3181 1045 3240 eandem
1067 3179 1190 3239 deficere
1211 3178 1404 3257 imaginatur,

208 3290 436 3353 contristabitur.
469 3293 504 3369 Q.
524 3293 563 3353 E.
585 3292 625 3353 D.

676 3452 690 3495 s
703 3452 722 3495 c
736 3453 757 3495 rr
770 3453 790 3495 u
803 3453 822 3496 a.
834 3452 847 3495 1
859 3453 881 3496 u
895 3452 931 3496 aa.

249 3547 321 3606 Haec
351 3544 499 3623 Tristitia,
530 3561 678 3624 quatenus
710 3546 870 3609 absentiam
892 3546 974 3625 ejus,
999 3550 1082 3625 quod
1103 3566 1248 3625 amamus,
1268 3546 1403 3625 respicit,

209 3655 387 3734 Defiderr'um
407 3674 543 3721 vocatur.

547 3802 878 3865 PROPOSITIO
909 3803 1062 3864 XXXVII.

251 3912 421 3991 Cupiditas,
450 3932 513 3992 quae
529 3926 594 3995 pra
621 3914 757 3993 Trrstr'tr'a
777 3916 828 3975 vel
844 3918 984 3991 Laertia,
1000 3928 1120 3995 praeque
1142 3916 1213 3976 Odt'o
1230 3916 1280 3975 vel
1298 3917 1403 3977 Amore

209 4028 322 4101 oritur,
342 4046 371 4085 eu
391 4026 428 4104 esi
449 4028 560 4105 major,
581 4046 633 4104 quo
653 4046 673 4086 a
676 4024 779 4103 Μαι
799 4028 893 4105 major
912 4028 959 4107 est.

597 4188 994 4235 uunonsrnarrm

250 4279 381 4342 Tristitia
411 4281 538 4343 homInia
567 4284 672 4363 agendi
703 4283 868 4359 potentiam
899 4284 974 4365 (per
1001 4284 1096 4347 Schol.
1117 4288 1206 4367 Prop.
1232 4302 1276 4346 ιι.
1298 4284 1396 4366 rufus)
