<?xml version="1.0" encoding="UTF-8"?>
<!DOCTYPE html PUBLIC "-//W3C//DTD XHTML 1.0 Transitional//EN"
    "http://www.w3.org/TR/xhtml1/DTD/xhtml1-transitional.dtd">
<html xmlns="http://www.w3.org/1999/xhtml" xml:lang="en" lang="en">
 <head>
  <title>
</title>
<meta http-equiv="Content-Type" content="text/html;charset=utf-8" />
  <meta name='ocr-system' content='tesseract 3.04.00' />
  <meta name='ocr-capabilities' content='ocr_page ocr_carea ocr_par ocr_line ocrx_word'/>
</head>
<body>
  <div class='ocr_page' id='page_1' title='image "benedictidespin02landgoog_0268.png"; bbox 0 0 2934 4900; ppageno 0'>
   <div class='ocr_carea' id='block_1_1' title="bbox 249 314 1015 404">
    <p class='ocr_par' dir='ltr' id='par_1_1' title="bbox 249 314 1015 404">
     <span class='ocr_line' id='line_1_1' title="bbox 249 314 1015 404; baseline 0 -21"><span class='ocrx_word' id='word_1_1' title='bbox 249 335 308 404; x_wconf 78' lang='lat'>244</span> <span class='ocrx_word' id='word_1_2' title='bbox 666 314 846 385; x_wconf 82' lang='lat' dir='ltr'>Ethices</span> <span class='ocrx_word' id='word_1_3' title='bbox 873 314 941 383; x_wconf 87' lang='lat' dir='ltr'>Pars</span> <span class='ocrx_word' id='word_1_4' title='bbox 961 317 1015 383; x_wconf 82' lang='lat' dir='ltr'>tv.</span> 
     </span>
    </p>
   </div>
   <div class='ocr_carea' id='block_1_2' title="bbox 248 440 1439 1241">
    <p class='ocr_par' dir='ltr' id='par_1_2' title="bbox 248 440 1439 1241">
     <span class='ocr_line' id='line_1_2' title="bbox 1438 440 1439 471; baseline 0 -3"><span class='ocrx_word' id='word_1_5' title='bbox 1438 440 1439 471; x_wconf 78' lang='lat' dir='ltr'><strong>I</strong></span> 
     </span>
     <span class='ocr_line' id='line_1_3' title="bbox 249 472 1439 575; baseline -0.003 -17"><span class='ocrx_word' id='word_1_6' title='bbox 249 494 376 572; x_wconf 86' lang='lat' dir='ltr'>ejusdem</span> <span class='ocrx_word' id='word_1_7' title='bbox 404 495 511 574; x_wconf 90' lang='lat' dir='ltr'>speciei</span> <span class='ocrx_word' id='word_1_8' title='bbox 537 494 707 573; x_wconf 63' lang='lat' dir='ltr'>indivisum</span> <span class='ocrx_word' id='word_1_9' title='bbox 735 499 869 573; x_wconf 87' lang='lat' dir='ltr'>adeoque</span> <span class='ocrx_word' id='word_1_10' title='bbox 898 495 970 575; x_wconf 81' lang='lat' dir='ltr'>(per</span> <span class='ocrx_word' id='word_1_11' title='bbox 991 495 1086 575; x_wconf 81' lang='lat' dir='ltr'>Caput</span> <span class='ocrx_word' id='word_1_12' title='bbox 1106 496 1148 575; x_wconf 82' lang='lat'>7.)</span> <span class='ocrx_word' id='word_1_13' title='bbox 1162 493 1241 555; x_wconf 90' lang='lat' dir='ltr'>nihil</span> <span class='ocrx_word' id='word_1_14' title='bbox 1260 494 1373 556; x_wconf 87' lang='lat' dir='ltr'>lromini</span> <span class='ocrx_word' id='word_1_15' title='bbox 1391 498 1419 555; x_wconf 90' lang='lat' dir='ltr'>ad</span> <span class='ocrx_word' id='word_1_16' title='bbox 1438 472 1439 537; x_wconf 31' lang='grc' dir='ltr'><em>Ὗ</em></span> 
     </span>
     <span class='ocr_line' id='line_1_4' title="bbox 250 606 1421 685; baseline -0.003 -16"><span class='ocrx_word' id='word_1_17' title='bbox 250 608 332 669; x_wconf 89' lang='lat' dir='ltr'>suurn</span> <span class='ocrx_word' id='word_1_18' title='bbox 363 607 417 669; x_wconf 86' lang='lat' dir='ltr'>else</span> <span class='ocrx_word' id='word_1_19' title='bbox 448 608 696 685; x_wconf 88' lang='lat' dir='ltr'>conservandum,</span> <span class='ocrx_word' id='word_1_20' title='bbox 726 624 757 669; x_wconf 90' lang='lat' dir='ltr'>et</span> <span class='ocrx_word' id='word_1_21' title='bbox 788 606 1013 674; x_wconf 78' lang='lat' dir='ltr'>vitarationali</span> <span class='ocrx_word' id='word_1_22' title='bbox 1035 608 1204 683; x_wconf 86' lang='lat' dir='ltr'>fruendum,</span> <span class='ocrx_word' id='word_1_23' title='bbox 1225 606 1330 668; x_wconf 89' lang='lat' dir='ltr'>utilius</span> <span class='ocrx_word' id='word_1_24' title='bbox 1350 609 1421 668; x_wconf 81' lang='lat' dir='ltr'>datur</span> 
     </span>
     <span class='ocr_line' id='line_1_5' title="bbox 249 716 1422 797; baseline -0.004 -18"><span class='ocrx_word' id='word_1_25' title='bbox 249 737 335 795; x_wconf 91' lang='lat' dir='ltr'>quam</span> <span class='ocrx_word' id='word_1_26' title='bbox 356 719 463 794; x_wconf 90' lang='lat' dir='ltr'>homo,</span> <span class='ocrx_word' id='word_1_27' title='bbox 490 718 542 795; x_wconf 92' lang='lat' dir='ltr'>qui</span> <span class='ocrx_word' id='word_1_28' title='bbox 562 718 693 779; x_wconf 80' lang='lat' dir='ltr'>Ratione</span> <span class='ocrx_word' id='word_1_29' title='bbox 714 718 840 781; x_wconf 86' lang='lat' dir='ltr'>ducitur.</span> <span class='ocrx_word' id='word_1_30' title='bbox 872 716 1004 793; x_wconf 85' lang='lat' dir='ltr'>Deinde,</span> <span class='ocrx_word' id='word_1_31' title='bbox 1026 716 1093 794; x_wconf 79' lang='lat' dir='ltr'>quit</span> <span class='ocrx_word' id='word_1_32' title='bbox 1114 717 1190 778; x_wconf 85' lang='lat' dir='ltr'>lnter</span> <span class='ocrx_word' id='word_1_33' title='bbox 1209 736 1255 779; x_wconf 91' lang='lat' dir='ltr'>res</span> <span class='ocrx_word' id='word_1_34' title='bbox 1275 716 1422 797; x_wconf 83' lang='lat' dir='ltr'>{lngulares</span> 
     </span>
     <span class='ocr_line' id='line_1_6' title="bbox 249 828 1423 908; baseline -0.002 -18"><span class='ocrx_word' id='word_1_35' title='bbox 249 829 325 890; x_wconf 88' lang='lat' dir='ltr'>nihil</span> <span class='ocrx_word' id='word_1_36' title='bbox 350 829 505 906; x_wconf 91' lang='lat' dir='ltr'>novimus,</span> <span class='ocrx_word' id='word_1_37' title='bbox 532 832 614 908; x_wconf 93' lang='lat' dir='ltr'>quod</span> <span class='ocrx_word' id='word_1_38' title='bbox 641 829 778 907; x_wconf 89' lang='lat' dir='ltr'>homine,</span> <span class='ocrx_word' id='word_1_39' title='bbox 798 830 850 907; x_wconf 94' lang='lat' dir='ltr'>qui</span> <span class='ocrx_word' id='word_1_40' title='bbox 871 828 1002 890; x_wconf 82' lang='lat' dir='ltr'>Ratione</span> <span class='ocrx_word' id='word_1_41' title='bbox 1023 828 1159 906; x_wconf 85' lang='lat' dir='ltr'>ducitur,</span> <span class='ocrx_word' id='word_1_42' title='bbox 1178 828 1213 889; x_wconf 90' lang='lat' dir='ltr'>lit</span> <span class='ocrx_word' id='word_1_43' title='bbox 1233 829 1423 905; x_wconf 82' lang='lat' dir='ltr'>praestantius,</span> 
     </span>
     <span class='ocr_line' id='line_1_7' title="bbox 249 926 1439 1020; baseline -0.001 -19"><span class='ocrx_word' id='word_1_44' title='bbox 249 942 327 1012; x_wconf 83' lang='lat' dir='ltr'>nulla</span> <span class='ocrx_word' id='word_1_45' title='bbox 355 957 424 1020; x_wconf 82' lang='lat' dir='ltr'>ergo</span> <span class='ocrx_word' id='word_1_46' title='bbox 450 959 481 1001; x_wconf 91' lang='lat' dir='ltr'>re</span> <span class='ocrx_word' id='word_1_47' title='bbox 508 940 599 1020; x_wconf 83' lang='lat' dir='ltr'>magis</span> <span class='ocrx_word' id='word_1_48' title='bbox 627 942 725 1018; x_wconf 82' lang='lat' dir='ltr'>potest</span> <span class='ocrx_word' id='word_1_49' title='bbox 750 939 947 1018; x_wconf 88' lang='lat' dir='ltr'>unusquisque</span> <span class='ocrx_word' id='word_1_50' title='bbox 970 941 1136 1017; x_wconf 87' lang='lat' dir='ltr'>ostendere,</span> <span class='ocrx_word' id='word_1_51' title='bbox 1157 956 1297 1019; x_wconf 88' lang='lat' dir='ltr'>quantum</span> <span class='ocrx_word' id='word_1_52' title='bbox 1321 959 1381 1003; x_wconf 87' lang='lat' dir='ltr'>arte</span> <span class='ocrx_word' id='word_1_53' title='bbox 1400 926 1439 1000; x_wconf 85' lang='lat' dir='ltr'>ct</span> 
     </span>
     <span class='ocr_line' id='line_1_8' title="bbox 249 1051 1439 1131; baseline -0.003 -19"><span class='ocrx_word' id='word_1_54' title='bbox 249 1051 368 1131; x_wconf 78' lang='lat' dir='ltr'>ingenio</span> <span class='ocrx_word' id='word_1_55' title='bbox 399 1054 512 1129; x_wconf 88' lang='lat' dir='ltr'>valcat,</span> <span class='ocrx_word' id='word_1_56' title='bbox 542 1072 628 1131; x_wconf 88' lang='lat' dir='ltr'>quam</span> <span class='ocrx_word' id='word_1_57' title='bbox 656 1054 687 1114; x_wconf 89' lang='lat' dir='ltr'>in</span> <span class='ocrx_word' id='word_1_58' title='bbox 714 1052 883 1115; x_wconf 87' lang='lat' dir='ltr'>hominibus</span> <span class='ocrx_word' id='word_1_59' title='bbox 913 1052 954 1115; x_wconf 86' lang='lat' dir='ltr'>ita</span> <span class='ocrx_word' id='word_1_60' title='bbox 984 1054 1162 1131; x_wconf 88' lang='lat' dir='ltr'>educandis,</span> <span class='ocrx_word' id='word_1_61' title='bbox 1189 1070 1222 1115; x_wconf 93' lang='lat' dir='ltr'>ut</span> <span class='ocrx_word' id='word_1_62' title='bbox 1250 1056 1369 1114; x_wconf 90' lang='lat' dir='ltr'>tandem</span> <span class='ocrx_word' id='word_1_63' title='bbox 1394 1072 1439 1113; x_wconf 75' lang='lat' dir='ltr'>en</span> 
     </span>
     <span class='ocr_line' id='line_1_9' title="bbox 248 1148 1439 1241; baseline -0.001 -15"><span class='ocrx_word' id='word_1_64' title='bbox 248 1164 369 1241; x_wconf 87' lang='lat' dir='ltr'>proptio</span> <span class='ocrx_word' id='word_1_65' title='bbox 391 1164 530 1227; x_wconf 85' lang='lat' dir='ltr'>Rationis</span> <span class='ocrx_word' id='word_1_66' title='bbox 551 1164 674 1241; x_wconf 91' lang='lat' dir='ltr'>imperio</span> <span class='ocrx_word' id='word_1_67' title='bbox 695 1164 811 1229; x_wconf 86' lang='lat' dir='ltr'>vivant.</span> <span class='ocrx_word' id='word_1_68' title='bbox 1438 1148 1439 1151; x_wconf 23' lang='lat'>¹</span> 
     </span>
    </p>
   </div>
   <div class='ocr_carea' id='block_1_3' title="bbox 651 1339 972 1431">
    <p class='ocr_par' dir='ltr' id='par_1_3' title="bbox 651 1339 972 1431">
     <span class='ocr_line' id='line_1_10' title="bbox 651 1339 972 1431; baseline -0.003 -31"><span class='ocrx_word' id='word_1_69' title='bbox 651 1423 655 1431; x_wconf 27' lang='grc' dir='ltr'>Ι</span> <span class='ocrx_word' id='word_1_70' title='bbox 714 1339 896 1402; x_wconf 77' lang='lat' dir='ltr'>carun</span> <span class='ocrx_word' id='word_1_71' title='bbox 936 1339 972 1400; x_wconf 78' lang='lat' dir='ltr'>n</span> 
     </span>
    </p>
   </div>
   <div class='ocr_carea' id='block_1_4' title="bbox 229 1464 1427 1771">
    <p class='ocr_par' dir='ltr' id='par_1_4' title="bbox 229 1464 1427 1771">
     <span class='ocr_line' id='line_1_11' title="bbox 290 1464 1425 1552; baseline -0.008 -20"><span class='ocrx_word' id='word_1_72' title='bbox 290 1470 444 1552; x_wconf 84' lang='lat' dir='ltr'>Quatenus</span> <span class='ocrx_word' id='word_1_73' title='bbox 471 1468 604 1530; x_wconf 82' lang='lat' dir='ltr'>homInes</span> <span class='ocrx_word' id='word_1_74' title='bbox 631 1467 746 1530; x_wconf 83' lang='lat' dir='ltr'>Inuidia</span> <span class='ocrx_word' id='word_1_75' title='bbox 774 1482 825 1528; x_wconf 89' lang='lat' dir='ltr'>aut</span> <span class='ocrx_word' id='word_1_76' title='bbox 853 1465 952 1545; x_wconf 90' lang='lat' dir='ltr'>aliquo</span> <span class='ocrx_word' id='word_1_77' title='bbox 981 1465 1051 1527; x_wconf 91' lang='lat' dir='ltr'>Odii</span> <span class='ocrx_word' id='word_1_78' title='bbox 1079 1465 1185 1527; x_wconf 77' lang='lat' dir='ltr'>affeclu</span> <span class='ocrx_word' id='word_1_79' title='bbox 1204 1466 1235 1525; x_wconf 92' lang='lat' dir='ltr'>in</span> <span class='ocrx_word' id='word_1_80' title='bbox 1255 1464 1285 1525; x_wconf 92' lang='lat' dir='ltr'>se</span> <span class='ocrx_word' id='word_1_81' title='bbox 1306 1464 1425 1527; x_wconf 87' lang='lat' dir='ltr'>invicem</span> 
     </span>
     <span class='ocr_line' id='line_1_12' title="bbox 229 1576 1427 1658; baseline -0.004 -17"><span class='ocrx_word' id='word_1_82' title='bbox 229 1584 400 1658; x_wconf 82' lang='lat' dir='ltr'>‚feruntur,</span> <span class='ocrx_word' id='word_1_83' title='bbox 426 1598 548 1644; x_wconf 82' lang='lat' dir='ltr'>eatenus</span> <span class='ocrx_word' id='word_1_84' title='bbox 575 1579 701 1642; x_wconf 80' lang='lat' dir='ltr'>Invicem</span> <span class='ocrx_word' id='word_1_85' title='bbox 729 1579 868 1641; x_wconf 86' lang='lat' dir='ltr'>contrarii</span> <span class='ocrx_word' id='word_1_86' title='bbox 891 1580 982 1653; x_wconf 85' lang='lat' dir='ltr'>sunt,</span> <span class='ocrx_word' id='word_1_87' title='bbox 1002 1595 1032 1639; x_wconf 90' lang='lat' dir='ltr'>et</span> <span class='ocrx_word' id='word_1_88' title='bbox 1054 1578 1267 1654; x_wconf 89' lang='lat' dir='ltr'>consequenter</span> <span class='ocrx_word' id='word_1_89' title='bbox 1287 1596 1324 1637; x_wconf 89' lang='lat' dir='ltr'>eo</span> <span class='ocrx_word' id='word_1_90' title='bbox 1346 1576 1427 1655; x_wconf 85' lang='lat' dir='ltr'>magis</span> 
     </span>
     <span class='ocr_line' id='line_1_13' title="bbox 250 1689 1255 1771; baseline -0.005 -15"><span class='ocrx_word' id='word_1_91' title='bbox 250 1694 388 1770; x_wconf 86' lang='lat' dir='ltr'>timendi,</span> <span class='ocrx_word' id='word_1_92' title='bbox 409 1712 470 1771; x_wconf 92' lang='lat' dir='ltr'>quo</span> <span class='ocrx_word' id='word_1_93' title='bbox 490 1694 557 1769; x_wconf 88' lang='lat' dir='ltr'>plus</span> <span class='ocrx_word' id='word_1_94' title='bbox 577 1690 694 1768; x_wconf 81' lang='lat' dir='ltr'>possunt</span> <span class='ocrx_word' id='word_1_95' title='bbox 716 1709 802 1769; x_wconf 91' lang='lat' dir='ltr'>quam</span> <span class='ocrx_word' id='word_1_96' title='bbox 823 1690 933 1768; x_wconf 92' lang='lat' dir='ltr'>reliqua</span> <span class='ocrx_word' id='word_1_97' title='bbox 954 1690 1074 1752; x_wconf 85' lang='lat' dir='ltr'>Naturae</span> <span class='ocrx_word' id='word_1_98' title='bbox 1094 1689 1255 1751; x_wconf 87' lang='lat' dir='ltr'>individua.</span> 
     </span>
    </p>
   </div>
   <div class='ocr_carea' id='block_1_5' title="bbox 707 1881 980 1944">
    <p class='ocr_par' dir='ltr' id='par_1_5' title="bbox 707 1881 980 1944">
     <span class='ocr_line' id='line_1_14' title="bbox 707 1881 980 1944; baseline 0.011 -3"><span class='ocrx_word' id='word_1_99' title='bbox 707 1881 887 1943; x_wconf 83' lang='lat' dir='ltr'><strong>CAPUT</strong></span> <span class='ocrx_word' id='word_1_100' title='bbox 928 1881 980 1944; x_wconf 90' lang='lat' dir='ltr'>XI.</span> 
     </span>
    </p>
   </div>
   <div class='ocr_carea' id='block_1_6' title="bbox 291 2006 1374 2086">
    <p class='ocr_par' dir='ltr' id='par_1_6' title="bbox 291 2006 1374 2086">
     <span class='ocr_line' id='line_1_15' title="bbox 291 2006 1374 2086; baseline -0.005 -14"><span class='ocrx_word' id='word_1_101' title='bbox 291 2012 389 2072; x_wconf 83' lang='lat' dir='ltr'>Animi</span> <span class='ocrx_word' id='word_1_102' title='bbox 410 2027 507 2071; x_wconf 91' lang='lat' dir='ltr'>tamen</span> <span class='ocrx_word' id='word_1_103' title='bbox 528 2027 587 2070; x_wconf 94' lang='lat' dir='ltr'>non</span> <span class='ocrx_word' id='word_1_104' title='bbox 610 2008 711 2086; x_wconf 86' lang='lat' dir='ltr'>armis,</span> <span class='ocrx_word' id='word_1_105' title='bbox 731 2009 781 2070; x_wconf 91' lang='lat' dir='ltr'>sed</span> <span class='ocrx_word' id='word_1_106' title='bbox 802 2010 910 2072; x_wconf 83' lang='lat' dir='ltr'>Amore</span> <span class='ocrx_word' id='word_1_107' title='bbox 931 2024 961 2069; x_wconf 89' lang='lat' dir='ltr'>et</span> <span class='ocrx_word' id='word_1_108' title='bbox 983 2006 1184 2068; x_wconf 87' lang='lat' dir='ltr'>Generofitate</span> <span class='ocrx_word' id='word_1_109' title='bbox 1205 2007 1374 2070; x_wconf 89' lang='lat' dir='ltr'>vincuntur.</span> 
     </span>
    </p>
   </div>
   <div class='ocr_carea' id='block_1_7' title="bbox 697 2182 987 2245">
    <p class='ocr_par' dir='ltr' id='par_1_7' title="bbox 697 2182 987 2245">
     <span class='ocr_line' id='line_1_16' title="bbox 697 2182 987 2245; baseline 0 -2"><span class='ocrx_word' id='word_1_110' title='bbox 697 2182 878 2245; x_wconf 82' lang='lat' dir='ltr'><strong>CAPUT</strong></span> <span class='ocrx_word' id='word_1_111' title='bbox 920 2182 987 2243; x_wconf 89' lang='lat' dir='ltr'><strong>XII.</strong></span> 
     </span>
    </p>
   </div>
   <div class='ocr_carea' id='block_1_8' title="bbox 250 2307 1431 2614">
    <p class='ocr_par' dir='ltr' id='par_1_8' title="bbox 250 2307 1431 2614">
     <span class='ocr_line' id='line_1_17' title="bbox 291 2307 1429 2387; baseline -0.005 -15"><span class='ocrx_word' id='word_1_112' title='bbox 291 2312 468 2372; x_wconf 89' lang='lat' dir='ltr'>Hominibus</span> <span class='ocrx_word' id='word_1_113' title='bbox 496 2310 625 2387; x_wconf 86' lang='lat' dir='ltr'>apprime</span> <span class='ocrx_word' id='word_1_114' title='bbox 654 2310 726 2371; x_wconf 89' lang='lat' dir='ltr'>utile</span> <span class='ocrx_word' id='word_1_115' title='bbox 755 2311 812 2386; x_wconf 90' lang='lat' dir='ltr'>est,</span> <span class='ocrx_word' id='word_1_116' title='bbox 839 2308 1067 2370; x_wconf 89' lang='lat' dir='ltr'>consuetudines</span> <span class='ocrx_word' id='word_1_117' title='bbox 1092 2308 1232 2387; x_wconf 83' lang='lat' dir='ltr'>jungere,</span> <span class='ocrx_word' id='word_1_118' title='bbox 1260 2308 1377 2385; x_wconf 86' lang='lat' dir='ltr'>seseque</span> <span class='ocrx_word' id='word_1_119' title='bbox 1398 2307 1429 2367; x_wconf 87' lang='lat' dir='ltr'>iis</span> 
     </span>
     <span class='ocr_line' id='line_1_18' title="bbox 250 2416 1431 2502; baseline -0.006 -16"><span class='ocrx_word' id='word_1_120' title='bbox 250 2424 377 2487; x_wconf 85' lang='lat' dir='ltr'>vinculis</span> <span class='ocrx_word' id='word_1_121' title='bbox 404 2423 575 2502; x_wconf 82' lang='lat' dir='ltr'>astringere,</span> <span class='ocrx_word' id='word_1_122' title='bbox 603 2422 711 2500; x_wconf 89' lang='lat' dir='ltr'>quibus</span> <span class='ocrx_word' id='word_1_123' title='bbox 740 2422 838 2500; x_wconf 84' lang='lat' dir='ltr'>aptius</span> <span class='ocrx_word' id='word_1_124' title='bbox 860 2425 895 2484; x_wconf 91' lang='lat' dir='ltr'>de</span> <span class='ocrx_word' id='word_1_125' title='bbox 917 2421 946 2483; x_wconf 88' lang='lat' dir='ltr'>se</span> <span class='ocrx_word' id='word_1_126' title='bbox 968 2420 1104 2483; x_wconf 90' lang='lat' dir='ltr'>omnibus</span> <span class='ocrx_word' id='word_1_127' title='bbox 1130 2416 1219 2485; x_wconf 77' lang='lat' dir='ltr'>uniam</span> <span class='ocrx_word' id='word_1_128' title='bbox 1241 2421 1385 2497; x_wconf 89' lang='lat' dir='ltr'>efficiant,</span> <span class='ocrx_word' id='word_1_129' title='bbox 1405 2438 1431 2480; x_wconf 86' lang='lat' dir='ltr'>er</span> 
     </span>
     <span class='ocr_line' id='line_1_19' title="bbox 252 2533 1164 2614; baseline -0.002 -18"><span class='ocrx_word' id='word_1_130' title='bbox 252 2535 384 2596; x_wconf 88' lang='lat' dir='ltr'>absolute</span> <span class='ocrx_word' id='word_1_131' title='bbox 404 2555 437 2596; x_wconf 87' lang='lat' dir='ltr'>ea</span> <span class='ocrx_word' id='word_1_132' title='bbox 459 2553 560 2614; x_wconf 84' lang='lat' dir='ltr'>agere,</span> <span class='ocrx_word' id='word_1_133' title='bbox 581 2554 647 2611; x_wconf 87' lang='lat' dir='ltr'>quae</span> <span class='ocrx_word' id='word_1_134' title='bbox 667 2533 814 2595; x_wconf 86' lang='lat' dir='ltr'>firmandis</span> <span class='ocrx_word' id='word_1_135' title='bbox 834 2533 970 2595; x_wconf 83' lang='lat' dir='ltr'>amicitiis</span> <span class='ocrx_word' id='word_1_136' title='bbox 992 2533 1164 2596; x_wconf 89' lang='lat' dir='ltr'>inserviunt.</span> 
     </span>
    </p>
   </div>
   <div class='ocr_carea' id='block_1_9' title="bbox 695 2720 998 2782">
    <p class='ocr_par' dir='ltr' id='par_1_9' title="bbox 695 2720 998 2782">
     <span class='ocr_line' id='line_1_20' title="bbox 695 2720 998 2782; baseline 0 -2"><span class='ocrx_word' id='word_1_137' title='bbox 695 2720 877 2782; x_wconf 84' lang='lat' dir='ltr'><strong>CAPUT</strong></span> <span class='ocrx_word' id='word_1_138' title='bbox 917 2721 998 2780; x_wconf 86' lang='lat' dir='ltr'><strong>XIII.</strong></span> 
     </span>
    </p>
   </div>
   <div class='ocr_carea' id='block_1_10' title="bbox 206 2847 1435 4371">
    <p class='ocr_par' dir='ltr' id='par_1_10' title="bbox 206 2847 1435 4371">
     <span class='ocr_line' id='line_1_21' title="bbox 290 2847 1431 2927; baseline -0.003 -18"><span class='ocrx_word' id='word_1_139' title='bbox 290 2849 348 2909; x_wconf 85' lang='lat' dir='ltr'>Sed</span> <span class='ocrx_word' id='word_1_140' title='bbox 369 2850 405 2909; x_wconf 90' lang='lat' dir='ltr'>ad</span> <span class='ocrx_word' id='word_1_141' title='bbox 425 2847 487 2910; x_wconf 85' lang='lat' dir='ltr'>haec</span> <span class='ocrx_word' id='word_1_142' title='bbox 508 2867 553 2909; x_wconf 87' lang='lat' dir='ltr'>ars</span> <span class='ocrx_word' id='word_1_143' title='bbox 574 2864 603 2909; x_wconf 90' lang='lat' dir='ltr'>et</span> <span class='ocrx_word' id='word_1_144' title='bbox 626 2847 776 2927; x_wconf 86' lang='lat' dir='ltr'>vigilantia</span> <span class='ocrx_word' id='word_1_145' title='bbox 807 2848 972 2925; x_wconf 90' lang='lat' dir='ltr'>requiritur.</span> <span class='ocrx_word' id='word_1_146' title='bbox 1014 2849 1088 2910; x_wconf 90' lang='lat' dir='ltr'>Sunt</span> <span class='ocrx_word' id='word_1_147' title='bbox 1110 2849 1186 2909; x_wconf 92' lang='lat' dir='ltr'>enim</span> <span class='ocrx_word' id='word_1_148' title='bbox 1207 2850 1341 2910; x_wconf 88' lang='lat' dir='ltr'>homiaes</span> <span class='ocrx_word' id='word_1_149' title='bbox 1361 2847 1431 2910; x_wconf 89' lang='lat' dir='ltr'>varii</span> 
     </span>
     <span class='ocr_line' id='line_1_22' title="bbox 253 2958 1431 3040; baseline 0.003 -23"><span class='ocrx_word' id='word_1_150' title='bbox 253 2958 333 3035; x_wconf 89' lang='lat' dir='ltr'>(nam</span> <span class='ocrx_word' id='word_1_151' title='bbox 360 2959 415 3019; x_wconf 85' lang='lat' dir='ltr'>rari</span> <span class='ocrx_word' id='word_1_152' title='bbox 443 2959 526 3034; x_wconf 90' lang='lat' dir='ltr'>sunt,</span> <span class='ocrx_word' id='word_1_153' title='bbox 554 2960 605 3036; x_wconf 92' lang='lat' dir='ltr'>qui</span> <span class='ocrx_word' id='word_1_154' title='bbox 632 2978 669 3019; x_wconf 84' lang='lat' dir='ltr'>ex</span> <span class='ocrx_word' id='word_1_155' title='bbox 689 2959 829 3021; x_wconf 87' lang='lat' dir='ltr'>Rationis</span> <span class='ocrx_word' id='word_1_156' title='bbox 851 2960 1018 3037; x_wconf 88' lang='lat' dir='ltr'>praescripto</span> <span class='ocrx_word' id='word_1_157' title='bbox 1048 2961 1185 3040; x_wconf 87' lang='lat' dir='ltr'>vivunt),</span> <span class='ocrx_word' id='word_1_158' title='bbox 1206 2977 1236 3021; x_wconf 91' lang='lat' dir='ltr'>et</span> <span class='ocrx_word' id='word_1_159' title='bbox 1257 2979 1351 3022; x_wconf 88' lang='lat' dir='ltr'>tamen</span> <span class='ocrx_word' id='word_1_160' title='bbox 1372 2963 1431 3037; x_wconf 86' lang='lat' dir='ltr'>ple-</span> 
     </span>
     <span class='ocr_line' id='line_1_23' title="bbox 251 3070 1432 3150; baseline 0.003 -21"><span class='ocrx_word' id='word_1_161' title='bbox 251 3087 372 3146; x_wconf 91' lang='lat' dir='ltr'>rumque</span> <span class='ocrx_word' id='word_1_162' title='bbox 400 3070 510 3147; x_wconf 90' lang='lat' dir='ltr'>invidi,</span> <span class='ocrx_word' id='word_1_163' title='bbox 537 3087 568 3132; x_wconf 91' lang='lat' dir='ltr'>et</span> <span class='ocrx_word' id='word_1_164' title='bbox 597 3071 686 3150; x_wconf 82' lang='lat' dir='ltr'>magis</span> <span class='ocrx_word' id='word_1_165' title='bbox 707 3074 744 3133; x_wconf 94' lang='lat' dir='ltr'>ad</span> <span class='ocrx_word' id='word_1_166' title='bbox 766 3071 924 3134; x_wconf 76' lang='lat' dir='ltr'>vlndidam</span> <span class='ocrx_word' id='word_1_167' title='bbox 953 3092 1038 3149; x_wconf 91' lang='lat' dir='ltr'>quam</span> <span class='ocrx_word' id='word_1_168' title='bbox 1060 3077 1096 3135; x_wconf 89' lang='lat' dir='ltr'>ad</span> <span class='ocrx_word' id='word_1_169' title='bbox 1117 3072 1345 3136; x_wconf 84' lang='lat' dir='ltr'>Misericordiam</span> <span class='ocrx_word' id='word_1_170' title='bbox 1365 3091 1432 3148; x_wconf 90' lang='lat' dir='ltr'>pro-</span> 
     </span>
     <span class='ocr_line' id='line_1_24' title="bbox 250 3180 1432 3262; baseline -0.001 -20"><span class='ocrx_word' id='word_1_171' title='bbox 250 3180 350 3243; x_wconf 88' lang='lat' dir='ltr'>clives.</span> <span class='ocrx_word' id='word_1_172' title='bbox 391 3184 638 3259; x_wconf 89' lang='lat' dir='ltr'>Unumquemque</span> <span class='ocrx_word' id='word_1_173' title='bbox 665 3183 756 3262; x_wconf 82' lang='lat' dir='ltr'>igitur</span> <span class='ocrx_word' id='word_1_174' title='bbox 784 3202 821 3243; x_wconf 85' lang='lat' dir='ltr'>ex</span> <span class='ocrx_word' id='word_1_175' title='bbox 844 3183 933 3259; x_wconf 78' lang='lat' dir='ltr'>ipsius</span> <span class='ocrx_word' id='word_1_176' title='bbox 954 3183 1073 3262; x_wconf 80' lang='lat' dir='ltr'>ingenio</span> <span class='ocrx_word' id='word_1_177' title='bbox 1096 3185 1182 3260; x_wconf 88' lang='lat' dir='ltr'>serre,</span> <span class='ocrx_word' id='word_1_178' title='bbox 1205 3199 1235 3246; x_wconf 92' lang='lat' dir='ltr'>et</span> <span class='ocrx_word' id='word_1_179' title='bbox 1257 3183 1315 3246; x_wconf 91' lang='lat' dir='ltr'>sese</span> <span class='ocrx_word' id='word_1_180' title='bbox 1336 3183 1432 3244; x_wconf 88' lang='lat' dir='ltr'>conti-</span> 
     </span>
     <span class='ocr_line' id='line_1_25' title="bbox 250 3293 1432 3374; baseline 0.002 -21"><span class='ocrx_word' id='word_1_181' title='bbox 250 3310 334 3369; x_wconf 88' lang='lat' dir='ltr'>nere,</span> <span class='ocrx_word' id='word_1_182' title='bbox 355 3312 391 3354; x_wconf 91' lang='lat' dir='ltr'>ne</span> <span class='ocrx_word' id='word_1_183' title='bbox 412 3311 511 3354; x_wconf 91' lang='lat' dir='ltr'>eorum</span> <span class='ocrx_word' id='word_1_184' title='bbox 533 3294 654 3356; x_wconf 75' lang='lat' dir='ltr'>affedlus</span> <span class='ocrx_word' id='word_1_185' title='bbox 674 3293 818 3371; x_wconf 91' lang='lat' dir='ltr'>imitetur,</span> <span class='ocrx_word' id='word_1_186' title='bbox 839 3295 987 3374; x_wconf 77' lang='lat' dir='ltr'>singularis</span> <span class='ocrx_word' id='word_1_187' title='bbox 1009 3296 1097 3356; x_wconf 87' lang='lat' dir='ltr'>animi</span> <span class='ocrx_word' id='word_1_188' title='bbox 1117 3297 1261 3372; x_wconf 78' lang='lat' dir='ltr'>potentiae</span> <span class='ocrx_word' id='word_1_189' title='bbox 1282 3316 1360 3373; x_wconf 92' lang='lat' dir='ltr'>opus</span> <span class='ocrx_word' id='word_1_190' title='bbox 1383 3297 1432 3356; x_wconf 90' lang='lat' dir='ltr'>ell.</span> 
     </span>
     <span class='ocr_line' id='line_1_26' title="bbox 250 3404 1432 3485; baseline 0.003 -22"><span class='ocrx_word' id='word_1_191' title='bbox 250 3405 293 3463; x_wconf 82' lang='lat' dir='ltr'>At</span> <span class='ocrx_word' id='word_1_192' title='bbox 324 3404 375 3481; x_wconf 91' lang='lat' dir='ltr'>qui</span> <span class='ocrx_word' id='word_1_193' title='bbox 405 3421 507 3465; x_wconf 89' lang='lat' dir='ltr'>contra</span> <span class='ocrx_word' id='word_1_194' title='bbox 537 3405 671 3465; x_wconf 88' lang='lat' dir='ltr'>homines</span> <span class='ocrx_word' id='word_1_195' title='bbox 702 3423 838 3482; x_wconf 90' lang='lat' dir='ltr'>carpere,</span> <span class='ocrx_word' id='word_1_196' title='bbox 869 3421 898 3466; x_wconf 91' lang='lat' dir='ltr'>et</span> <span class='ocrx_word' id='word_1_197' title='bbox 928 3405 1000 3468; x_wconf 88' lang='lat' dir='ltr'>vitia</span> <span class='ocrx_word' id='word_1_198' title='bbox 1028 3407 1129 3482; x_wconf 91' lang='lat' dir='ltr'>potius</span> <span class='ocrx_word' id='word_1_199' title='bbox 1150 3411 1324 3482; x_wconf 85' lang='lat' dir='ltr'>exprobrare</span> <span class='ocrx_word' id='word_1_200' title='bbox 1346 3427 1432 3485; x_wconf 86' lang='lat' dir='ltr'>quam</span> 
     </span>
     <span class='ocr_line' id='line_1_27' title="bbox 250 3515 1433 3598; baseline 0.001 -21"><span class='ocrx_word' id='word_1_201' title='bbox 250 3515 377 3577; x_wconf 89' lang='lat' dir='ltr'>vinutes</span> <span class='ocrx_word' id='word_1_202' title='bbox 397 3518 517 3592; x_wconf 89' lang='lat' dir='ltr'>docere,</span> <span class='ocrx_word' id='word_1_203' title='bbox 529 3533 559 3577; x_wconf 92' lang='lat' dir='ltr'>et</span> <span class='ocrx_word' id='word_1_204' title='bbox 569 3516 719 3578; x_wconf 88' lang='lat' dir='ltr'>hominum</span> <span class='ocrx_word' id='word_1_205' title='bbox 741 3516 854 3578; x_wconf 89' lang='lat' dir='ltr'>animos</span> <span class='ocrx_word' id='word_1_206' title='bbox 875 3536 934 3578; x_wconf 95' lang='lat' dir='ltr'>non</span> <span class='ocrx_word' id='word_1_207' title='bbox 956 3519 1066 3578; x_wconf 87' lang='lat' dir='ltr'>lirmare</span> <span class='ocrx_word' id='word_1_208' title='bbox 1088 3518 1136 3579; x_wconf 86' lang='lat' dir='ltr'>sed</span> <span class='ocrx_word' id='word_1_209' title='bbox 1158 3519 1287 3598; x_wconf 81' lang='lat' dir='ltr'>frangere</span> <span class='ocrx_word' id='word_1_210' title='bbox 1309 3534 1433 3591; x_wconf 78' lang='lat' dir='ltr'>nonunt,</span> 
     </span>
     <span class='ocr_line' id='line_1_28' title="bbox 251 3622 1433 3706; baseline 0.002 -22"><span class='ocrx_word' id='word_1_211' title='bbox 251 3624 272 3685; x_wconf 90' lang='lat' dir='ltr'>ii</span> <span class='ocrx_word' id='word_1_212' title='bbox 290 3641 320 3686; x_wconf 92' lang='lat' dir='ltr'>et</span> <span class='ocrx_word' id='word_1_213' title='bbox 337 3625 388 3685; x_wconf 84' lang='lat' dir='ltr'>sabi</span> <span class='ocrx_word' id='word_1_214' title='bbox 407 3643 437 3687; x_wconf 92' lang='lat' dir='ltr'>et</span> <span class='ocrx_word' id='word_1_215' title='bbox 454 3622 573 3704; x_wconf 90' lang='lat' dir='ltr'>reliquis</span> <span class='ocrx_word' id='word_1_216' title='bbox 591 3628 702 3688; x_wconf 88' lang='lat' dir='ltr'>molesti</span> <span class='ocrx_word' id='word_1_217' title='bbox 723 3628 804 3704; x_wconf 88' lang='lat' dir='ltr'>sunt;</span> <span class='ocrx_word' id='word_1_218' title='bbox 825 3632 903 3690; x_wconf 91' lang='lat' dir='ltr'>unde</span> <span class='ocrx_word' id='word_1_219' title='bbox 922 3628 1020 3706; x_wconf 89' lang='lat' dir='ltr'>multi,</span> <span class='ocrx_word' id='word_1_220' title='bbox 1039 3647 1096 3704; x_wconf 86' lang='lat' dir='ltr'>prae</span> <span class='ocrx_word' id='word_1_221' title='bbox 1115 3629 1201 3690; x_wconf 81' lang='lat' dir='ltr'>nImia</span> <span class='ocrx_word' id='word_1_222' title='bbox 1219 3629 1329 3690; x_wconf 91' lang='lat' dir='ltr'>scilicet</span> <span class='ocrx_word' id='word_1_223' title='bbox 1346 3631 1433 3690; x_wconf 82' lang='lat' dir='ltr'>aalmi</span> 
     </span>
     <span class='ocr_line' id='line_1_29' title="bbox 206 3736 1435 3818; baseline 0.005 -24"><span class='ocrx_word' id='word_1_224' title='bbox 206 3775 210 3783; x_wconf 78' lang='lat'><strong>·</strong></span> <span class='ocrx_word' id='word_1_225' title='bbox 251 3736 447 3813; x_wconf 90' lang='lat' dir='ltr'>impatientia,</span> <span class='ocrx_word' id='word_1_226' title='bbox 468 3738 600 3816; x_wconf 88' lang='lat' dir='ltr'>falsoque</span> <span class='ocrx_word' id='word_1_227' title='bbox 621 3739 771 3817; x_wconf 85' lang='lat' dir='ltr'>religionis</span> <span class='ocrx_word' id='word_1_228' title='bbox 792 3739 903 3816; x_wconf 89' lang='lat' dir='ltr'>studio,</span> <span class='ocrx_word' id='word_1_229' title='bbox 925 3739 1000 3800; x_wconf 91' lang='lat' dir='ltr'>inter</span> <span class='ocrx_word' id='word_1_230' title='bbox 1020 3742 1105 3800; x_wconf 85' lang='lat' dir='ltr'>bruta</span> <span class='ocrx_word' id='word_1_231' title='bbox 1128 3741 1229 3817; x_wconf 87' lang='lat' dir='ltr'>potius</span> <span class='ocrx_word' id='word_1_232' title='bbox 1251 3759 1337 3818; x_wconf 89' lang='lat' dir='ltr'>quam</span> <span class='ocrx_word' id='word_1_233' title='bbox 1359 3741 1435 3801; x_wconf 89' lang='lat' dir='ltr'>inter</span> 
     </span>
     <span class='ocr_line' id='line_1_30' title="bbox 251 3847 1433 3930; baseline 0.004 -23"><span class='ocrx_word' id='word_1_234' title='bbox 251 3847 383 3910; x_wconf 86' lang='lat' dir='ltr'>homines</span> <span class='ocrx_word' id='word_1_235' title='bbox 409 3849 511 3913; x_wconf 87' lang='lat' dir='ltr'>vivere</span> <span class='ocrx_word' id='word_1_236' title='bbox 538 3853 717 3928; x_wconf 90' lang='lat' dir='ltr'>maluerunt;</span> <span class='ocrx_word' id='word_1_237' title='bbox 746 3867 779 3914; x_wconf 90' lang='lat' dir='ltr'>ut</span> <span class='ocrx_word' id='word_1_238' title='bbox 800 3853 882 3928; x_wconf 88' lang='lat' dir='ltr'>pueri</span> <span class='ocrx_word' id='word_1_239' title='bbox 904 3855 950 3916; x_wconf 88' lang='lat' dir='ltr'>vel</span> <span class='ocrx_word' id='word_1_240' title='bbox 971 3851 1187 3930; x_wconf 89' lang='lat' dir='ltr'>adolescentes,</span> <span class='ocrx_word' id='word_1_241' title='bbox 1208 3853 1260 3930; x_wconf 89' lang='lat' dir='ltr'>qui</span> <span class='ocrx_word' id='word_1_242' title='bbox 1280 3871 1433 3928; x_wconf 91' lang='lat' dir='ltr'>parentum</span> 
     </span>
     <span class='ocr_line' id='line_1_31' title="bbox 247 3957 1433 4042; baseline 0.005 -24"><span class='ocrx_word' id='word_1_243' title='bbox 247 3957 342 4036; x_wconf 82' lang='lat' dir='ltr'>jurgia</span> <span class='ocrx_word' id='word_1_244' title='bbox 363 3977 449 4035; x_wconf 75' lang='lat' dir='ltr'>aequo</span> <span class='ocrx_word' id='word_1_245' title='bbox 471 3960 567 4022; x_wconf 90' lang='lat' dir='ltr'>animo</span> <span class='ocrx_word' id='word_1_246' title='bbox 588 3963 662 4023; x_wconf 89' lang='lat' dir='ltr'>ferre</span> <span class='ocrx_word' id='word_1_247' title='bbox 683 3979 852 4039; x_wconf 87' lang='lat' dir='ltr'>nequeunt,</span> <span class='ocrx_word' id='word_1_248' title='bbox 880 3963 1032 4024; x_wconf 88' lang='lat' dir='ltr'>militatum</span> <span class='ocrx_word' id='word_1_249' title='bbox 1055 3963 1248 4042; x_wconf 78' lang='lat' dir='ltr'>confugiunt,</span> <span class='ocrx_word' id='word_1_250' title='bbox 1269 3979 1299 4024; x_wconf 88' lang='lat' dir='ltr'>et</span> <span class='ocrx_word' id='word_1_251' title='bbox 1322 3965 1433 4025; x_wconf 93' lang='lat' dir='ltr'>incom-</span> 
     </span>
     <span class='ocr_line' id='line_1_32' title="bbox 250 4072 1433 4154; baseline 0.005 -23"><span class='ocrx_word' id='word_1_252' title='bbox 250 4073 336 4133; x_wconf 92' lang='lat' dir='ltr'>moda</span> <span class='ocrx_word' id='word_1_253' title='bbox 364 4072 433 4154; x_wconf 75' lang='lat' dir='ltr'>belli</span> <span class='ocrx_word' id='word_1_254' title='bbox 460 4089 490 4134; x_wconf 88' lang='lat' dir='ltr'>et</span> <span class='ocrx_word' id='word_1_255' title='bbox 518 4073 668 4149; x_wconf 83' lang='lat' dir='ltr'>Imperium</span> <span class='ocrx_word' id='word_1_256' title='bbox 696 4076 860 4154; x_wconf 88' lang='lat' dir='ltr'>tyrannidis</span> <span class='ocrx_word' id='word_1_257' title='bbox 882 4095 939 4152; x_wconf 86' lang='lat' dir='ltr'>prae</span> <span class='ocrx_word' id='word_1_258' title='bbox 962 4076 1127 4137; x_wconf 90' lang='lat' dir='ltr'>domesticis</span> <span class='ocrx_word' id='word_1_259' title='bbox 1148 4078 1310 4138; x_wconf 89' lang='lat' dir='ltr'>commodis</span> <span class='ocrx_word' id='word_1_260' title='bbox 1331 4094 1361 4137; x_wconf 91' lang='lat' dir='ltr'>et</span> <span class='ocrx_word' id='word_1_261' title='bbox 1382 4097 1433 4154; x_wconf 85' lang='lat' dir='ltr'>pa·</span> 
     </span>
     <span class='ocr_line' id='line_1_33' title="bbox 249 4183 1434 4266; baseline 0.008 -23"><span class='ocrx_word' id='word_1_262' title='bbox 249 4183 341 4244; x_wconf 90' lang='lat' dir='ltr'>ternis</span> <span class='ocrx_word' id='word_1_263' title='bbox 368 4184 618 4246; x_wconf 88' lang='lat' dir='ltr'>admonitionibus</span> <span class='ocrx_word' id='word_1_264' title='bbox 644 4187 770 4265; x_wconf 80' lang='lat' dir='ltr'>eligunt,</span> <span class='ocrx_word' id='word_1_265' title='bbox 792 4205 822 4248; x_wconf 89' lang='lat' dir='ltr'>et</span> <span class='ocrx_word' id='word_1_266' title='bbox 844 4189 962 4266; x_wconf 85' lang='lat' dir='ltr'>quidvis</span> <span class='ocrx_word' id='word_1_267' title='bbox 991 4189 1088 4250; x_wconf 87' lang='lat' dir='ltr'>oneris</span> <span class='ocrx_word' id='word_1_268' title='bbox 1109 4187 1160 4248; x_wconf 86' lang='lat' dir='ltr'>srbi</span> <span class='ocrx_word' id='word_1_269' title='bbox 1181 4189 1294 4266; x_wconf 86' lang='lat' dir='ltr'>lntponi</span> <span class='ocrx_word' id='word_1_270' title='bbox 1315 4190 1434 4266; x_wconf 89' lang='lat' dir='ltr'>patiun-</span> 
     </span>
     <span class='ocr_line' id='line_1_34' title="bbox 250 4297 853 4371; baseline 0.013 -19"><span class='ocrx_word' id='word_1_271' title='bbox 250 4309 315 4371; x_wconf 92' lang='lat' dir='ltr'>tur,</span> <span class='ocrx_word' id='word_1_272' title='bbox 335 4297 494 4356; x_wconf 87' lang='lat' dir='ltr'>dummodo</span> <span class='ocrx_word' id='word_1_273' title='bbox 514 4313 649 4371; x_wconf 88' lang='lat' dir='ltr'>parentes</span> <span class='ocrx_word' id='word_1_274' title='bbox 670 4299 853 4362; x_wconf 89' lang='lat' dir='ltr'>ulciscantur.</span> 
     </span>
    </p>
   </div>
   <div class='ocr_carea' id='block_1_11' title="bbox 0 0 1483 4900">
    <p class='ocr_par' dir='ltr' id='par_1_11' title="bbox 0 0 1483 4900">
     <span class='ocr_line' id='line_1_35' title="bbox 0 0 1483 4900; baseline 0 0"><span class='ocrx_word' id='word_1_275' title='bbox 0 0 1483 4900; x_wconf 95' lang='lat' dir='ltr'> </span> 
     </span>
    </p>
   </div>
  </div>
 </body>
</html>
