2934 4900
167 374 190 433 6
586 372 641 433 De
673 373 945 434 Intellectus

170 564 226 608 una
257 550 415 623 eademque
446 564 491 607 res
524 536 608 621 pollit
640 544 697 607 dici
736 546 815 605 bona
853 559 883 606 et
919 545 993 605 mala
1031 544 1187 605 secundum
1223 540 1357 605 diversos

168 658 330 734 respedlus,
358 660 461 719 eodem
489 660 578 719 modo
606 676 639 717 ac
671 658 829 733 perfeetum
857 671 888 717 et
909 655 1118 732 imperfedium.
1158 654 1242 717 Nihil
1261 652 1357 728 enim,

169 769 198 831 in
216 754 276 831 ‘sua
303 785 405 831 natura
434 769 609 846 spellarum,
637 768 798 845 perfestum
825 768 940 829 dicetur
966 770 1014 829 vel
1044 766 1259 845 imperialium
1280 785 1356 843 prae·

169 878 264 941 sertim
293 880 443 958 postquam
471 880 657 955 noverimus,
684 879 797 949 omnia,
825 898 891 956 quae
918 880 1010 954 liunt,
1036 876 1193 940 secundum
1214 893 1354 940 aeternum

169 990 300 1054 ordinem
322 1008 352 1053 et
381 991 536 1077 secundum
557 1008 651 1053 certas
671 994 792 1053 Naturae
813 994 893 1069 leges
913 971 984 1052 fieri.
1016 990 1090 1052 Cum
1111 1005 1208 1051 autem
1227 990 1356 1051 humana

169 1102 352 1165 imbecillitas
372 1103 450 1165 illum
472 1103 602 1165 ordinem
625 1101 808 1183 cogitatione
830 1101 878 1164 sua
899 1120 960 1163 non
980 1098 1159 1178 ailequatur,
1180 1116 1211 1162 et
1236 1099 1355 1161 interim

169 1214 258 1275 homo
285 1214 435 1291 concipiat
463 1231 593 1276 naturam
621 1214 746 1291 aliquam
772 1214 924 1275 humanam
945 1214 996 1274 sua
1016 1214 1109 1275 multo
1131 1212 1301 1287 firmiorem,
1322 1226 1356 1272 et

169 1326 250 1387 simul
277 1326 349 1387 nihil
376 1328 488 1389 obstare
508 1328 626 1402 videat,
654 1346 714 1403 quo
737 1326 832 1387 minus
852 1328 938 1388 talem
959 1340 1090 1387 naturam
1111 1324 1261 1401 acquirat,
1280 1324 1357 1385 inci·

169 1453 249 1500 tatur
268 1442 304 1500 ad
326 1439 419 1501 media
440 1442 643 1516 quarendum,
661 1457 725 1515 quae
745 1436 837 1514 ipsum
855 1441 891 1500 ad
909 1438 995 1497 talem
1011 1439 1120 1498 ducant
1138 1434 1358 1511 perfedlionem:

170 1564 200 1609 et
229 1570 314 1611 omne
343 1550 431 1625 illud,
458 1554 539 1628 quod
568 1550 663 1627 potest
688 1549 743 1611 esse
764 1549 907 1622 medium,
927 1563 960 1609 ut
981 1565 1018 1608 eo
1040 1546 1209 1623 perveniat,
1231 1561 1359 1609 vocatur

170 1678 270 1723 verum
292 1663 418 1735 bonum;
447 1660 585 1723 stimmum
607 1677 703 1723 autem
724 1664 834 1722 bonum
856 1659 896 1721 est
917 1678 954 1720 eo
976 1656 1145 1734 pervenire,
1166 1672 1201 1719 ut
1221 1656 1268 1717 ille
1289 1675 1359 1718 cum

170 1772 232 1835 allis
262 1772 439 1849 individuis,
467 1774 486 1835 li
514 1773 575 1835 fieri
603 1774 716 1849 potest,
737 1772 789 1835 tali
810 1788 912 1834 natura
934 1773 1055 1833 furatur.
1097 1772 1237 1853 Quaenam
1258 1787 1359 1832 autem

169 1885 217 1946 illa
248 1885 283 1947 srt
315 1901 416 1947 natura
448 1885 632 1947 ostendemus
663 1884 715 1946 suo
746 1888 833 1960 loco,
864 1882 997 1945 nimirum
1029 1880 1083 1943 elle
1109 1882 1120 1923 ¹
1154 1881 1358 1962 cognitionem

172 1995 310 2072 unionis,
341 2014 426 2073 quarn
455 2015 535 2057 mena
556 2016 621 2057 cum
650 2012 715 2058 tota
738 1999 851 2057 Natura
872 1996 970 2056 habet.
1012 1993 1069 2055 Hic
1090 1994 1131 2055 est
1151 1994 1251 2071 itaque
1271 1992 1357 2068 linis,

171 2110 207 2169 ad
228 2126 313 2185 quern
334 2110 442 2183 tendo,
462 2108 549 2169 talem
570 2106 680 2168 scilicet
699 2123 829 2169 naturam
847 2106 1011 2184 acquirere,
1029 2120 1074 2181 et,
1091 2120 1125 2166 ιιι
1142 2104 1226 2167 multi
1243 2122 1357 2165 mecum

171 2238 233 2280 earn
261 2220 428 2296 acquirant,
456 2219 573 2295 conari;
602 2220 660 2280 hoc
689 2219 744 2293 est,
766 2222 802 2280 de
823 2238 885 2279 mea
907 2217 1048 2278 felicitate
1068 2216 1155 2277 etiam
1176 2215 1217 2276 ell
1236 2234 1357 2292 operam

171 2334 256 2407 dare,
277 2346 310 2393 ιιι
332 2330 380 2391 alii
402 2331 484 2392 multi
506 2331 581 2393 idem
606 2346 696 2408 atque
718 2350 774 2410 ego
796 2330 976 2410 intelligant,
996 2345 1031 2390 ut
1061 2346 1161 2390 eorum
1191 2328 1358 2389 intellestue

171 2459 201 2505 et
229 2442 375 2520 cupiditas
403 2442 518 2520 prorsus
546 2463 612 2504 cum
642 2463 707 2505 meo
738 2442 887 2505 intelledlu
913 2457 945 2503 et
974 2439 1138 2518 cupiditate
1158 2438 1358 2514 conveniam

171 2572 263 2632 utque
284 2555 342 2616 hoc
363 2557 431 2632 liat,
456 2559 470 2596 ²
496 2555 605 2616 necelle
627 2555 667 2615 est
687 2569 802 2615 tantum
823 2556 860 2615 de
879 2556 992 2614 Natura
1013 2552 1190 2631 intelligere,
1210 2568 1355 2628 quantum

170 2667 276 2731 sufficit
305 2671 341 2730 ad
372 2669 457 2730 talem
479 2683 609 2729 naturam
631 2666 855 2744 acquirendam;
882 2665 988 2727 deinde
1010 2665 1133 2724 formare
1152 2664 1238 2724 talem
1260 2661 1356 2724 socie·

170 2795 277 2856 tatem,
307 2779 400 2857 qualia
427 2780 468 2842 est
498 2779 696 2853 desideranda,
727 2793 761 2840 ut
792 2795 877 2855 quam
905 2775 1019 2853 plurimi
1050 2793 1136 2851 quam
1166 2773 1301 2835 facillime
1322 2789 1355 2836 et

171 2891 268 2955 secure
290 2911 327 2953 eo
348 2891 531 2968 perveniant·
557 2893 648 2953 Porro
670 2894 765 2953 danda
786 2889 826 2952 est
848 2907 936 2966 opera
957 2888 1063 2950 Morali
1085 2886 1298 2965 Philosophia,
1318 2902 1355 2947 ut

170 3003 359 3066 etDollrinae
378 3007 414 3065 de
433 3021 588 3080 puerorum
606 2996 809 3077 Educatione3
830 3017 875 3076 et,
898 3000 966 3078 quia
988 3003 1128 3064 valetudo
1149 3018 1209 3061 non
1230 3017 1355 3077 parvum

171 3117 211 3177 est
243 3117 367 3178 medium
399 3119 435 3178 ad
464 3115 543 3178 hunc
574 3117 659 3176 finem
692 3113 912 3190 assequendum,
943 3111 1144 3174 concinnanda
1174 3111 1216 3173 est
1242 3110 1359 3190 integra

171 3227 339 3302 Medicina;
362 3243 392 3288 et
420 3227 489 3304 quia
515 3242 575 3288 arte
596 3227 704 3300 multa,
727 3243 792 3302 quae
814 3223 942 3286 difficilia
963 3222 1044 3298 sunt,
1064 3221 1159 3284 facilia
1179 3223 1361 3297 redduntur,

171 3342 351 3416 multumque
383 3338 523 3416 temporie
555 3353 585 3400 et
618 3337 837 3400 commoditatis
864 3336 894 3398 in
925 3335 986 3397 vita
1011 3354 1045 3396 ea
1064 3334 1168 3396 lucrari
1193 3331 1361 3410 possumus,

171 3449 240 3510 ideo
270 3447 442 3509 Mechanica
475 3449 554 3509 nullo
585 3450 675 3508 modo
697 3446 737 3506 est
758 3447 981 3506 contemnenda.
1021 3445 1078 3504 Sed
1099 3460 1167 3505 ante
1187 3442 1284 3504 omnia
1305 3461 1361 3504 ex·

170 3559 346 3641 cogitandus
367 3558 407 3620 est
429 3561 534 3621 modus
554 3557 688 3620 medendi
709 3556 890 3629 incedemus,
915 3555 1082 3631 ipsumque,
1102 3571 1243 3632 quantum
1269 3555 1361 3616 initio

170 3671 256 3746 licet,
277 3669 473 3749 expurgandi,
495 3685 528 3730 ut
550 3669 675 3730 feliciter
696 3687 741 3730 rea
763 3668 871 3744 absque
892 3673 1005 3742 errore,
1022 3681 1054 3728 et
1071 3684 1157 3744 quam
1179 3667 1290 3746 optime
1311 3667 1360 3728 in·

170 3783 291 3865 telligat.
332 3783 422 3846 Unde
451 3780 574 3859 quisque
599 3781 658 3858 jam
687 3779 798 3857 poterit
827 3779 944 3853 videre,
970 3797 1016 3840 me
1040 3797 1142 3840 omnes
1163 3777 1298 3840 scientiae
1321 3782 1360 3841 ad

171 3915 260 3959 unum
287 3896 373 3957 linem
406 3897 420 3934 ²
448 3908 479 3954 et
507 3892 627 3969 scopum
657 3892 732 3953 velle
761 3891 901 3970 dirigere,
928 3889 1054 3964 scilicet,
1089 3906 1123 3951 ut
1154 3893 1190 3952 ad
1221 3890 1360 3952 summam

209 4133 216 4158 ¹
254 4127 315 4176 Huc
333 4123 408 4176 Ὲιιίὶιιι
425 4121 469 4175 luo
485 4123 544 4173 loco
561 4121 729 4186 explicantur.

207 4213 217 4242 ¹
254 4211 336 4268 Nom,
361 4205 431 4271 quod
459 4205 502 4258 hie
532 4217 629 4258 ιιιιιιιιιι
656 4220 718 4258 curo
745 4221 891 4258 enumerare
916 4204 1030 4258 scientiae
1057 4206 1089 4257 ad
1114 4204 1226 4258 nolknm
1253 4205 1361 4270 scopum

170 4289 330 4351 mutuarias,
346 4289 405 4342 licet
423 4287 455 4340 ad
471 4303 556 4340 earum
574 4285 661 4340 seriem
682 4303 733 4340 ιιοιι
752 4288 887 4340 attendam.

206 4379 216 4406 ⁸
253 4371 322 4425 linia
338 4372 363 4426 in
382 4369 492 4428 sciendo
507 4369 544 4428 est
562 4369 667 4436 unicus,
683 4372 715 4422 ml
733 4387 808 4441 quem
827 4383 914 4427 omnes
931 4369 988 4427 sunt
1005 4369 1150 4440 dirigendo.
