2934 4900
226 320 283 381 288
583 318 821 382 Tractatus
861 318 1048 381 Politiei

225 499 284 561 vim
306 489 420 561 omnem
443 499 599 575 repellere,
619 500 814 575 damnumque
837 496 890 559 fibi
911 498 1023 560 illatum
1045 516 1084 561 ert
1100 496 1144 561 sui
1161 496 1249 559 animi
1266 496 1412 559 sententia

224 610 389 687 vindicate,
410 627 439 672 et
461 610 610 686 absolute,
633 625 780 687 quatenus
801 629 839 672 ex
858 610 912 672 suo
933 610 1053 689 ingenio
1075 609 1175 675 vivete
1196 610 1304 686 potest.

264 722 291 802 §.
312 724 349 783 X.
391 724 418 785 ls
447 725 566 785 alterum
596 722 648 783 sub
677 724 824 799 potestate
851 723 957 799 habet,
985 742 1073 800 quem
1099 723 1220 801 ligatum
1242 737 1345 798 tenet;
1366 724 1412 785 vel

222 835 271 897 cui
299 854 392 912 arma,
420 850 450 897 et
477 834 570 897 media
598 834 657 897 sese
685 836 864 898 defendendi
892 851 945 898 aut
966 835 1128 911 evadendi,
1148 836 1273 911 ademit;
1293 838 1343 897 vel
1365 835 1412 896 cui

222 963 329 1010 metum
360 947 478 1025 injecit3
509 950 558 1012 vel
590 967 676 1025 quem
706 947 760 1008 stbi
791 948 936 1009 beneficio
962 948 1004 1009 ita
1031 948 1183 1024 devinxit,
1205 964 1239 1009 ut
1259 947 1286 1010 ei
1307 947 1412 1023 potius

221 1078 307 1135 quam
338 1060 389 1121 stbi
420 1080 528 1123 morem
561 1078 675 1140 gerere,
707 1076 738 1121 et
770 1060 874 1138 potius
904 1080 942 1121 ex
974 1060 1063 1137 ipsius
1092 1078 1179 1136 quam
1200 1078 1238 1121 eu
1257 1058 1301 1120 sui
1323 1060 1411 1119 animi

221 1170 363 1234 sententia
396 1174 496 1239 vivere
528 1173 610 1237 velit.
652 1174 713 1254 Qui
746 1174 840 1250 ptimo
871 1176 920 1236 vel
949 1172 1079 1235 secundo
1111 1174 1201 1233 modo
1232 1173 1354 1233 alterum
1381 1172 1410 1231 in

221 1285 365 1360 potestate
396 1287 501 1363 habet,
532 1286 596 1364 ejus
627 1302 742 1347 tantum
773 1288 907 1363 Corpus,
938 1304 1000 1347 tton
1032 1289 1165 1347 Mentem
1191 1300 1290 1361 tenet;
1318 1283 1409 1345 tertio

220 1411 316 1457 autem
346 1398 393 1459 vel
423 1413 547 1474 quarte,
572 1414 631 1459 tam
651 1397 741 1475 ipsius
762 1401 895 1459 Mentem
917 1417 1003 1475 quam
1024 1398 1143 1473 Corpus
1163 1395 1298 1474 suijuris
1321 1395 1410 1468 fecit;

218 1508 267 1569 sed
299 1528 360 1571 non
391 1510 441 1570 nist
474 1514 597 1572 durante
629 1528 709 1573 metu
741 1513 789 1574 vel
820 1512 885 1589 spe;
917 1512 970 1572 hac
999 1529 1071 1573 vcro
1103 1524 1155 1571 aut
1175 1509 1227 1569 illo
1248 1510 1408 1582 adempte,

218 1638 315 1683 manet
336 1624 408 1683 alter
428 1623 471 1685 sui
489 1624 576 1700 jutis.

258 1733 284 1813 S.
306 1734 357 1795 xl.
396 1733 553 1816 Judicandi
574 1737 698 1797 facultas
728 1752 852 1798 eatenus
873 1737 961 1798 etiam
982 1735 1103 1797 alterius
1120 1734 1195 1811 iuris
1214 1732 1273 1795 elle
1294 1734 1409 1809 potest,

218 1862 363 1923 quatenus
391 1850 478 1909 Mens
507 1848 604 1925 potest
632 1852 667 1909 ab
698 1851 792 1911 altero
819 1848 933 1925 decipi;
963 1867 1001 1909 ex
1022 1866 1083 1924 quo
1104 1846 1253 1922 sequitur,
1271 1846 1406 1905 Mentem

218 1974 339 2019 eatenus
371 1959 414 2021 sui
442 1958 517 2036 juris
548 1960 670 2022 omnino
702 1961 776 2036 eise,
805 1976 953 2037 quatenns
979 1963 1057 2023 teste
1078 1958 1123 2020 uti
1144 1958 1243 2035 potest
1264 1958 1406 2018 Ratione.

216 2071 296 2143 lm0,
318 2072 386 2148 quia
414 2072 537 2133 humana
567 2072 700 2148 potentia
723 2090 784 2133 non
805 2089 864 2134 tam
884 2092 923 2133 ex
944 2072 1088 2149 Corporis
1114 2073 1238 2146 robore,
1258 2088 1346 2146 quam
1368 2088 1405 2129 ex

215 2182 327 2243 Mentis
360 2184 535 2246 fortitudine
566 2186 729 2247 aestimanda
759 2186 817 2261 est,
844 2187 912 2246 hinc
941 2184 1089 2261 sequitur,
1117 2185 1183 2245 illos
1211 2183 1338 2244 mamare
1360 2183 1403 2243 sui

211 2292 285 2369 jutis
313 2294 384 2370 else,
413 2296 463 2373 qui
493 2296 615 2358 maxime
643 2298 775 2359 Ratione
796 2300 926 2374 pollent,
948 2298 1060 2373 quique
1080 2296 1204 2357 maxime
1224 2297 1327 2357 eadem
1348 2298 1402 2355 do-

215 2422 331 2470 cuntur.
373 2410 474 2487 Atque
502 2412 577 2472 adeo
605 2408 753 2472 hominem
782 2424 905 2472 eatenus
924 2409 1046 2470 liberum
1068 2408 1189 2472 omnino
1211 2425 1309 2485 voco,
1330 2425 1401 2484 qua·

214 2534 302 2581 tenus
324 2521 453 2584 Ratione
475 2523 610 2597 ducitur,
638 2523 707 2599 quia
736 2539 859 2584 eatenus
881 2541 916 2582 ex
939 2521 1047 2596 caufis,
1068 2539 1135 2596 quae
1155 2539 1207 2596 per
1227 2520 1318 2581 solam
1337 2520 1401 2596 ejus

213 2649 343 2694 naturam
365 2635 483 2710 poliunt
504 2638 657 2712 adaequate
679 2636 818 2714 intelligi,
836 2639 872 2696 ad
891 2637 1035 2713 agendum
1053 2631 1400 2707 determinatut31ametfi

212 2762 249 2804 ex
271 2744 306 2805 iis
328 2746 485 2808 netellario
508 2751 543 2809 ad
565 2751 708 2826 agendum
730 2748 949 2810 determinetur.
977 2750 1053 2808 Nam
1074 2747 1195 2808 libertas
1215 2747 1263 2824 (ut
1282 2747 1353 2806 Art.
1373 2762 1399 2820 ς’.

211 2855 297 2932 nujus
320 2859 392 2937 Cap.
412 2861 592 2939 ostendimus)
614 2861 717 2939 agendi
740 2861 935 2921 necellttntem
957 2878 1017 2920 non
1039 2859 1136 2933 tollit,
1156 2859 1206 2919 sed
1226 2859 1324 2934 ponit.

251 2966 278 3047 §.
299 2969 366 3029 Xll.
407 2970 492 3032 Fides
520 2971 607 3032 alicui
635 2975 719 3045 data,
748 2991 806 3048 qua
834 2971 941 3048 aliquis
961 2971 1030 3032 solis
1052 2970 1150 3034 verbis
1170 2969 1322 3045 pollicitus
1342 2970 1398 3042 est,

209 3080 237 3140 se
259 3081 317 3140 hoc
338 3099 389 3144 aut
413 3082 484 3144 illud
505 3085 664 3160 faciurum,
693 3087 774 3160 quod
803 3102 858 3159 pro
879 3083 933 3145 suo
951 3083 1016 3159 jure
1037 3083 1175 3144 omittere
1195 3095 1330 3157 poterat,
1350 3082 1400 3142 vel

209 3207 331 3268 contra,
361 3194 473 3255 tamdiu
504 3211 565 3256 tata
597 3212 710 3271 manet,
743 3196 883 3271 quamdiu
913 3195 994 3270 ejus,
1025 3195 1078 3270 qui
1104 3195 1189 3256 tidem
1217 3192 1316 3266 dedit,
1337 3210 1398 3252 non

208 3319 338 3366 mutatur
358 3307 507 3368 voluntas.
548 3309 623 3368 Nam
645 3307 696 3384 qui
719 3307 895 3382 potestatem
915 3305 1005 3366 habet
1026 3306 1160 3369 solvendi
1182 3306 1286 3379 fidem,
1307 3304 1334 3364 is
1353 3322 1398 3364 re-

207 3434 275 3480 vera
304 3416 357 3478 suo
382 3417 448 3493 jure
478 3436 537 3478 non
566 3419 663 3494 cellit,
692 3419 741 3479 sed
769 3421 857 3481 verba
888 3435 1002 3482 tantum
1023 3419 1116 3480 dedit.
1157 3418 1188 3480 si
1208 3417 1299 3496 igitur
1318 3419 1399 3494 ipse,

208 3529 259 3604 qui
280 3531 401 3590 Naturae
421 3531 490 3610 Jure
512 3531 554 3592 sui
573 3531 666 3607 judex
688 3530 743 3606 est,
761 3530 956 3607 judicaverit,
977 3530 1027 3592 seu
1048 3533 1124 3593 tecte
1145 3531 1195 3592 seu
1215 3531 1397 3608 prave(nam

207 3657 298 3701 errare
318 3640 476 3703 humanum
497 3642 572 3720 cst),
594 3661 631 3702 ex
652 3643 709 3702 lide
730 3644 800 3702 data
820 3643 888 3718 plus
909 3641 1116 3717 damniquam
1137 3640 1276 3701 utilitatis
1295 3638 1397 3716 sequi,

207 3769 244 3810 ex
266 3751 322 3812 suae
344 3753 451 3813 mentis
472 3753 616 3816 sententia
636 3755 721 3814 fidem
742 3753 911 3816 solvendam
932 3751 989 3814 elle
1011 3753 1124 3827 censet,
1142 3767 1172 3812 et
1192 3753 1394 3832 NaturaeJtue

207 3862 279 3939 (per
300 3862 370 3924 Art.
391 3881 419 3939 9.
442 3863 529 3940 ltujm
552 3865 639 3944 Cap.)
661 3867 782 3926 eandem
802 3864 907 3926 solvet.
997 3942 1003 3956 ι

248 3971 274 4052 §.
295 3973 374 4033 Xlll.
416 3975 446 4034 si
475 3977 535 4037 duo
563 3976 644 4036 srtnul
672 3975 871 4051 conveniant,
899 3990 930 4035 et
961 3975 1038 4037 vites
1061 3975 1205 4054 jungant,
1224 3977 1291 4052 plus
1311 3976 1394 4038 limul

206 4081 324 4158 poliunt
331 4128 341 4159 ,
362 4098 392 4144 et
414 4085 627 4162 consequenter
654 4089 720 4162 plus
746 4087 822 4162 jutis
842 4087 872 4146 in
893 4089 1035 4148 Naturam
1056 4086 1136 4146 timul
1156 4087 1284 4162 liabent,
1304 4107 1391 4164 quam

205 4210 329 4270 uterque
360 4194 455 4272 solus;
488 4214 517 4258 et
551 4215 613 4274 quo
644 4198 742 4273 plures
773 4198 995 4260 necessitudines
1015 4196 1053 4257 lie
1071 4197 1223 4273 junxerint
1251 4199 1335 4272 suas,
1354 4217 1391 4260 eo

204 4323 306 4365 omnes
327 4304 407 4366 simul
428 4309 493 4382 plus
511 4307 586 4384 jutis
608 4309 770 4372 habebunt.
