2934 4900
293 331 795 429 Theologico·Politici
828 352 904 428 Cap.
930 355 982 415 111.
1173 356 1234 435 4l7'

12 526 126 588 alium
149 541 267 588 textum
287 528 419 603 reperio,
439 526 491 604 qui
511 546 557 588 me
577 527 808 607 magismove13
829 548 934 606 nempe
955 550 1019 607 cap.
1039 548 1067 608 3.
1085 531 1128 593 vs.
1150 548 1235 607 r,2.‚

14 638 83 701 ubi
116 639 230 700 Paulus
256 640 353 733 aliud,
393 657 460 701 uam
481 640 624 717 nor.hic,
646 643 752 703 docere
773 640 909 719 videtur;
931 642 973 703 ait
995 642 1092 717 enim,
1114 644 1236 721 quaesi

16 756 137 829 igitur
160 753 337 831 prastamm
363 754 475 829 Judaei,
500 767 555 813 aut
575 772 639 831 qua
666 756 785 815 utilitas
807 754 1050 834 circumcifiont's?
1071 758 1162 816 multa
1179 769 1236 836 per

17 883 144 925 omnem
170 866 300 938 modum
319 869 499 945 primarium
525 870 599 926 enim
624 868 680 946 est,
709 869 787 945 quod
805 872 833 927 εἰ
852 870 1016 929 concredita
1031 869 1105 945 sunt
1125 870 1236 946 eloquia

20 978 102 1039 Dei.
147 977 208 1039 Sed
227 976 249 1037 fi
270 980 306 1039 ad
327 978 410 1040 Pauli
430 980 608 1055 doctrinam,
630 999 719 1057 quam
741 981 888 1059 praecipue
911 984 1016 1043 docere
1038 982 1119 1059 vult,
1140 997 1236 1043 atten-

24 1090 153 1165 dimus,
182 1088 254 1150 nihil
281 1088 483 1168 inveniemus,
511 1094 593 1168 quod
622 1092 727 1153 nostrae
754 1092 823 1154 huic
845 1092 984 1155 doilrinae
1005 1109 1168 1173 repugnet,
1188 1094 1236 1155 sed

26 1218 162 1278 contra,
197 1205 315 1280 eadem,
346 1223 412 1281 quae
443 1224 500 1266 nos
529 1205 595 1283 lric,
628 1208 756 1267 docere:
785 1204 826 1265 ait
847 1204 923 1265 eninr
944 1206 1018 1269 vers.
1040 1224 1088 1283 29.
1110 1206 1237 1283 ejusdem

29 1314 171 1392 capitis,
199 1317 294 1377 Deum
316 1332 347 1376 et
367 1319 536 1397 Judaeorum
558 1333 589 1378 et
610 1316 742 1397 gentium
763 1319 858 1378 Deum
881 1316 935 1377 esse
947 1363 956 1393 ,
977 1332 1007 1378 et
1027 1336 1092 1395 cap.
1113 1336 1142 1379 2.
1163 1318 1236 1381 vers.

31 1438 97 1502 25,
118 1428 191 1501 26„
211 1431 239 1487 st·
264 1431 461 1506 circumcifiam
489 1430 600 1509 refiliat
625 1451 645 1490 a
671 1432 745 1507 lege,
774 1430 1005 1507 circumctfionem
1029 1429 1144 1506 saliam
1168 1429 1238 1506 fore

27 1544 232 1621 praeputium,
260 1556 289 1602 et
314 1557 430 1618 contra,
450 1544 478 1621 fi
499 1546 677 1622 preputium
702 1543 836 1620 observet
863 1544 1030 1603 mandatum
1058 1545 1148 1620 legis,
1176 1542 1237 1619 enos

27 1657 217 1734 preputium
237 1659 373 1735 reputari
392 1654 635 1734 circumtstonem.
656 1655 773 1716 Deinde
797 1654 839 1718 vs.
862 1674 891 1732 9.
918 1652 994 1737 [cap.
1016 1673 1045 1733 3.
1066 1671 1096 1716 et
1117 1655 1159 1719 vs.
1174 1655 1233 1735 15.]

33 1784 105 1842 cap.
135 1786 165 1846 4.
193 1766 251 1843 ait,
280 1784 382 1827 omnes
410 1785 511 1844 aeque,
539 1768 660 1847 Judaeos
689 1766 801 1828 scilicet
831 1782 862 1827 et
889 1782 1009 1846 genter,
1037 1767 1089 1829 sub
1111 1782 1235 1843 peccato

33 1876 142 1954 suisse;
169 1892 322 1954 peccatum
350 1894 448 1941 autem
475 1878 535 1939 fine
555 1882 695 1941 mandato
717 1895 748 1939 et
769 1880 832 1959 lege
855 1898 915 1940 non
936 1879 1007 1941 dari.
1048 1880 1146 1961 Quare
1167 1880 1235 1940 hinc

35 1990 251 2053 evidentislime
272 1993 403 2068 constat,
422 1994 516 2072 legem
538 1991 677 2055 omnibus
697 1991 831 2054 absolute
862 1992 958 2070 (quod
980 1992 1065 2068 supra
1086 1991 1174 2053 eriam
1196 2010 1234 2052 ex

35 2105 110 2183 Job.
139 2122 206 2181 cap.
233 2105 280 2165 28.
309 2104 352 2167 vs.
379 2106 429 2165 28.
451 2104 644 2185 ostendimus)
672 2106 831 2167 revelatam
855 2102 955 2180 fuisse,
977 2104 1029 2165 sub
1051 2123 1109 2181 qua
1131 2122 1233 2165 omnes

38 2214 199 2292 vixerunt,
234 2235 337 2294 nempe
371 2218 481 2297 legem,
509 2236 576 2294 quae
603 2218 692 2279 solam
720 2236 819 2280 veram
848 2217 989 2281 virtutem
1017 2216 1144 2293 spectat,
1173 2235 1233 2278 non

41 2342 143 2388 autem
171 2328 266 2405 illam,
293 2348 358 2406 quae
387 2348 442 2406 pro
469 2330 585 2391 ratione
614 2346 643 2390 et
672 2328 886 2391 constitutione
914 2328 1063 2409 fingularia
1084 2326 1234 2405 cujusdam

42 2439 159 2516 imperii
179 2440 339 2520 stabilitur,
360 2443 448 2505 etad
469 2441 618 2522 ingenium
640 2442 729 2506 unius
750 2442 880 2505 nationis
901 2444 1147 2505 accommodatur.
1173 2442 1233 2502 De·

42 2551 154 2628 nique,
173 2555 326 2616 concludit
346 2553 470 2632 Paulus,
492 2555 631 2632 quoniam
652 2557 735 2617 Deus
756 2556 885 2616 omnium
907 2553 1060 2616 nationum
1080 2556 1162 2616 Deus
1183 2553 1234 2630 est,

42 2663 104 2724 hoc
124 2665 165 2725 en
185 2667 321 2728 omnibus
342 2685 426 2744 aeque
447 2667 596 2744 propitius
602 2712 612 2744 ‚
633 2681 664 2728 et
685 2687 787 2728 omnes
809 2685 892 2744 aeque
913 2667 1047 2746 sublege
1067 2679 1232 2742 etpeccato

43 2775 177 2852 fuerant,
207 2776 277 2840 ideo
308 2780 391 2840 Deus
421 2778 559 2841 omnibus
589 2777 761 2840 nationibus
792 2778 936 2840 Christum
965 2778 1046 2839 suum
1067 2776 1159 2854 misrt,
1180 2775 1232 2852 qui

45 2903 147 2948 omnes
178 2907 261 2966 aeque
292 2909 310 2949 a
339 2890 482 2953 servitute
511 2890 585 2970 legis
615 2890 769 2967 liberaret,
800 2908 836 2950 ne
868 2889 992 2966 amplius
1023 2907 1061 2948 ex
1092 2889 1231 2948 mandato

46 2997 152 3076 Legis,
172 2999 221 3061 sed
242 3019 279 3062 ex
300 3002 444 3063 constanti
465 3002 553 3063 animi
574 3005 695 3064 decreto
722 3005 799 3062 bene
820 3015 949 3080 agerent.
991 2999 1099 3060 Paulus
1131 2997 1232 3074 itaque

46 3111 96 3187 id,
115 3116 194 3190 quod
221 3117 374 3210 voluprus,
402 3119 565 3179 adamullim
592 3116 796 3179 docet..Cum
818 3133 887 3196 ergo
909 3115 968 3191 ait,
989 3115 1098 3184 Judaets
1119 3126 1232 3173 tanturn

47 3225 106 3286 Det·
130 3227 238 3303 eloquia
268 3229 380 3290 credita
404 3227 510 3308 fuiffc,
541 3231 590 3294 vel
622 3226 843 3308 intelligendum
872 3228 929 3302 est,
957 3227 1039 3304 quod
1060 3225 1096 3286 iis
1117 3239 1230 3288 tantum

7 3311 14 3393 s
49 3337 142 3414 Leges
169 3337 277 3416 scripto
284 3385 294 3416 ,
321 3340 440 3417 reliquis
467 3357 564 3405 autem
593 3341 731 3420 gentibus
760 3341 820 3401 sola
848 3353 962 3400 tantum
991 3335 1171 3400 revelatione
1200 3351 1231 3397 et

8 3486 10 3527 p
50 3464 193 3524 conceptu
231 3451 409 3514 concredita
447 3454 584 3528 fuerunt,
622 3455 671 3516 vel
712 3451 867 3513 dicendum
899 3446 1152 3530 (quandoquidem
1184 3447 1213 3508 id
1221 3492 1230 3524 ,

8 3574 13 3645 g
53 3561 129 3634 quod
154 3561 207 3621 soli
233 3562 328 3641 Judaei
356 3563 483 3640 objicere
513 3578 669 3641 poterant,
696 3561 865 3639 propulsare
894 3561 1021 3640 studet),
1049 3558 1170 3621 Paulum
1193 3577 1230 3619 ex

9 3738 11 3765 ι
52 3687 137 3748 captu
164 3689 193 3734 et
224 3674 381 3738 secundum
412 3676 569 3752 opiniones
599 3678 786 3756 Judaeorum,
817 3689 879 3735 tum
910 3671 1051 3748 temporis
1080 3685 1230 3747 receptas,

53 3783 232 3862 respondere;
270 3806 352 3865 nam,
387 3791 424 3850 ad
456 3807 504 3866 ea,
535 3808 602 3866 quae
641 3787 746 3865 partim
779 3785 893 3850 viderat
923 3783 1028 3861 partim
1059 3781 1229 3858 audiverat,

9 3904 23 3959 lv
55 3895 244 3974 edocendum,
281 3917 347 3959 cum
386 3898 496 3960 Graecia
528 3914 589 3960 erat
627 3899 767 3974 Graecus,
798 3912 829 3959 et
860 3915 926 3958 cum
956 3895 1068 3977 Judaeit
1098 3896 1228 3976 Judaeus.

93 4006 217 4083 Superest
235 4007 296 4086 jam
316 4025 449 4088 tantum,
469 4027 503 4072 ut
524 4013 708 4089 quorundam
728 4009 893 4072 rationibus
910 4007 1135 4086 respondeamus
1142 4006 1228 4083 ,qui-

54 4121 107 4180 bur
124 4117 171 4180 fibi
191 4121 363 4197 persuadere
384 4125 509 4202 volunt,
529 4125 721 4186 Hebraeorum
740 4121 910 4185 electionem
922 4138 982 4182 non
993 4135 1228 4196 temporaneam,

12 4194 20 4232 ὁ
56 4246 86 4292 et
103 4231 206 4294 ratione
227 4233 318 4297 solius
339 4233 470 4312 imperii,
489 4236 540 4298 sed
561 4253 697 4297 aeternam
717 4231 811 4296 fuisse.
841 4235 934 4310 Nam,
956 4231 1055 4310 ajunt,
1077 4229 1227 4306 videmus,

16 4398 19 4419 ‚
56 4345 164 4425 Judaeor
175 4346 241 4422 post
256 4346 368 4424 imperii
385 4347 574 4428 amisionem,
590 4363 638 4412 tot
654 4367 765 4425 annor,
776 4346 886 4425 ubique
897 4345 1010 4424 sparsor
1021 4342 1227 4422 separatosque

10 4437 31 4565 s?
1094 4455 1128 4507 ²⁷
