2934 4900
571 366 627 427 Dc
659 366 757 427 Deo.
1226 374 1262 439 51

58 544 146 616 quod
179 541 266 603 ctiam
299 542 339 603 est
371 541 533 604 absurdam.
565 543 675 618 Porro,
710 542 729 603 fi
759 541 910 619 quantitas
939 540 1054 602 inlinita
1085 538 1267 602 mensuratur

58 653 199 727 panibus
221 657 311 729 podes
332 654 535 731 aequantibus,
557 654 681 715 infinitis
699 654 809 715 talibus
827 654 959 731 partibus
977 652 1109 714 constare
1130 652 1267 724 debebit,

57 782 94 824 ut
117 784 167 839 et,
192 765 212 825 sa
235 767 373 846 partibuq
389 766 569 829 mensuretur
589 764 701 845 digitos
722 766 926 843 aequantibus3
954 782 988 827 ac
1011 780 1166 842 propterea
1189 781 1266 825 unus

57 894 202 939 numerus
231 878 364 940 infinitus
391 878 446 941 erit
473 878 635 940 duodecies
661 876 753 953 major
773 877 833 939 alio
855 876 982 939 infinito.
1014 881 1163 954 Denique,
1185 875 1206 936 fi
1228 894 1266 936 ex

453 1004 472 1053 u
526 1008 586 1051 uno
613 992 723 1067 punito
761 989 884 1051 infinitae
912 988 1063 1067 cujusdam
1091 986 1266 1065 quantitatis

525 1094 726 1172 concipiatur,
743 1098 817 1157 duas
831 1094 941 1169 lineas,
956 1110 990 1156 ut
1004 1093 1075 1169 AB,
1095 1092 1163 1169 AC,
1187 1107 1266 1153 certa

525 1222 558 1264 ac
578 1200 769 1263 determinata
784 1200 814 1261 in
834 1198 921 1262 initio
933 1196 1067 1261 distantia
1078 1196 1108 1258 in
1120 1197 1265 1259 infinitum

65 1303 111 1407 A·
525 1306 679 1384 protendi;
696 1323 808 1368 certum
824 1304 883 1379 cll,
898 1302 1061 1365 distantiam
1077 1302 1186 1363 interB
1197 1302 1266 1363 etC

525 1412 670 1475 continuo
692 1410 808 1491 augeri,
830 1424 861 1471 et
882 1412 999 1471 tandem
1019 1426 1057 1469 ex
1074 1407 1265 1470 determinata

523 1516 802 1579 indeterminabilem
811 1515 884 1577 sore.
897 1512 971 1575 Cum
980 1512 1265 1592 igiturhaceabsurda

524 1620 699 1699 sequantur,
718 1637 751 1682 ut
763 1635 888 1696 putant,
899 1638 936 1681 ex
947 1636 1002 1694 eo,
1021 1619 1104 1695 quod
1114 1617 1265 1693 quantitas

448 1698 471 1748 C
524 1725 638 1787 infinita
660 1724 853 1802 supponitur:
882 1722 950 1784 inde
977 1724 1177 1798 concludunt,
1197 1721 1264 1782 sub·

59 1838 197 1899 stantiam
220 1856 390 1915 corpoream
411 1840 515 1899 debere
537 1836 592 1899 else
615 1837 746 1913 smitam,
766 1851 796 1898 et
814 1834 1028 1913 consequenter
1044 1836 1082 1895 ad
1099 1832 1157 1895 Dei
1172 1832 1263 1895 elsen-

57 1950 132 2009 tiam
154 1968 216 2010 aon
238 1948 391 2024 pertinere.
412 1950 577 2012 Secundum
597 1964 797 2029 argumentum
816 1947 929 2026 petitur
945 1946 1033 2009 etiam
1048 1965 1065 2007 a
1081 1944 1188 2007 summa
1207 1945 1263 2007 Dei

59 2060 257 2135 perfectione.
276 2061 359 2121 Deus
380 2060 474 2136 enim,
494 2060 649 2139 inquiunt,
671 2080 737 2123 cum
759 2060 793 2121 stt
815 2080 866 2121 ens
882 2058 989 2120 summe
1010 2058 1186 2135 perfeetum,
1202 2056 1263 2133 pati

58 2190 121 2231 non
144 2171 258 2247 potest:
288 2170 372 2249 atqui
401 2172 557 2234 substantia
587 2191 746 2249 corporea,
768 2170 1008 2249 quandoquidem
1030 2168 1183 2231 divisibilis
1205 2168 1263 2242 est,

58 2284 121 2359 pati
142 2283 259 2359 potest;
281 2282 412 2361 sequitur
429 2303 516 2364 crgo,
536 2284 625 2362 ipsam
645 2288 681 2346 ad
698 2284 756 2346 Dei
774 2282 920 2345 essentiam
937 2300 999 2344 non
1017 2280 1172 2357 pertinere.
1190 2280 1262 2339 Haec

58 2396 145 2472 lunt,
156 2416 226 2476 quae
239 2400 318 2474 apud
329 2398 483 2476 scriptores
496 2396 617 2462 invenio
630 2414 813 2478 argumenta,
825 2397 933 2476 quibus
945 2396 1095 2474 ostendere
1107 2406 1262 2468 conantur,

58 2508 251 2570 substantiam
282 2527 451 2587 corpoream
481 2509 582 2572 divina
612 2526 713 2572 natura
742 2509 890 2588 indignam
919 2506 992 2585 esse,
1012 2526 1066 2568 nec
1087 2509 1123 2568 ad
1141 2507 1262 2566 eandem

61 2619 142 2695 posse
166 2619 324 2696 pertinere.
347 2622 456 2682 Vemm
478 2621 554 2682 euim
577 2620 705 2697 ver0,s1
727 2621 795 2698 quis
817 2624 892 2684 reue
913 2623 1063 2696 attendat,
1083 2638 1127 2680 me
1145 2622 1183 2680 ad
1199 2620 1261 2680 hac

57 2731 117 2806 jam
136 2729 318 2808 respondisse
337 2731 515 2810 comperiet;
537 2732 778 2810 quandoquidem
793 2733 855 2793 ltaec
873 2746 1042 2812 argumenta
1058 2730 1135 2793 ineo
1147 2746 1261 2793 tantum

61 2845 245 2918 fundantur,
270 2845 353 2920 qubd
378 2843 564 2906 substantiam
585 2862 755 2923 corpoream
776 2864 814 2905 ex
836 2845 968 2920 partibus
990 2843 1129 2921 componi
1150 2843 1259 2920 suppo·

61 2971 158 3030 nunt,
181 2959 264 3032 quod
275 2955 335 3031 jam
353 2955 455 3050 (l'rop.
477 2973 522 3018 ια.
539 2977 601 3018 acm
614 2958 716 3019 Coroll.
730 2959 817 3038 Prop.
832 2959 892 3038 13.)
908 2957 1061 3020 absurdum
1072 2956 1127 3018 esse
1138 2956 1261 3018 ostendi.

59 3067 180 3128 Deinde
202 3067 223 3126 ll
245 3066 311 3144 quis
328 3085 387 3128 tem
409 3072 486 3132 teile
504 3073 682 3146 perpendere
701 3069 791 3145 velit,
812 3069 944 3146 videbit,
965 3068 1062 3132 omnia
1078 3069 1126 3130 illa
1137 3068 1259 3130 absurda

60 3180 219 3258 (fiqm'dem
246 3185 340 3241 omnia
366 3181 497 3257 absurda
518 3183 610 3260 fient,
637 3184 671 3242 de
698 3202 751 3260 quo
766 3183 832 3257 jam
851 3201 906 3242 non
926 3181 1072 3262 desputo),
1093 3200 1130 3242 eu
1151 3180 1259 3257 quibus

60 3294 242 3354 concludere
264 3293 389 3368 volunt,
416 3291 603 3354 substantiam
626 3293 772 3354 extensam
793 3293 903 3354 finitam
925 3291 999 3367 elle,
1025 3291 1141 3354 miiaime
1162 3309 1199 3352 ex
1220 3311 1257 3352 co

60 3405 165 3480 sequi,
196 3405 279 3481 quod
309 3404 458 3480 quantitas
494 3405 606 3466 infinita
641 3403 839 3482 supponatur:
873 3404 923 3466 sed
951 3406 1033 3481 quod
1064 3403 1257 3480 quantitatem

60 3517 206 3578 infinitam
223 3516 459 3592 mensurabilem,
481 3532 510 3577 et
528 3535 564 3576 ex
581 3517 714 3593 partibus
732 3516 823 3577 finitis
835 3514 954 3577 conflari
966 3515 1154 3592 supponunt;
1169 3533 1258 3591 quare

57 3649 95 3690 ex
126 3628 275 3703 absurdis,
304 3647 369 3705 quae
398 3628 466 3689 inde
495 3627 673 3706 sequuntur,
702 3628 775 3689 nihil
802 3627 881 3689 aliud
916 3628 1093 3688 concludere
1124 3625 1259 3703 possunt,

58 3761 148 3820 quam
170 3743 252 3818 quod
274 3739 425 3818 quantitas
443 3740 555 3802 insanita
572 3759 632 3802 non
649 3741 683 3802 stt
699 3739 915 3816 mensurabilis,
931 3756 961 3800 et
979 3743 1061 3816 quod
1075 3758 1113 3800 cx
1124 3739 1257 3815 partibus

58 3853 152 3914 finitis
183 3852 305 3914 conflari
337 3871 397 3913 non
430 3853 525 3928 polstt.
553 3854 655 3930 Atque
686 3853 744 3912 hoc
777 3850 852 3911 idem
882 3849 940 3926 cst,
971 3852 1053 3926 quod
1084 3868 1140 3910 nos
1171 3849 1255 3924 supra

57 3965 213 4046 (Propasta.
246 3982 280 4025 ta
291 4010 301 4040 ,
328 3967 395 4044 etc.)
420 3963 480 4040 jana
507 3961 777 4026 demonstravimus.
799 3963 896 4044 Quare
918 3963 1023 4038 telum,
1045 3964 1127 4038 quod
1146 3961 1176 4022 in
1198 3979 1254 4021 nos

501 4181 516 4217 Β

94 4277 107 4302 ·
142 4271 173 4323 ln
193 4271 267 4322 l'ers.
284 4270 352 4337 llclg.
374 4229 522 4370 Α<’

498 4363 546 4423 ὁ..
557 4375 594 4424 ...a
