2934 4900
212 338 270 412 326
568 334 808 392 Tractatus
848 329 1039 389 Politici

211 511 286 571 statu
317 508 397 570 civili
430 508 504 569 idem
533 508 599 585 jus,
632 510 713 584 quod
745 510 813 567 dum
841 505 871 566 in
899 504 978 568 vivis
999 504 1058 579 est,
1079 506 1165 565 etiam
1187 506 1253 581 poli
1275 522 1410 567 mortem
1446 495 1447 498 '

208 620 341 695 obtinet,
369 620 454 695 quia,
482 620 525 681 uti
554 620 698 694 (linimur,
729 638 789 679 non
818 635 877 678 tam
898 618 949 678 sub
969 635 1056 693 quam
1077 617 1218 679 Civitatis
1239 619 1408 693 potentii,

210 752 275 809 quae
298 748 404 793 aetetna
426 731 482 805 est,
503 734 539 792 de
562 732 619 791 suis
641 732 727 793 bouis
756 730 914 807 quicquam
942 730 1067 790 statuere
1097 730 1203 805 potest
1243 732 1288 789 At
1308 730 1411 808 Regis

211 843 264 904 alia
293 844 409 919 prorsus
439 843 479 903 est
507 843 598 903 ratio:
629 861 693 902 nam
715 841 807 920 Regis
829 842 968 903 voluntas
990 840 1082 916 ipsum
1101 840 1151 916 jus
1171 840 1269 902 Civile
1291 842 1355 915 est,
1378 859 1411 901 et

211 974 261 1016 rex
283 956 344 1033 ipsa
365 956 497 1031 Civitas;
518 972 636 1016 mortuo
659 956 748 1034 igitur
769 957 853 1033 Rege
874 954 952 1014 obiit
974 956 1193 1029 quodammodo
1214 953 1355 1028 Civitas,
1378 972 1410 1014 ct

211 1068 301 1128 status
333 1067 429 1129 civilis
462 1070 496 1127 ad
529 1068 708 1141 naturalem,
741 1081 771 1127 et
802 1066 1017 1143 consequenter
1053 1064 1161 1125 summa
1197 1066 1331 1140 potestas
1372 1070 1412 1126 ad

211 1178 425 1239 multitudinem
448 1177 617 1238 naturaliter
638 1176 728 1251 redit,
750 1196 816 1253 quae
837 1192 994 1253 propterea
1008 1176 1075 1252 jure
1093 1176 1191 1252 potest
1208 1178 1290 1255 leges
1306 1196 1411 1237 novas

210 1294 351 1365 condere,
380 1305 410 1351 et
440 1308 554 1353 veteres
584 1291 732 1367 abrogare.
774 1292 876 1367 Atque
898 1291 973 1349 adeo
995 1302 1133 1364 apparet,
1155 1289 1299 1348 neminem
1322 1290 1408 1366 Regi

207 1403 273 1481 jure
295 1403 466 1479 succedere,
495 1402 546 1463 nist
569 1421 654 1479 quem
677 1402 837 1463 multitudo
867 1401 1054 1463 successorem
1076 1402 1158 1477 vult;
1178 1403 1228 1463 vel
1247 1403 1278 1462 in
1298 1404 1407 1463 Tlreo-

210 1515 314 1590 cratia,
337 1516 432 1591 qualis
454 1517 644 1575 Hebraeorum
665 1513 783 1576 Civitas
804 1514 873 1573 olim
895 1514 968 1588 suit,
986 1532 1072 1589 quem
1094 1516 1176 1575 Deus
1198 1534 1249 1589 per
1269 1516 1406 1589 Prophe-

210 1642 268 1686 tam
301 1626 430 1705 elegerit.
471 1626 619 1688 Possemus
653 1642 793 1703 praeterea
825 1627 888 1686 haec
919 1626 987 1687 inde
1020 1630 1183 1702 deducere,
1205 1630 1288 1703 qnod
1308 1626 1407 1704 Regis

212 1738 340 1817 gladius,
369 1738 427 1801 stve
452 1739 519 1815 jus,
547 1738 581 1799 stt
609 1758 708 1801 revera
738 1740 826 1816 ipsrus
847 1739 1062 1813 multitudinis,
1083 1740 1141 1802 stve
1163 1739 1314 1801 validioris
1337 1740 1405 1815 ejus

213 1852 323 1928 partis,
344 1855 500 1927 voluntas;
532 1854 578 1915 vel
601 1851 687 1913 etiam
720 1872 757 1913 ex
790 1872 846 1927 eo,
876 1856 958 1929 quod
978 1853 1113 1913 homines
1134 1853 1264 1914 Ratione
1286 1854 1405 1928 praediti

213 1982 360 2039 nunquam
388 1965 441 2025 suo
466 1964 532 2041 jure
553 1964 594 2024 ita
615 1967 743 2037 cedunt,
770 1979 804 2024 ut
825 1966 959 2025 homines
980 1965 1034 2025 else
1056 1964 1204 2039 desmant,
1225 1980 1256 2024 et
1279 1964 1403 2039 perinde

213 2095 246 2137 ac
267 2077 395 2151 pecudes
416 2076 586 2138 habeantur.
628 2078 685 2136 Sed
706 2078 769 2135 ltaec
791 2077 912 2136 ulterius
932 2076 1065 2153 persequi
1087 2095 1147 2137 non
1169 2076 1210 2135 est
1231 2094 1319 2151 opus.

254 2184 280 2264 §.
302 2186 410 2245 XXVI.
451 2186 595 2247 Caeterum
625 2186 808 2265 Religionis,
836 2187 895 2247 stve
923 2189 1017 2248 Deum
1038 2188 1173 2261 colendi,
1191 2188 1241 2263 jus
1262 2206 1349 2247 nemo
1370 2189 1399 2247 in

217 2296 303 2356 alium
334 2297 487 2356 transferre
518 2298 623 2372 potest.
665 2300 722 2359 Sed
754 2302 790 2359 de
820 2300 878 2359 hoc
910 2299 939 2358 in
968 2302 1086 2360 duobus
1114 2299 1224 2360 ultimis
1253 2299 1402 2373 capitibus

216 2410 371 2471 Tradatus
392 2408 712 2488 Theologico-Politici
734 2410 848 2486 prolixe
869 2410 997 2490 egimus,
1018 2410 1284 2487 quaehicrepetere
1303 2410 1401 2486 super·

217 2524 306 2582 fluum
337 2523 387 2581 est.
428 2525 527 2598 Atque
558 2523 603 2582 his
635 2541 679 2582 me
712 2523 817 2598 optimi
848 2523 961 2600 imperii
994 2524 1178 2584 Monarclrici
1210 2525 1400 2585 sutrdamenta

217 2635 285 2695 satis
313 2637 403 2710 clare,
432 2637 564 2711 quamvis
592 2636 739 2710 breviter,
768 2636 967 2697 demonstrasse
999 2652 1129 2697 autumo.
1170 2639 1281 2699 Eorum
1303 2653 1400 2698 autem

213 2746 436 2822 colraerentiam,
462 2747 521 2809 srve
543 2747 655 2824 imperii
679 2748 860 2826 analogiam,
888 2749 972 2809 facile
995 2749 1192 2826 unusquisque
1215 2750 1401 2824 observabit,

212 2860 263 2936 qui
292 2863 390 2920 eadem
418 2859 499 2921 strnul
527 2861 623 2938 aliqua
654 2879 718 2922 cum
742 2860 908 2921 attentione
929 2862 1121 2938 contemplari
1143 2862 1225 2922 velit.
1265 2863 1399 2937 Superest

212 2989 325 3034 tanturn
356 2991 490 3047 monere,
517 2993 562 3034 me
590 2971 637 3033 hic
667 2973 819 3049 imperium
841 2973 1064 3035 Monarchicum
1085 2973 1259 3049 concipere,
1280 2977 1398 3050 quoda

212 3085 300 3145 libera
319 3083 505 3145 multitudine
524 3083 699 3160 instituitur,
718 3086 767 3145 cui
785 3084 968 3145 solummodo
986 3087 1048 3145 ltaec
1066 3104 1103 3144 ex
1121 3086 1175 3145 usu
1194 3085 1250 3146 else
1268 3085 1399 3161 polsuot;

213 3216 277 3258 nam
308 3197 485 3271 multitudo,
517 3215 582 3273 quae
614 3196 661 3256 alii
694 3196 807 3272 imperii
840 3197 940 3257 formae
970 3196 1109 3271 assuevit,
1130 3216 1189 3257 non
1210 3199 1320 3272 poterit
1341 3199 1397 3257 stne

211 3327 318 3388 magno
340 3308 497 3372 eversionis
521 3307 652 3384 periculo
673 3309 769 3370 totius
790 3308 903 3384 imperii
923 3323 1042 3384 recepta
1060 3309 1248 3370 fundamenta
1267 3311 1397 3386 evellere,

213 3437 242 3482 et
263 3421 357 3483 totius
380 3421 492 3496 imperii
515 3421 651 3480 fabricam
674 3435 796 3480 mutate.

253 3531 279 3611 ᾗ.
301 3533 423 3592 XXVII.
465 3534 566 3608 Atque
597 3532 676 3607 haec,
709 3551 775 3608 quae
809 3531 985 3608 scripstmus,
1013 3532 1071 3593 risu
1099 3533 1194 3594 forsan
1215 3532 1395 3609 excipientur

213 3646 249 3704 ab
271 3643 324 3717 iis,
345 3643 395 3720 qui
418 3643 509 3717 vitia,
530 3661 595 3720 quae
618 3643 754 3704 omnibus
784 3644 955 3704 mortalibus
983 3645 1097 3717 insunt,
1119 3649 1156 3705 ad
1177 3646 1264 3704 solam
1286 3648 1392 3720 plebem

213 3760 400 3837 restringunt3
423 3778 526 3834 nempe
548 3762 629 3836 quod
652 3760 681 3820 in
704 3762 794 3838 vulgo
816 3760 888 3820 nihil
905 3759 1066 3834 modicum3
1084 3760 1393 3835 terrere‚nipaveant;

213 3886 243 3931 et
272 3874 353 3946 quod
381 3873 464 3947 plebs
493 3886 542 3932 aut
570 3871 718 3933 humiliter
749 3871 851 3945 servit,
880 3890 930 3932 aut
952 3872 1074 3948 superbe
1096 3872 1277 3947 dominatur;
1299 3874 1391 3933 necti

213 3982 338 4056 veritas,
371 3999 421 4043 aut
450 3983 611 4060 judicium,
642 4000 699 4044 etc.
742 3986 784 4043 At
813 3997 915 4043 natura
945 4002 1002 4043 nna
1031 4000 1061 4043 et
1090 3984 1251 4044 communis
1273 3985 1390 4045 omnium

213 4095 262 4156 cst.
303 4096 360 4155 Sed
387 4095 522 4170 potentia
550 4111 579 4155 et
608 4097 689 4157 cultu
722 4095 898 4171 decipimur;
920 4098 997 4155 unde
1020 4094 1079 4170 est,
1101 4110 1134 4155 ut
1156 4098 1216 4155 duo
1237 4095 1389 4156 cumidem

213 4205 342 4282 faciunt,
364 4207 438 4282 saepe
461 4205 606 4281 dicamus,
628 4207 684 4268 hoc
706 4207 777 4268 licet
797 4207 916 4282 impune
939 4209 1033 4267 facere
1053 4206 1143 4280 huic,
1163 4207 1206 4267 illi
1226 4227 1286 4268 non
1306 4208 1386 4281 licet,

215 4336 274 4380 non
296 4321 377 4393 quod
399 4317 535 4378 disimilis
556 4337 601 4378 res
622 4318 674 4395 stt,
697 4319 746 4380 sed
767 4318 817 4395 qui
839 4317 921 4379 facit.
962 4319 1193 4381 Dominantibus
1220 4320 1332 4397 propria
1350 4321 1386 4382 est
