2934 4900
196 325 255 388 216
611 319 884 384 Ethicetl’tte
904 320 958 381 iv.

194 498 284 579 partis
305 517 334 579 3.
354 497 499 578 explicui;
519 497 697 577 dereliquit
718 512 818 560 nutem
835 497 964 576 niciam
985 495 1042 560 enit
1062 493 1182 560 dicenti
1200 495 1297 558 ioeut.
1319 495 1382 558 Sed

196 612 277 690 ptius
297 629 389 689 pauca
409 613 447 674 de
460 611 543 691 statu
562 609 685 674 hominu
705 611 840 672 naturali
859 624 889 673 et
907 611 992 672 civili
1011 609 1138 674 dicenda
1155 607 1233 671 suut

234 723 342 786 Existit
369 722 567 803 unusquisque
588 722 699 786 summo
724 725 847 786 Nature
871 723 955 802 jure,
981 737 1014 786 et
1033 721 1247 800 consequenter
1267 721 1386 787 sunno

195 837 316 898 Nutuse
343 835 409 914 jure
439 834 637 914 unusquisque
669 853 704 897 eu
735 835 811 915 agit,
843 853 910 913 que
942 854 981 897 ex
999 833 1059 898 suae
1080 849 1193 896 nature
1213 833 1386 896 neceffitate

196 949 372 1026 seqututtor;
393 963 482 1026 atque
500 950 575 1010 adeo
595 947 705 1010 summo
716 948 839 1010 Nature
856 948 922 1026 jure
944 945 1143 1026 unusquisque
1156 945 1288 1026 judicet,
1306 944 1386 1024 quid

195 1063 323 1138 bonum,
353 1059 425 1138 quid
455 1061 559 1122 malum
590 1058 642 1137 iit,
673 1058 791 1137 sueque
822 1057 945 1121 utilitati
976 1077 1015 1120 en
1034 1057 1089 1120 suo
1110 1056 1230 1137 ingenio
1250 1055 1385 1118 consulit

197 1173 278 1252 (vide
296 1174 386 1252 Prop.
410 1187 456 1249 19.
475 1185 504 1232 et
524 1187 565 1234 uo
584 1169 704 1251 hujus),
724 1169 844 1249 seseque
864 1170 997 1235 vindicet
1018 1171 1102 1250 (vide
1120 1170 1225 1232 Coreli.
1243 1187 1273 1232 u.
1289 1169 1385 1250 Prop.

195 1303 245 1365 40.
260 1296 294 1363 p.
314 1285 377 1364 3.),
397 1299 428 1345 et
448 1281 496 1361 id,
516 1285 599 1360 quod
620 1297 697 1344 amat
707 1327 718 1360 ,
739 1280 929 1360 conservate,
956 1298 988 1345 et
1007 1282 1055 1360 id,
1076 1284 1159 1360 quod
1180 1281 1253 1344 odio
1273 1280 1387 1357 habet,

195 1396 340 1458 destruere
360 1409 485 1458 conetur
504 1395 586 1474 (vide
605 1396 695 1476 Prop.
717 1396 766 1458 28.
784 1409 817 1476 p.
839 1396 899 1476 3.).
922 1395 1015 1478 Quod
1034 1394 1057 1457 si
1075 1394 1212 1457 hominen
1231 1411 1270 1455 ex
1289 1395 1387 1456 <iustu

196 1508 335 1572 Rationis
362 1508 513 1584 viverent,
542 1507 689 1584 potitetut
719 1507 917 1586 unusquisque
939 1508 1012 1588 (ptr
1039 1507 1143 1568 Coroll.
1174 1523 1200 1568 1.
1222 1519 1310 1587 prop.
1333 1517 1388 1582 35.

195 1622 296 1702 hujus)
316 1623 375 1686 hoc
396 1621 449 1684 suo
467 1621 533 1700 jure
554 1620 662 1700 ubsque
683 1623 747 1684 uilo
767 1621 887 1684 alteriue
907 1623 1024 1682 domno.
1054 1620 1114 1682 Sed
1134 1619 1204 1698 quit
1225 1617 1386 1682 aueeiuus

196 1736 264 1799 sunt
285 1735 409 1798 obnoxii
430 1735 503 1816 (per
524 1735 628 1796 Coroll.
649 1735 739 1814 Prop.
760 1753 790 1814 4.
811 1732 923 1815 hujus),
940 1733 994 1812 qui
1003 1733 1168 1810 potentium
1178 1731 1230 1794 stu
1240 1732 1386 1796 virtutem

195 1848 348 1912 humanam
378 1848 466 1928 longe
497 1846 635 1924 superant
665 1845 739 1928 (per
767 1847 858 1926 Prop.
887 1848 919 1908 6.
949 1844 1069 1926 husus),
1088 1846 1157 1908 ideo
1178 1845 1256 1924 sepe
1276 1845 1386 1909 diverti

196 1959 351 2024 uehuntur
380 1959 452 2041 (per
481 1961 571 2040 Prop.
601 1975 651 2038 33.
682 1957 803 2039 Mus),
822 1974 912 2035 utque
932 1957 986 2021 sibi
1006 1957 1134 2022 invicem
1154 1958 1223 2020 sunt
1242 1958 1385 2021 contrarii

198 2074 270 2154 (per
289 2074 380 2154 Prop.
401 2091 450 2154 34.
471 2071 589 2152 hujus),
609 2085 714 2134 mutuo
736 2073 806 2134 dum
826 2070 938 2134 auxilio
957 2069 1281 2151 indigenthrScltoi
1290 2071 1386 2150 Prop.

198 2195 247 2264 35.
267 2183 378 2263 hujus).
405 2185 450 2247 Ut
471 2183 561 2263 igitur
580 2183 714 2246 homines
735 2182 923 2246 concorditer
943 2183 1045 2246 vivere
1066 2197 1097 2244 et
1116 2181 1170 2244 fibi
1191 2181 1305 2244 auxilio
1326 2181 1385 2244 esse

197 2297 320 2374 possint,
339 2294 450 2358 necesse
471 2295 529 2374 est,
549 2311 584 2358 ut
601 2297 666 2374 jure
688 2295 742 2358 suo
763 2295 889 2359 naturali
909 2293 1384 2371 cedant,etseinvicemsecunot

196 2411 336 2487 reddunt,
365 2409 396 2471 se
426 2407 499 2471 nihil
528 2411 659 2487 astutos,
691 2410 774 2488 quod
804 2409 890 2486 posit
919 2407 951 2471 in
972 2407 1091 2471 ulterius
1111 2408 1247 2471 &tonum
1268 2409 1383 2469 cedere.

197 2522 265 2613 Qua
286 2536 383 2583 eutem
403 2520 517 2583 ratione
537 2520 596 2583 hoc
616 2520 677 2585 fieti
699 2522 802 2599 poffit,
823 2536 859 2583 ut
875 2520 987 2584 scilicet
1002 2517 1383 2597 hominet‚quitffe&ibus

197 2630 354 2695 necessario
376 2632 443 2697 sunt
463 2632 588 2695 obnoxii
609 2633 685 2714 (per
696 2633 800 2695 Coroll.
811 2631 1065 2714 Puppim),
1082 2648 1173 2710 atque
1182 2630 1385 2693 incontantes

197 2762 229 2808 et
249 2744 324 2809 varii
352 2746 424 2825 (per
449 2747 540 2826 Pop,
569 2762 617 2824 33.
644 2744 763 2826 hntjm),
783 2746 890 2823 posint
910 2743 1087 2809 seinvicem
1107 2744 1386 2817 securouteddete,

196 2872 228 2920 et
247 2857 334 2920 fidem
362 2856 488 2921 invicem
515 2856 640 2935 habere,
667 2872 751 2934 patet
780 2875 819 2919 ex
846 2856 1051 2933 Propostione
1081 2872 1110 2934 7.
1129 2856 1219 2934 hujus
1239 2856 1332 2933 pettit
1353 2870 1385 2916 et

196 2968 402 3047 Propositione
434 2987 482 3047 39.
513 2969 605 3047 partis
637 2987 665 3047 3.
706 2972 822 3045 Nempe
858 2972 941 3046 quod
972 2968 1070 3031 nullut
1100 2969 1223 3031 uffetiun
1254 2968 1385 3029 coerceri

198 3080 312 3159 potest,
332 3079 384 3142 nifi
406 3079 511 3143 affeetu
532 3079 655 3143 fortiore
677 3096 708 3141 et
728 3078 878 3142 contrario
906 3079 1025 3143 affeiiui
1044 3083 1226 3156 coercendo,
1247 3095 1280 3143 et
1300 3084 1387 3159 quod

197 3192 396 3271 unusquisque
418 3193 454 3253 ab
474 3190 629 3257 inserendo
651 3194 758 3255 damno
779 3192 905 3254 abstinet
924 3191 1031 3255 timore
1050 3191 1169 3270 majoris
1189 3190 1298 3253 ἀιωιιί.
1317 3192 1385 3253 Hac

199 3306 289 3387 igitur
309 3307 373 3385 lege
395 3306 528 3368 Societas
549 3306 653 3367 firmari
674 3305 803 3382 poterit,
822 3304 844 3368 fi
865 3306 955 3367 modo
975 3304 1036 3382 ipsa
1055 3303 1110 3366 sibi
1128 3303 1263 3368 uindicet
1282 3305 1300 3341 *
1316 3305 1387 3383 jus,

199 3420 282 3496 quod
303 3417 500 3496 unusquisque
521 3418 627 3495 hebet,
648 3416 708 3479 sese
730 3416 917 3495 vindicandi,
944 3419 1033 3478 etde
1053 3417 1135 3479 bono
1156 3431 1189 3477 et
1207 3416 1285 3478 malo
1302 3416 1385 3495 jndi-

199 3530 302 3609 candi3
324 3549 448 3609 queque
469 3533 544 3592 adeo
566 3531 740 3608 potestatem
760 3531 869 3592 habeut
891 3546 1074 3592 communem
1095 3527 1217 3593 vivendi
1237 3528 1386 3590 tationem

200 3641 422 3720 prescribendi,
452 3640 586 3722 legesque
617 3642 749 3719 serendi,
780 3643 887 3721 easque
917 3658 978 3703 non
1006 3640 1153 3719 Ratione,
1173 3657 1240 3719 que
1261 3640 1386 3703 aucuns

199 3760 334 3817 coercere
366 3754 470 3831 nequit
502 3754 573 3837 (per
604 3754 697 3816 Stltus.
729 3756 818 3835 Prop.
853 3769 898 3831 17.
926 3752 1045 3834 hujus),
1065 3751 1115 3815 sed
1134 3751 1221 3814 minio
1240 3752 1385 3817 &mandi

199 3870 273 3931 Haec
295 3883 393 3929 autem
422 3865 572 3943 Societas,
598 3866 712 3946 legibus
740 3882 772 3928 et
798 3866 942 3943 potestate
963 3864 1022 3927 sese
1042 3863 1235 3929 conservanti
1255 3865 1386 3942 sirmate,

204 3979 321 4041 Civitas
341 3976 519 4054 appellatus,
541 3991 572 4038 et
592 3976 644 4053 qui
664 3974 754 4053 ipsius
770 3975 836 4052 jure
857 3976 1071 4050 defenduntur,
1094 3974 1197 4050 Cium
1217 3973 1386 4051 exquibus

204 4088 289 4153 secile
309 4088 515 4169 intelligimus,
534 4086 607 4150 nihii
627 4088 657 4149 in
678 4088 755 4149 stetu
776 4086 901 4149 natuau
921 4086 998 4163 duni,
1018 4088 1102 4163 quod
1122 4082 1385 4148 exomniutucon·

233 4342 246 4372 ·
280 4340 328 4395 Ed·
345 4340 404 4391 iit-t
424 4337 555 4403 vendicet,
581 4350 610 4395 ut
626 4348 653 4392 et
669 4337 746 4401 tuus,
766 4334 816 4389 eui
831 4335 924 4388 nodo:
947 4334 1065 4389 vinditat
1080 4346 1108 4389 et
1123 4346 1203 4389 nont
1224 4334 1386 4389 mutuo.
