2934 4900
200 357 257 419 186
613 358 793 421 Ethices
820 359 889 420 Pars
910 358 963 420 111.

196 531 334 609 majorem
353 534 403 595 vel
423 532 563 594 minorem
583 534 627 594 sui
647 534 806 610 Corporis,
826 534 874 595 vel
894 532 1019 609 alicujus
1040 532 1104 609 ejus
1121 534 1386 616 partis,existendi

198 644 275 720 vim,
303 662 389 721 quam
417 658 522 719 antea,
549 644 688 719 affirmat,
716 660 747 706 et
775 664 833 721 qua
860 647 929 706 data
955 642 1016 721 ipsa
1038 644 1124 705 Mens
1146 645 1259 707 adhoc
1280 645 1388 721 potius

198 772 284 832 quam
305 757 342 816 td
362 754 435 817 illud
455 756 646 835 cogitandum
668 756 887 818 determinatur.

637 902 946 949 rxrmrcsrro

238 981 315 1041 Dico
343 981 453 1058 primo,
481 981 627 1043 Affetium
655 982 707 1043 seu
734 982 889 1057 paffiooem
918 982 1004 1043 animi
1033 980 1090 1043 esse
1117 981 1263 1059 confusam
1282 983 1392 1042 ideam.

196 1096 273 1155 Nam
294 1094 426 1153 Mentem
447 1108 570 1155 eatenus
593 1109 707 1155 tantum
729 1094 793 1170 pati
815 1094 992 1157 ostendimus
1015 1095 1096 1173 (vide
1113 1096 1202 1174 Prop.
1221 1111 1248 1170 3.
1268 1092 1392 1171 liujus),

198 1219 344 1283 quatenus
372 1205 453 1266 ideas
481 1204 683 1282 irradaequatas
702 1205 764 1268 five
784 1206 924 1268 confusas
942 1204 1041 1267 habet.
1082 1206 1158 1267 Dico
1181 1204 1303 1279 deinde,
1324 1223 1391 1281 qua

197 1318 286 1377 Mens
316 1317 451 1392 majorem
479 1318 530 1377 vel
557 1322 693 1377 minorem
706 1320 760 1395 sui
782 1320 936 1397 Corporis,
958 1319 1007 1377 vel
1032 1316 1156 1392 alicujus
1183 1316 1244 1392 ejus
1266 1318 1390 1395 partis,

197 1427 336 1506 existendi
361 1432 438 1504 vim,
467 1448 553 1506 quam
579 1443 683 1505 antea,
708 1430 848 1505 affirmat.
890 1432 998 1490 Omnes
1020 1429 1096 1490 enim
1117 1443 1272 1504 corporum
1293 1425 1389 1499 idem,

198 1560 273 1619 quas
297 1542 455 1617 habemus,
482 1542 573 1621 magis
601 1542 691 1603 nostri
718 1541 861 1618 Corporis
888 1542 1028 1604 odualem
1049 1538 1289 1602 constitutionem
1310 1538 1389 1618 (per

199 1656 303 1715 Coroll.
324 1672 352 1715 2.
373 1657 462 1734 Prop.
486 1657 531 1717 16.
549 1669 581 1735 p.
603 1656 664 1734 2.)‚
685 1674 773 1733 quam
795 1654 928 1731 corporis
949 1654 1063 1716 externi
1083 1668 1213 1715 naturam
1233 1652 1386 1727 indicant3

199 1783 229 1828 at
255 1766 336 1842 hec,
364 1784 429 1844 quae
451 1766 573 1829 effeetus
595 1768 717 1828 formam
738 1766 908 1843 constituit,
929 1766 1088 1842 Corporis,
1109 1766 1156 1827 vel
1177 1762 1299 1842 aiicujus
1319 1762 1386 1840 ejus

198 1878 306 1954 partis,
336 1878 577 1940 constitutionem
608 1879 736 1941 indicare
768 1880 817 1942 vel
847 1878 1008 1955 exprimere
1039 1878 1145 1953 debet,
1176 1895 1261 1955 quam
1289 1874 1385 1951 ipsum

199 1990 317 2066 Corpus
345 1991 393 2053 vel
420 1991 517 2067 aliqua
544 1990 609 2068 ejus
638 2010 704 2067 pars
729 1992 837 2067 habet,
858 2009 895 2052 ex
915 2009 971 2066 eo,
992 1992 1073 2068 quod
1094 1990 1182 2067 ipfius
1204 1988 1307 2068 agendi
1328 2006 1385 2063 po-

198 2104 293 2164 tentia
313 2104 373 2165 sive
394 2103 538 2165 existendi
558 2104 606 2167 vis
627 2119 751 2183 augetur
773 2105 821 2167 vel
842 2104 997 2179 minuitur,
1014 2102 1137 2180 juvatur
1157 2102 1206 2163 vel
1225 2105 1387 2161 coercetur.

159 2233 163 2238 ·
198 2216 256 2277 Sed
276 2218 459 2292 notandum,
479 2234 545 2277 cum
566 2216 652 2292 dico,
673 2216 809 2292 majorem
829 2218 879 2276 rel
895 2219 1031 2276 minorem
1051 2215 1188 2294 existendi
1206 2216 1282 2286 vim,
1299 2228 1386 2287 quam

198 2340 300 2402 antea,
320 2345 365 2388 me
387 2346 448 2388 non
469 2327 650 2408 intelligere,
677 2332 760 2406 quod
781 2330 868 2389 Mens
890 2327 1060 2404 praesentem
1081 2324 1222 2402 Corporis
1243 2322 1386 2385 constitu·
1454 2324 1455 2329 ’

196 2436 309 2498 tionem
330 2457 394 2499 cum
415 2438 563 2515 preterita
582 2453 751 2515 comparat,
772 2437 823 2500 sed
845 2441 926 2517 qood
947 2436 1026 2512 idea,
1043 2453 1108 2514 quae
1127 2434 1247 2497 affedus
1265 2434 1385 2494 formam

199 2546 370 2624 constituit,
396 2546 507 2623 aliquid
527 2549 564 2608 de
584 2547 719 2622 Corpore
741 2547 881 2621 affirmat,
901 2548 983 2624 quod
1005 2546 1072 2624 plus
1092 2544 1223 2606 minusve
1244 2543 1386 2606 realitatis

198 2675 299 2720 revera
326 2657 474 2734 involvit,
501 2677 588 2734 quam
617 2673 712 2720 antea.
754 2659 794 2720 Et
816 2657 886 2736 quia
908 2658 1027 2720 edentia
1049 2658 1162 2720 Mentis
1182 2658 1212 2719 in
1233 2657 1291 2718 hoc
1313 2673 1386 2718 con·

199 2768 269 2829 {istit
290 2769 363 2848 (per
383 2770 473 2849 Prop.
488 2786 533 2831 11.
545 2783 573 2829 er
586 2785 633 2846 13.
640 2783 672 2850 p.
684 2771 746 2851 2.)‚
768 2773 851 2847 quird
872 2769 915 2830 sui
937 2770 1080 2847 Corporis
1102 2771 1240 2832 aoualem
1261 2767 1386 2829 existen-

197 2881 270 2942 tiam
288 2881 426 2956 aflitmat,
443 2897 474 2942 et
492 2900 548 2942 nos
567 2899 618 2957 per
636 2881 845 2957 perfeftionem
865 2882 954 2959 ipsam
972 2883 1172 2944 reieiientiam
1183 2879 1387 2960 intelligimus;

199 2991 331 3068 sequitur
365 3009 455 3071 ergo,
491 2995 573 3070 quod
610 2993 698 3054 Mens
731 2996 768 3056 ad
799 2993 938 3071 majorem
971 2994 1148 3056 minoremve
1178 2991 1387 3070 perfectionem

198 3104 316 3178 transrt,
347 3108 466 3182 quando
496 3105 524 3165 ei
555 3104 666 3182 aliquid
697 3109 733 3168 de
767 3107 820 3169 suo
841 3108 992 3186 Corpore,
1014 3108 1061 3170 vel
1083 3107 1179 3185 aliqua
1199 3105 1262 3182 ejus
1283 3119 1387 3180 parte,

200 3217 338 3278 affirmare
368 3219 533 3298 contingit,
567 3221 649 3295 qood
679 3220 746 3294 plus
778 3220 911 3284 minusve
947 3218 1087 3282 realitrtis
1118 3217 1266 3295 involvit,
1298 3234 1384 3293 quam

199 3346 295 3390 antea.
316 3330 392 3392 Cum
412 3329 502 3410 igitur
521 3331 606 3408 supra
627 3331 772 3408 dixerim,
793 3332 906 3394 Mentis
927 3331 1078 3410 cogitandi
1099 3330 1263 3407 potentiam
1286 3327 1385 3406 augeri

199 3443 248 3502 vei
269 3441 377 3518 minoi,
402 3442 473 3502 nihil
494 3443 573 3504 aliud
593 3443 755 3522 intelligere
777 3442 878 3517 volui,
906 3461 993 3518 quam
1014 3444 1097 3520 quod
1119 3441 1206 3502 Mens
1226 3440 1319 3501 ideam
1341 3437 1385 3500 sui

200 3555 359 3631 Corporis,
389 3557 438 3619 vei
468 3555 591 3632 alicujus
620 3555 686 3632 ejus
718 3555 827 3632 partis,
860 3554 1048 3630 formaverit,
1079 3573 1144 3632 quae
1166 3555 1231 3630 pius
1252 3551 1385 3616 minusve

199 3665 341 3727 realitatis
361 3667 511 3742 exprimit,
533 3683 619 3742 quam
641 3669 678 3727 de
701 3667 754 3728 suo
775 3667 908 3743 Corpore
931 3665 1132 3728 affirmaverat.
1160 3667 1236 3726 Nam
1257 3665 1386 3728 ideamm

199 3777 381 3854 prestantia,
401 3794 431 3838 et
453 3778 573 3840 adualis
596 3779 748 3857 cogitandi
768 3779 922 3856 potentia,
942 3799 978 3840 ex
993 3777 1110 3856 'obj'eiii
1131 3777 1295 3854 prestantia
1314 3777 1389 3838 esti-

201 3905 304 3950 matur.
345 3888 456 3951 Addidi
477 3889 622 3967 denique,
643 3904 671 3950 er
692 3911 750 3969 qua
769 3894 842 3952 dara
862 3894 930 3972 ipsa
951 3893 1037 3952 Mens
1057 3893 1100 3952 ad
1118 3889 1168 3952 hoc
1183 3894 1281 3970 potius
1303 3909 1391 3982 quom

200 4004 244 4061 ad
260 4003 344 4061 aliud
370 4003 550 4077 cogitandum
580 4005 800 4078 determinatur,
833 4020 865 4064 ut
898 4020 1003 4080 praeter
1034 4003 1162 4064 Laetitiae
1191 4017 1221 4062 et
1248 4001 1389 4064 Tristitiae

177 4129 351 4206 ¹naturam,
380 4133 466 4190 quom
499 4115 590 4190 prima
622 4115 804 4176 definitionis
835 4134 901 4192 pars
930 4115 1076 4192 explicat,
1097 4114 1279 4191 Cupiditaris
1300 4114 1389 4174 etiam
1454 4165 1455 4180 ,

202 4240 333 4290 naturam
354 4226 553 4305 exprimerem.

629 4339 721 4407 Finis
752 4341 862 4408 Tertia
884 4342 1005 4408 Partis.
