2934 4900
171 278 231 339 618
482 279 810 345 Annotationer
838 283 879 346 in
904 284 1048 346 Tract.

173 450 282 515 sumere
309 454 346 515 ab
374 453 461 517 obitu
485 453 600 536 Josuae;
627 470 717 535 atque
744 460 819 520 adeo
848 458 1098 535 &praecedentes
1119 475 1231 537 annor,
1252 459 1362 537 quibua

173 570 302 645 populus
332 569 362 631 in
393 568 506 631 ditione
537 568 636 633 Kusan
668 570 854 651 Rishgataim
885 572 963 650 fuit,
993 572 1076 635 limul
1095 573 1362 650 comprehendere;

173 692 205 739 et
236 678 282 740 18.
312 679 467 756 sequentes
493 678 581 741 etiam
612 680 649 741 ad
680 681 796 743 censum
826 680 875 741 80.
905 698 1065 759 annorum,
1093 681 1202 759 quibua
1220 682 1311 745 Elrud
1331 698 1362 743 et

172 792 289 870 danger
314 791 540 869 iudicaverunt,
571 795 778 871 adducendor3
808 808 840 855 et
869 793 909 854 lic
939 794 1071 871 reliquos
1091 794 1244 857 servitutis
1265 814 1362 858 annor

173 904 226 967 sub
257 922 326 982 eor,
363 922 440 983 quoa
477 905 626 981 Scriptura
663 904 694 966 in
732 904 867 966 libertate
906 904 1067 967 transador
1104 904 1190 967 mille
1220 905 1364 981 testatur,

173 1017 284 1094 semper
319 1018 526 1095 comprehendi
565 1019 697 1079 credunt.
738 1020 798 1079 Sed
828 1018 897 1095 quia
927 1018 1078 1094 Scriptura
1107 1016 1255 1095 exprell‘e,
1286 1034 1365 1096 quot

174 1146 265 1191 annos
297 1129 414 1191 Hebraei
445 1130 474 1191 in
505 1129 665 1207 servitute,
695 1144 831 1207 quotque
852 1129 882 1191 in
903 1130 1039 1192 libertate
1060 1130 1190 1207 fuerint,
1210 1146 1364 1207 numerat,

175 1258 205 1303 et
231 1260 295 1319 cap.
323 1259 351 1305 2.
388 1242 431 1306 vs.
466 1243 511 1304 18.
549 1240 678 1319 exprelle
716 1258 834 1319 narrat,
872 1244 1063 1304 Hebraeorum
1100 1260 1146 1304 ree
1187 1244 1364 1307 viventibus

170 1354 321 1432 judicibus
351 1354 462 1433 semper
492 1355 637 1431 lloruille,
666 1371 788 1432 apparet
809 1354 951 1432 omnino,
974 1354 1122 1417 Rabirium
1137 1354 1246 1440 istum,
1266 1356 1364 1419 virum

174 1464 244 1524 alias
264 1464 496 1540 erudirilllmum,
516 1480 546 1525 et
568 1464 715 1541 reliquos,
736 1464 788 1541 qui
810 1464 874 1541 eJus
894 1464 1015 1544 vestigia
1037 1464 1214 1541 sequuntur,
1236 1468 1307 1527 dum
1327 1466 1364 1526 ll·

174 1576 255 1637 miler
276 1581 372 1638 nodos
393 1575 504 1640 solvere
526 1576 661 1652 student,
683 1576 862 1653 Scripturam
883 1576 973 1655 magis
995 1576 1138 1656 corrigere
1160 1596 1247 1654 quam
1268 1579 1364 1655 expli·

174 1708 248 1751 care.
289 1691 379 1773 Quod
400 1690 421 1751 ii
443 1690 530 1751 etiam
552 1688 665 1751 faciunt
672 1733 682 1766 ,
710 1690 762 1766 qui
789 1689 941 1765 statuunt,
961 1688 1140 1765 Scripturam
1160 1690 1191 1750 in
1210 1689 1260 1750 illa
1282 1708 1364 1753 eom·

174 1802 254 1863 muni
276 1820 415 1864 annorum
436 1800 648 1879 supputatione
669 1819 730 1862 non
751 1800 803 1862 nin
824 1800 938 1877 politiae
952 1800 1080 1878 judaica
1090 1816 1223 1877 tempora
1233 1801 1364 1863 indicare

174 1912 317 1990 voluilie;
342 1912 538 1975 anarchiarum
567 1928 663 1975 autem
692 1929 722 1973 et
743 1912 934 1990 servitutum,
955 1928 1063 1989 utpote
1084 1913 1208 1975 infausta
1229 1928 1260 1975 et
1281 1913 1364 1993 regni

174 2026 268 2089 veluti
298 2026 470 2102 interstitia,
502 2029 538 2088 ad
568 2045 750 2088 communem
789 2044 931 2088 annorum
967 2025 1084 2087 censum
1122 2028 1266 2088 adducere
1299 2045 1362 2087 non

174 2135 311 2211 potuisse.
332 2139 407 2197 Nam
429 2137 578 2213 Scriptura
600 2138 716 2215 quidem
739 2138 881 2201 anarchiae
902 2155 1036 2215 tempora
1055 2137 1172 2199 fllentio
1194 2138 1363 2214 praeterire,

175 2264 205 2309 at
217 2247 366 2310 servitutis
388 2268 448 2310 non
470 2250 565 2311 minus
588 2270 673 2327 quam
693 2250 838 2313 libertatis
860 2270 952 2315 annos
973 2254 1086 2313 tradere
1093 2296 1104 2329 ,
1123 2270 1179 2313 nec
1190 2252 1364 2329 annalibus,

69 2432 72 2437 ‚
174 2374 208 2422 ut
235 2359 395 2436 somniant,
422 2379 590 2442 expungere
618 2362 701 2425 solet.
742 2364 834 2446 Quod
862 2378 960 2425 autem
980 2366 1097 2443 ngzra
1112 2364 1168 2456 lib.
1194 2381 1220 2425 1.
1241 2366 1359 2444 Regum

174 2490 276 2534 omnes
297 2472 430 2535 absolute
451 2492 545 2536 annos
556 2477 592 2536 ab
605 2475 688 2537 exitu
708 2477 834 2556 AEgypti
853 2477 1000 2538 communi
1016 2477 1068 2539 illo
1086 2495 1227 2539 annorum
1239 2497 1363 2540 numero

173 2585 419 2662 comprehendere
446 2588 593 2664 voluerit,
623 2590 697 2649 adeo
725 2588 876 2650 manifesta
896 2608 942 2651 res
962 2591 1019 2667 est,
1041 2605 1075 2652 ut
1096 2607 1183 2652 nemo
1203 2591 1364 2668 Scripturae

173 2697 286 2776 peritur
317 2717 445 2776 unquam
465 2701 502 2760 de
524 2717 558 2760 ea
580 2699 748 2779 ambegerit.
789 2701 882 2777 Nam,
904 2717 939 2763 ut
955 2700 1016 2778 jam
1037 2701 1127 2778 ipfius
1147 2716 1249 2764 textus
1272 2705 1364 2766 verba

174 2809 324 2887 omittam,
344 2809 406 2887 ipsa
426 2809 551 2874 Davidis
572 2812 759 2891 genealogia,
781 2830 847 2888 quae
867 2812 898 2873 in
919 2814 977 2874 fine
994 2812 1060 2873 libri
1077 2813 1164 2875 Ruth
1180 2826 1212 2874 et
1233 2828 1258 2873 1.
1270 2813 1364 2874 Paral.

174 2942 239 3000 cap.
259 2943 288 2986 2.
314 2924 457 3000 traditur,
479 2923 532 2987 vix
553 2941 694 2986 annorum
722 2924 859 2986 summam
885 2927 961 2987 adeo
982 2943 1113 3005 magnam
1133 2924 1255 3001 patitur.
1283 2927 1363 2986 Nam

173 3034 313 3114 Naghson
341 3053 419 3096 anno
448 3053 477 3096 ι.
498 3037 534 3096 ab
564 3034 647 3096 exitu
674 3035 801 3114 AEgypti
822 3035 960 3112 princeps
980 3037 1075 3097 tribue
1094 3037 1179 3116 Judae
1201 3050 1265 3096 erat
1284 3034 1362 3117 (vid

173 3149 262 3208 Num.
284 3161 311 3222 7.
333 3146 376 3208 vs.
401 3163 445 3207 11.
467 3162 498 3207 et
523 3146 601 3225 rm),
633 3148 768 3222 adeoque
798 3145 830 3206 in
860 3145 976 3207 deserto
1009 3146 1102 3223 obiit,
1133 3161 1165 3207 et
1193 3145 1273 3207 lilius
1297 3147 1363 3224 ejus

174 3261 266 3322 Salma
294 3277 359 3320 cum
386 3259 476 3340 Jolua
504 3260 660 3339 Jordanem
688 3257 808 3318 transsit.
850 3259 893 3318 At
913 3257 939 3318 is
960 3259 1077 3319 salmon
1104 3255 1264 3320 secundum
1283 3259 1363 3319 illam

174 3371 297 3434 Davidia
329 3370 528 3450 genealogiam
555 3368 682 3432 Davidis
702 3368 897 3439 atavorum,
938 3369 968 3429 Si
988 3371 1025 3428 ab
1045 3367 1101 3428 lrac
1123 3369 1192 3447 480.
1218 3387 1363 3432 annorum

174 3481 280 3543 summa
302 3503 330 3561 4.
353 3481 434 3562 regni
456 3479 639 3556 Salomonis,
667 3495 697 3542 et
720 3495 769 3556 70.
790 3480 862 3543 vitae
883 3479 1026 3555 Davidis,
1046 3494 1077 3540 et
1097 3498 1165 3557 40„
1184 3479 1236 3556 qui
1257 3479 1289 3542 in
1309 3485 1362 3542 de-

174 3593 257 3654 sertis
287 3592 421 3655 transadii
452 3594 535 3670 sunt,
566 3595 752 3670 auferantur3
782 3591 961 3669 reperietur,
990 3591 1135 3655 Davidem
1155 3609 1257 3654 natum
1278 3593 1363 3654 fuine

173 3724 251 3766 anno
283 3709 351 3783 366.
374 3727 389 3768 a
411 3706 533 3768 tranlitu
562 3706 715 3788 Jordanis,
747 3721 837 3784 atque
865 3709 939 3767 adeo
969 3704 1082 3766 necelie
1110 3703 1182 3781 elle,
1211 3721 1245 3766 ut
1272 3705 1364 3782 ipfius

173 3831 271 3892 pater,
293 3835 383 3894 avus,
403 3821 531 3895 abavus,
552 3833 641 3895 atque
661 3834 766 3881 atavus
782 3817 891 3878 liberos
910 3815 1063 3896 genuerint
1078 3835 1144 3877 cum
1161 3817 1364 3895 unusquisque

174 3943 273 3988 eorum
295 3947 345 4005 90.
366 3947 507 3992 annorum
528 3930 599 3993 ellet
620 3932 644 3992 *.

208 4122 219 4144 “
253 4115 332 4168 Addit
350 4115 453 4167 Gallus:
481 4127 507 4167 ct
523 4127 574 4184 par
590 4117 742 4184 comslquenr
759 4117 776 4166 d
794 4117 872 4184 peine
884 4115 916 4181 fe
934 4118 1109 4170 tremerem-rt
1126 4119 1217 4184 depuis
1235 4119 1265 4170 ia
1280 4121 1367 4186 [orric

171 4197 299 4262 a'Egypte
319 4198 424 4263 jusqu’d
450 4199 504 4249 Pan
528 4215 555 4262 4.
581 4199 615 4254 aa
640 4199 730 4270 ildgne
756 4201 789 4250 de
814 4199 932 4250 Salomon
957 4201 1018 4263 480.
1042 4216 1109 4265 aar,
1121 4201 1144 4270 β
1160 4201 1321 4268 l'lsrrr’rure
1336 4221 1367 4258 ue

171 4278 263 4336 ratolt
279 4279 321 4334 dit
338 4280 528 4346 exprcffdrrrrne.
