2934 4900
325 315 817 398 Theologico·l’olitici
851 319 926 397 Cap.
952 321 1033 382 xrtr.
1212 332 1271 398 533

88 489 170 554 mine
191 491 324 568 putribus
344 490 512 572 cognitum,
531 490 679 569 sequitur,
699 509 752 554 eos
772 493 883 554 nullum
891 492 950 554 Dei
960 492 1134 555 attributum
1144 493 1274 571 novisse,

87 605 171 682 quod
195 602 259 681 ejus
282 602 443 664 absolutum
468 601 613 684 essentium
638 601 785 680 explicat,
810 603 861 666 sed
884 618 1001 666 tentum
1027 603 1093 682 ejus
1118 605 1220 668 effeslt
1241 621 1274 668 et

87 714 237 793 promissa,
265 715 324 778 hoc
354 715 395 778 est
421 714 485 792 ejut
513 714 694 792 potentiam,
715 731 860 793 quatenoc
879 733 933 794 per
951 734 998 778 tes
1018 715 1147 779 visibiles
1182 716 1273 778 meni-

88 827 217 889 festutur.
258 827 353 904 Atqui
383 826 441 888 hoc
471 827 554 888 nem
584 825 661 888 Moli
692 845 754 888 non
786 826 858 889 dicit
890 830 927 890 td
955 828 1072 891 eosdem
1092 827 1274 891 infidelitatit

89 937 300 1014 accusandum,
319 936 370 1000 sed
391 953 495 1000 contra
516 940 553 1000 ad
573 955 674 1000 eomm
695 938 897 1000 credulitatem
915 955 947 1001 et
956 940 1042 1002 fidem
1060 941 1275 1017 extollendum

90 1069 165 1127 que,
193 1049 327 1127 quamvis
354 1069 415 1112 non
444 1069 526 1127 aeque
556 1051 724 1130 singularem
744 1051 803 1112 Dei
824 1050 1026 1131 cognitionem
1046 1070 1080 1112 ae
1100 1050 1202 1114 Moses
1222 1052 1274 1112 ht·

88 1162 223 1240 buerint,
243 1163 301 1224 Dei
322 1178 420 1224 temen
440 1161 581 1240 promisse·
595 1165 653 1225 lixa
673 1179 795 1240 rataque
814 1161 1017 1239 crediderunt3
1037 1180 1098 1225 non
1110 1178 1144 1225 ut
1154 1161 1275 1238 Mosen,

90 1275 142 1354 qui
153 1319 163 1352 ,
183 1291 318 1352 quemvis
337 1272 519 1336 sublimiores
550 1275 587 1336 de
617 1274 684 1335 Deo
716 1273 915 1353 cogitationen
934 1273 1087 1351 habuerit,
1108 1275 1146 1336 de
1166 1272 1276 1336 divinit

89 1403 188 1450 tamen
218 1385 357 1463 promissit
388 1384 555 1463 dubitavit,
584 1385 712 1464 Deoque
742 1385 871 1463 objecit,
902 1388 1002 1464 quod,
1032 1387 1101 1447 loco
1133 1382 1276 1462 promisse

90 1499 208 1577 salutis,
238 1500 407 1581 Judaeorum
435 1515 481 1559 res
508 1497 539 1560 in
566 1497 652 1576 pejus
673 1497 840 1561 mutaverit.
881 1497 956 1560 Cum
976 1497 1077 1575 itaque
1098 1497 1198 1558 Patres
1217 1496 1275 1558 Dei

91 1613 231 1696 stngultre
256 1627 364 1674 nomen
392 1609 609 1690 ignoraverint,
636 1609 754 1688 hocque
780 1609 863 1672 Deut
890 1609 968 1672 Most
995 1607 1075 1672 dicet
1095 1610 1218 1685 fastum,
1239 1610 1277 1670 ed

93 1743 194 1788 eorum
215 1723 303 1786 enimi
323 1722 535 1799 simplicitatem
560 1737 591 1784 et
611 1721 696 1785 fldem
724 1724 913 1799 laudandam,
932 1723 1073 1801 simulque
1093 1726 1131 1786 ml
1150 1740 1276 1785 comme·
1380 1744 1382 1749 ·

93 1838 260 1899 morandum
296 1833 464 1915 singularem
502 1833 623 1914 gratiam
654 1833 731 1896 Mofi
762 1833 940 1911 concessam
969 1834 1039 1896 hinc
1070 1833 1277 1897 evidentiffime

92 1947 242 2026 sequitur,
268 1947 299 2008 id
326 1947 406 2023 quod
435 1946 529 2022 prImo
557 1948 626 2008 loco
656 1945 822 2024 statuimus,
843 1945 977 2008 hominen
997 1964 1036 2008 ex
1055 1947 1192 2008 mundato
1213 1963 1275 2006 non

92 2059 186 2122 teneri
213 2057 272 2120 Dei
300 2057 442 2120 attributa
469 2057 664 2136 cognoscere,
685 2058 735 2120 sed
755 2057 814 2120 hoc
834 2057 981 2135 peculiare
1002 2055 1057 2118 esse
1078 2060 1189 2119 donum
1210 2055 1276 2134 qui-

92 2172 213 2234 busdem
244 2185 358 2234 tantum
387 2169 522 2234 fidelibus
553 2169 734 2247 concellum
765 2188 819 2232 nec
850 2187 947 2247 operae
974 2169 1100 2246 pretium
1130 2169 1188 2245 est,
1218 2168 1277 2230 hoc

94 2282 227 2360 pluribus
246 2282 404 2360 Scripturae
424 2280 597 2344 testimoniis
617 2281 785 2359 ostendere,
813 2280 880 2359 quit
901 2281 977 2344 enim
998 2299 1059 2344 non
1080 2280 1180 2358 videt,
1200 2279 1278 2343 uivi-

95 2413 162 2457 nem
182 2391 383 2475 cognitionem
403 2412 464 2457 non
485 2392 568 2455 fuisse
590 2393 727 2457 omnibus
747 2393 884 2459 fidelibus
903 2392 1068 2472 equalem?
1085 2407 1117 2455 et
1134 2390 1278 2457 neminem

93 2508 176 2587 posse
204 2527 242 2570 er
270 2509 407 2569 mandato
435 2506 592 2583 sapientem
621 2505 692 2583 else,
720 2524 783 2568 non
803 2506 894 2586 magii
914 2524 1001 2583 quem
1023 2503 1126 2570 vivete
1146 2517 1178 2565 et
1197 2502 1277 2563 elles

93 2619 160 2681 Viri
166 2664 177 2697 ,
201 2618 335 2681 mulieres
341 2662 351 2695 ,
381 2617 480 2695 pueri,
508 2634 539 2678 et
566 2634 685 2695 omnes,
713 2636 752 2679 ex
779 2621 916 2681 mandato
937 2620 1140 2693 obtemperare
1160 2615 1278 2694 quidem

93 2750 176 2810 aeque
198 2729 334 2809 possunt,
356 2746 416 2791 non
437 2744 534 2793 tutem
555 2730 662 2807 sapere.
693 2730 826 2814 Quodsi
847 2729 914 2809 quie
934 2730 1032 2806 dicat,
1052 2747 1113 2791 non
1134 2727 1191 2789 esse
1212 2727 1278 2805 qui·

94 2838 160 2907 deni
181 2862 258 2921 opus
278 2842 335 2905 Dei
366 2840 507 2904 attributa
538 2840 717 2921 intelligere,
747 2857 779 2903 at
808 2840 930 2903 omnino
960 2839 1141 2917 simpliciter,
1170 2837 1294 2917 absque·

94 2954 361 3029 demonstratione,
382 2956 515 3029 credere;
546 2952 659 3015 insane
690 2951 858 3032 nugabitur.
888 2954 963 3013 Nam
984 2968 1031 3013 ree
1052 2949 1227 3025 Invisbilee,
1247 2965 1279 3011 et

93 3086 160 3147 quae
190 3066 281 3129 solius
311 3065 417 3127 mentis
447 3063 515 3127 sunt
546 3063 678 3142 objeita,
710 3062 798 3126 nullis
829 3063 893 3125 aliie
914 3062 1009 3126 oculis
1029 3062 1124 3126 videri
1144 3062 1281 3140 possunt,

94 3196 181 3257 quem
209 3196 261 3255 pet
288 3176 566 3255 demonstrationes;
592 3176 644 3255 qui
665 3174 766 3253 itaque
791 3194 841 3238 eet
861 3194 923 3237 non
943 3174 1068 3252 habent,
1087 3173 1160 3235 nihil
1179 3174 1278 3237 harum

93 3309 187 3353 rerum
208 3292 306 3368 plene.
322 3291 425 3355 vident
430 3312 440 3369 ;
460 3306 550 3368 atque
579 3291 653 3352 adeo
675 3287 817 3366 quicquid
835 3291 872 3351 de
893 3286 1031 3349 slmilibur
1052 3286 1184 3349 auditum
1204 3286 1279 3349 rese·

93 3419 180 3481 runt,
210 3420 272 3465 non
302 3403 392 3487 magis
423 3420 524 3465 eorum
554 3415 679 3463 mentem
710 3400 806 3480 tangit
835 3399 895 3464 sive
925 3399 1051 3475 indicet,
1082 3417 1169 3476 quum
1190 3402 1280 3461 verba

94 3514 211 3595 psittaci
237 3517 286 3580 vel
314 3515 475 3591 automati,
504 3532 569 3592 quae
597 3512 656 3575 stne
677 3527 775 3575 mente
795 3528 827 3573 et
847 3509 932 3573 sensu
951 3512 1124 3598 loquuntur.
1152 3511 1280 3586 Verum,

93 3644 252 3706 antequam
283 3627 404 3690 ulterius
435 3644 567 3706 pergam,
596 3624 738 3687 rationem
770 3624 867 3687 dicere
898 3639 1018 3700 teneor,
1046 3640 1097 3685 cur
1123 3621 1153 3683 ln
1174 3619 1280 3683 Genesi

1 3778 3 3797 ‚
93 3738 172 3815 saepe
192 3736 316 3814 dicitur,
345 3740 428 3815 quod
454 3736 627 3799 Pauiurchae
655 3735 773 3798 nomine
792 3735 908 3816 Jehova
937 3731 1178 3811 praedicaverint,
1198 3734 1280 3810 quod

93 3850 180 3927 plene
208 3848 268 3925 jam
301 3847 386 3911 distis
417 3866 576 3928 repugnate
606 3847 735 3912 videtur.
775 3847 834 3909 Sed
860 3845 882 3906 fi
910 3847 948 3908 ad
974 3844 1039 3922 illa,
1068 3862 1134 3922 quae
1154 3844 1230 3921 cip.
1251 3844 1279 3905 8.

94 3962 290 4039 ostendimus,
311 3965 512 4040 attendemus,
532 3962 618 4024 facile
639 3963 702 4024 haee
723 3960 881 4024 conciliare
901 3959 1082 4050 poterimus3
1099 3958 1280 4041 inpredislo

94 4075 173 4139 enim
194 4075 268 4152 Cap.
283 4074 477 4151 ostendimus,
494 4074 663 4152 scriptorem
681 4071 876 4135 Pentateuchi
896 4089 942 4133 tet
963 4087 994 4133 et
1013 4072 1078 4132 loca
1099 4088 1160 4131 non
1179 4069 1280 4133 iisdem

94 4184 215 4267 praecise
244 4186 411 4249 nominibus
440 4186 584 4264 indicare,
609 4204 676 4265 quae
697 4188 802 4249 eodem
823 4200 972 4262 tempore,
993 4187 1030 4246 de
1051 4200 1112 4260 quo
1132 4181 1281 4261 loquitur,

95 4300 289 4379 obtinebant,
321 4300 372 4363 led
401 4300 453 4379 iis,
485 4300 594 4377 quibus
625 4314 758 4377 tempore
786 4296 937 4377 scriptoris
957 4295 1060 4363 melini
1081 4295 1281 4362 innotuerant.
