2934 4900
377 278 435 345 De
474 276 703 345 Servitute
743 278 935 343 Humana.
1188 298 1247 360 207

64 460 146 534 quod
172 461 212 521 ad
239 458 460 539 intelligendum
487 476 588 522 revera
616 460 775 537 conducit;
797 474 827 521 et
849 475 952 521 contra
972 460 1002 522 id
1024 462 1145 538 malum,
1166 465 1248 539 quod

64 570 203 646 inpedire
223 572 340 650 potest,
360 592 422 650 quo
442 573 537 635 minus
557 572 762 652 intelligamus.
805 572 838 651 Q.
859 574 897 634 Ε.
917 575 957 634 D.

408 730 736 795 PROPOSITIO
773 734 911 795 XXVIII.

104 843 246 903 Sanum
273 845 387 905 Mentis
413 846 513 906 bonum
532 848 571 925 est
590 846 650 909 Dei
668 850 808 924 cognitio,
835 861 863 907 ct
883 848 997 907 Summo
1018 849 1131 910 Mentis
1150 852 1250 910 victus

65 954 154 1013 ocum
172 956 347 1035 cognoscere.

459 1058 853 1103 nunonsnnnuru

101 1133 265 1211 Summum,
293 1138 376 1214 quod
403 1137 491 1198 Mens
518 1138 679 1217 intelligere
708 1138 821 1215 potest,
849 1139 932 1199 Deus
960 1139 1017 1216 est,
1036 1137 1094 1199 hoc
1115 1138 1157 1200 est
1177 1139 1250 1219 (per

66 1245 155 1323 Dessn.
174 1249 205 1308 6.
223 1263 256 1328 p.
280 1249 321 1327 r.)
361 1249 423 1310 Ens
444 1248 577 1311 absolute
598 1250 762 1327 infinitum,
784 1266 816 1311 et
835 1249 894 1311 stne
916 1268 977 1327 quo
999 1249 1073 1330 (per
1089 1253 1178 1331 Prop.
1203 1264 1249 1326 15.

63 1370 91 1434 p.
111 1358 150 1436 r.)
171 1360 247 1421 nihil
268 1360 325 1422 eise
346 1379 441 1439 neque
462 1364 581 1438 concipi
602 1363 717 1440 potest;
741 1365 876 1441 adeoque
899 1363 973 1442 (per
993 1364 1082 1443 Prop.
1102 1366 1151 1425 26.
1162 1378 1191 1425 et
1200 1380 1249 1441 27.

66 1466 162 1549 hujus)
183 1472 325 1535 summum
346 1475 459 1535 Mentis
481 1476 571 1552 utile,
591 1474 650 1538 five
680 1475 753 1555 (per
772 1477 868 1556 Defin.
893 1491 917 1536 1.
939 1474 1040 1557 hujus)
1061 1479 1188 1553 bonum,
1210 1477 1251 1537 est

67 1582 119 1643 Dei
148 1587 296 1665 cognitio.
336 1587 450 1649 Deinde
482 1589 586 1665 Mens,
617 1604 764 1665 quatenus
798 1588 952 1667 intelligit,
983 1605 1104 1651 eatenus
1136 1604 1250 1650 tontum

68 1698 122 1775 ogit
149 1700 226 1781 (per
251 1703 341 1782 Prop.
373 1720 399 1765 r.
418 1716 447 1763 et
467 1721 495 1779 3.
511 1716 544 1782 p.
566 1704 627 1782 3.),
655 1718 686 1765 et
714 1718 839 1765 eatenus
859 1718 975 1764 tanturn
997 1702 1071 1781 (per
1090 1703 1179 1781 Prop.
1201 1719 1249 1779 23.

68 1807 161 1892 hujus)
182 1814 283 1889 potest
302 1815 436 1876 absolute
456 1815 529 1893 dici,
550 1818 633 1892 quod
653 1834 691 1876 ex
711 1816 824 1879 virtute
846 1815 916 1893 agit.
958 1814 1008 1875 Est
1029 1813 1118 1893 igitur
1138 1813 1250 1875 Mentis

68 1924 195 1987 absoluta
211 1929 309 1991 virtus
329 1928 501 2008 intelligere.
522 1930 565 1989 At
582 1929 737 2005 summunt,
755 1930 836 2005 quod
854 1928 942 1989 Mens
961 1927 1121 2007 intelligere
1139 1926 1250 2003 potest,

70 2036 143 2099 Deus
170 2040 213 2100 est
242 2040 289 2117 (ut
301 2041 368 2116 jam
380 2040 447 2116 jam
466 2040 752 2120 demonstravimus);
779 2040 859 2119 Ergo
887 2039 1000 2101 Mentis
1028 2039 1134 2100 summa
1157 2040 1251 2103 virtus

70 2148 105 2207 eti
123 2150 220 2213 Deum
240 2152 402 2231 intelligere
424 2153 475 2214 seu
494 2153 682 2233 cognoscere.
725 2154 760 2230 Q.
781 2154 818 2213 E.
839 2152 879 2215 D.

420 2313 749 2375 PROPOSITIO
790 2313 898 2373 XXIX.

103 2422 159 2485 Res
179 2444 353 2505 quocunque
367 2425 546 2504 fingulort‘s,
566 2428 646 2504 cujus
666 2427 916 2506 noturaanostro
931 2427 1106 2506 prorsutest
1115 2428 1250 2505 diuerso,

72 2537 184 2612 nostram
211 2541 319 2616 agendi
339 2543 499 2620 potentiam
525 2561 575 2600 nec
594 2542 707 2616 juvare
735 2561 785 2601 nec
809 2544 934 2601 coe'rcere
948 2540 1054 2620 potest,
1075 2553 1103 2600 et
1123 2539 1251 2618 absolute

72 2666 111 2707 tes
127 2654 210 2713 mollo
225 2655 315 2732 potest
334 2655 414 2714 nobis
434 2653 507 2714 bona
526 2668 579 2714 aut
599 2654 677 2715 malo
697 2654 749 2732 effe
758 2698 768 2730 ‚
789 2652 844 2731 m'fi
863 2670 1002 2712 commune
1023 2651 1139 2730 aliquid
1156 2651 1248 2710 nobis-

73 2780 125 2820 uon
143 2761 261 2826 lrabeat.

464 2863 859 2910 uznonsnnnulo

106 2939 314 3021 Cuiuscunque
334 2942 377 3006 rei
396 2943 563 3024 fingularis,
583 2961 615 3006 et
635 2943 850 3019 consequenter
871 2941 945 3020 (per
967 2941 1069 3001 Coroll.
1090 2941 1179 3019 Prop.
1203 2955 1249 3000 ro.

70 3061 95 3125 p.
113 3054 154 3134 2.)
172 3055 320 3133 hominis,
339 3057 491 3134 potentia,
521 3075 579 3134 qua
600 3056 699 3118 existit
719 3071 750 3116 et
771 3070 926 3132 operatur,
953 3071 1013 3115 non
1042 3051 1251 3114 determinatur

74 3161 117 3221 nist
136 3168 171 3227 ab
193 3167 300 3228 aliare
321 3166 455 3247 fingulari
477 3169 549 3248 (per
564 3169 655 3248 Prop.
666 3167 715 3227 28.
722 3179 754 3246 p.
770 3166 828 3245 1.)‚
849 3165 934 3241 cujus
954 3179 1057 3225 notura
1079 3162 1249 3242 (perProp.

73 3274 97 3330 6.
103 3286 131 3350 p.
141 3277 184 3356 α.)
207 3295 259 3353 per
278 3278 355 3339 idem
376 3279 550 3340 attributum
571 3281 660 3340 debet
681 3278 819 3357 intelligi,
837 3295 890 3354 per
906 3278 989 3354 quod
1005 3291 1107 3337 natura
1124 3274 1249 3338 humana

75 3388 240 3465 concipitur.
280 3391 386 3452 Nostro
410 3391 502 3470 igitur
522 3392 626 3470 agendi
648 3391 801 3466 potentia,
829 3391 1101 3466 quomodocunque
1122 3407 1156 3450 ea
1177 3407 1248 3449 con-

75 3495 206 3579 cipiatur,
236 3503 438 3580 determinati,
468 3519 499 3565 er
528 3504 745 3581 consequenter
771 3502 871 3579 juvari
903 3503 951 3566 vel
981 3500 1126 3578 coerceri,
1152 3501 1250 3578 potest

76 3615 200 3680 potentie
219 3615 338 3677 alteriue
348 3616 390 3676 rei
399 3615 565 3695 ungulatis,
586 3635 652 3693 quae
672 3615 784 3694 aliquid
805 3633 958 3677 commune
975 3612 1127 3676 nobiscum
1145 3613 1251 3690 habet,

77 3737 102 3780 et
124 3744 183 3788 non
211 3728 347 3804 potentii
372 3728 414 3790 rei
420 3773 431 3806 ,
459 3728 544 3805 cujus
572 3745 675 3790 natura
696 3749 712 3790 a
733 3727 830 3790 nostra
858 3727 974 3805 prorsus
1003 3726 1043 3789 est
1069 3726 1198 3803 diversa;
1219 3742 1249 3787 et

78 3835 135 3907 quia
160 3840 193 3902 id
218 3841 330 3901 bonum
356 3855 408 3902 aut
435 3842 540 3902 malum
567 3860 728 3918 vocamus,
756 3843 837 3918 quod
866 3840 950 3902 causa
979 3839 1020 3900 est
1046 3839 1172 3902 Laetitiae
1199 3851 1250 3902 aut

79 3944 203 4013 Tristitiae
234 3952 308 4033 (per
327 3953 417 4032 Prop.
439 3953 468 4014 8.
489 3952 606 4032 hujus),
626 3953 685 4014 hoc
707 3954 748 4014 est
769 3954 843 4034 (per
863 3952 954 4014 Scooc.
975 3955 1064 4032 Prop.
1089 3968 1134 4014 11.
1151 3967 1184 4033 p.
1205 3953 1249 4031 3.)

79 4066 148 4133 quod
167 4064 292 4125 nostrum
313 4064 418 4144 agendi
438 4065 604 4141 potentiam
625 4081 713 4145 auget
733 4067 782 4130 vel
803 4065 925 4141 minuit,
942 4065 1029 4143 juvat
1047 4067 1095 4128 vel
1116 4071 1250 4142 coercet;

79 4185 136 4250 ergo
163 4193 227 4254 reu,
257 4175 342 4253 cujus
373 4191 478 4239 natura
498 4196 514 4237 a
535 4178 630 4239 nostra
661 4178 780 4254 prorsus
811 4178 852 4240 est
879 4176 1009 4254 diversa,
1038 4177 1125 4239 nobis
1153 4195 1249 4256 neque

79 4281 145 4348 bona
164 4307 260 4368 neque
281 4290 354 4350 mala
374 4287 430 4351 effe
450 4290 557 4366 potest.
600 4291 634 4368 Q.
654 4291 693 4352 E.
712 4292 754 4354 D.
