2934 4900
212 288 272 363 416
687 284 923 345 Tractatus

212 472 242 517 et
269 475 345 533 quos
371 457 494 535 gentiles
522 458 654 519 solebant
683 478 791 521 vocare
820 478 942 539 augures
970 476 1000 521 et
1029 460 1163 535 diuinos,
1195 478 1285 521 veros
1318 462 1414 521 fuisse

212 568 393 645 Prophetas,
425 584 455 629 et
487 588 557 645 eos,
589 590 666 647 quos
701 572 850 647 Scriptura
883 572 956 647 saepe
989 571 1104 633 accusat
1136 588 1165 631 et
1198 574 1412 645 condemnat,

211 681 460 744 Pseudo-divinos
498 682 596 759 fuisse',
634 684 685 760 qui
720 700 824 762 gentes
855 683 928 745 stcut
959 684 1241 760 Pseudo-propheta
1273 685 1412 763 Judaeos

212 795 413 871 decipiebant,
441 797 523 872 quod
548 795 635 855 etiam
660 816 697 855 ex
718 796 782 857 aliis
802 796 958 871 Scripturae
980 798 1054 857 locis
1075 795 1144 857 satis
1164 798 1239 856 clare
1260 798 1409 871 constat;

211 924 300 983 quare
321 906 536 981 concludimus,
558 910 667 969 donum
689 907 897 983 Propheticum
914 908 1024 987 Judaeis
1044 908 1189 983 peculiare
1211 926 1270 969 non
1296 908 1410 983 fuisse,

212 1019 261 1079 sed
292 1018 428 1080 omnibus
458 1019 629 1081 nationibus
660 1038 824 1081 commune.
866 1018 999 1080 Pharisaei
1031 1034 1128 1080 tamen
1160 1034 1261 1080 contra
1292 1019 1410 1079 acriter

211 1135 412 1207 contendunt,
449 1133 506 1193 hoc
544 1136 654 1194 donum
691 1132 824 1196 divinum
861 1133 918 1194 suae
957 1148 1071 1193 tanturn
1103 1132 1217 1193 nationi
1249 1130 1407 1207 peculiare

210 1242 306 1317 fuisse,
327 1243 451 1321 reliquas
472 1259 569 1305 autem
590 1246 726 1306 nationes
747 1264 784 1305 ex
806 1245 916 1308 virtute
938 1245 1036 1305 nescio
1058 1263 1115 1321 qua
1135 1243 1280 1305 diabolica
1305 1242 1402 1321 (quid

211 1358 327 1416 tandem
356 1374 416 1417 non
442 1357 533 1435 finget
561 1357 740 1436 superstitio)
770 1376 814 1417 res
841 1358 954 1418 futuras
983 1354 1154 1433 praedixisse.
1195 1356 1405 1430 Precipuurn,

212 1470 293 1542 quod
325 1486 362 1527 err
393 1468 502 1527 Vetere
541 1468 730 1529 Testamento
770 1469 921 1541 adferunt,
954 1470 990 1529 ad
1021 1468 1096 1528 hanc
1128 1468 1299 1544 opinionem
1333 1468 1405 1543 ejus

212 1579 391 1640 authoritate
422 1581 666 1655 confirmandum,
698 1580 739 1640 est
770 1580 840 1641 illud
870 1581 968 1641 Exod.
1001 1600 1064 1656 cap.
1097 1597 1145 1657 33.
1177 1580 1219 1643 vs.
1255 1581 1315 1655 16„
1345 1580 1401 1641 ubi

211 1692 312 1752 Moses
333 1695 399 1754 Deo
422 1693 480 1768 ait,
510 1711 562 1766 *aas
609 1711 718 1792 pum
764 1710 799 1783 an
844 1710 951 1767 *nsum
996 1711 1029 1767 *a
1076 1710 1263 1783 nemum
1310 1712 1400 1765 nez·

211 1806 263 1863 ua
291 1780 331 1867 Su
361 1811 437 1865 nun
463 1812 534 1870 uun
563 1783 627 1867 ‘aaa
658 1812 741 1891 pam
771 1813 823 1869 *ss
847 1784 963 1867 ranan
987 1812 1060 1871 arou
1085 1798 1195 1881 anam
1216 1783 1284 1865 nia
1310 1812 1398 1891 pem

214 1924 334 1980 maura
375 1928 499 1985 quanam
526 1915 600 1969 enim
629 1931 660 1970 rc
680 1914 877 1988 cognoscetur,
897 1930 938 1971 me
959 1925 987 1970 et
1003 1912 1138 1990 populum
1160 1924 1238 1969 ruunt
1257 1912 1399 1988 inueniffe

210 2028 343 2099 gratiam
370 2028 401 2083 in
421 2028 508 2085 oculis
528 2028 613 2083 tuis?
639 2039 714 2085 certe
737 2028 849 2101 quando
869 2044 930 2085 cum
950 2026 1028 2084 nabis
1049 2026 1123 2097 ibis,-
1142 2039 1170 2084 cc
1184 2024 1398 2103 separabimur

212 2155 261 2212 ego
280 2149 308 2196 cc
325 2139 445 2216 populus
466 2152 532 2197 tuus
551 2138 590 2195 ab
610 2142 685 2197 omni
700 2140 818 2217 populo,
839 2142 890 2215 qui
910 2139 947 2216 est
966 2142 998 2197 in
1012 2137 1167 2217 superficie
1184 2150 1291 2209 terrae,·
1309 2136 1398 2211 hinc,

212 2250 346 2329 inquam,
365 2252 470 2311 inferre
491 2254 615 2329 volunt,
635 2252 741 2313 Mosen
762 2254 855 2313 aDeo
867 2250 997 2328 petiisse,
1009 2266 1042 2313 ut
1053 2250 1163 2331 Judaeis
1176 2250 1245 2311 ellet
1259 2251 1385 2326 presens

212 2362 304 2439 iisque
332 2364 506 2440 prophetice
535 2364 594 2424 sese
622 2366 779 2439 revelaret,
808 2364 914 2425 deinde
944 2380 978 2424 ut
1005 2363 1079 2423 hanc
1107 2362 1226 2441 gratiam
1254 2362 1325 2421 nulli
1345 2362 1395 2421 alii

213 2475 326 2536 nationi
354 2479 540 2538 concederet.
582 2477 750 2538 Ridiculum
779 2476 863 2552 sane,
892 2479 972 2552 quod
1001 2476 1101 2536 Moses
1129 2475 1309 2551 praesentiam
1337 2476 1396 2535 Dei

212 2589 350 2666 gentibus
381 2588 544 2665 invideret,
572 2606 622 2651 aut
650 2592 731 2666 quod
759 2591 815 2650 tale
843 2589 914 2666 quid
940 2608 956 2648 a
985 2591 1050 2648 Deo
1080 2587 1165 2649 ausus
1194 2587 1264 2647 esset
1284 2602 1393 2662 petere.

212 2701 270 2762 Sed
290 2719 335 2761 res
356 2702 413 2775 esl,
442 2703 594 2779 postquam
623 2701 722 2762 Moses
745 2701 832 2764 novit
852 2701 999 2780 ingenium
1021 2717 1050 2760 et
1072 2700 1196 2761 animum
1218 2699 1274 2761 suae
1296 2699 1394 2760 natio-

212 2812 258 2872 nis
290 2830 509 2888 contumacem,
541 2818 615 2874 clare
647 2813 740 2888 vidit,
773 2831 825 2874 eos
857 2833 916 2874 non
948 2812 1006 2874 stne
1038 2813 1168 2874 maximis
1199 2812 1341 2873 miraculis
1361 2829 1391 2872 et

212 2923 345 3002 singulari
373 2925 428 2985 Dei
457 2925 567 2986 auxilio
596 2941 719 2986 externo
747 2944 791 2986 res
820 2927 952 3002 inceptas
980 2927 1117 3002 perficere
1145 2923 1241 3001 posse,
1261 2927 1319 2984 imo
1340 2943 1391 2983 cos

212 3035 367 3097 necessario
395 3036 453 3097 stne
481 3037 531 3097 tali
560 3037 671 3098 auxilio
701 3037 865 3114 perituros;
887 3040 1040 3114 adeoque,
1063 3053 1095 3098 ut
1118 3037 1279 3110 constaret,
1299 3036 1389 3096 Deum

212 3165 264 3207 eos
292 3147 482 3210 conservatos
509 3149 601 3223 velle,
628 3148 686 3208 hoc
712 3148 771 3209 Dei
799 3148 939 3226 srngulare
968 3149 1107 3210 auxilium
1131 3165 1283 3209 externum
1305 3147 1387 3222 petit.

213 3257 261 3317 Sic
283 3258 358 3317 enim
379 3278 442 3333 cap.
465 3276 512 3338 34.
534 3259 606 3322 vers.
628 3278 656 3335 9.
679 3260 734 3334 ait,
750 3260 777 3336 st
796 3264 895 3320 inueni
911 3265 1045 3336 gratiam
1065 3265 1096 3319 r'n
1114 3260 1388 3334 oculisrnis,Domi-

211 3388 262 3443 nc,
288 3381 349 3442 eac,
373 3383 492 3447 precor,
520 3373 660 3431 Dominus
686 3375 764 3430 r‘nrcr
790 3392 858 3446 nos,
886 3377 1018 3449 quoniam
1039 3370 1086 3431 ltic
1101 3373 1224 3451 populus
1243 3383 1389 3430 contumax

210 3482 249 3559 est
277 3496 327 3541 erc.
369 3483 460 3543 Ratio
488 3483 605 3561 itaque,
634 3504 685 3546 cur
710 3485 767 3546 Dei
794 3485 935 3564 singulare
963 3484 1102 3546 auxilium
1130 3501 1282 3546 externum
1302 3482 1388 3560 petit,

213 3593 253 3652 est
284 3593 353 3670 quia
384 3596 513 3670 populus
544 3613 605 3657 erat
636 3613 812 3673 contumax;
845 3615 873 3658 et
902 3601 983 3674 quod
1011 3598 1106 3658 adhuc
1128 3596 1231 3658 clarius
1253 3595 1386 3668 ostendit,

210 3705 317 3767 Mosen
345 3706 417 3766 nihil
445 3724 550 3784 praeter
576 3709 634 3770 hoc
663 3711 803 3788 singulare
831 3711 887 3771 Dei
909 3711 1048 3772 auxilium
1070 3725 1222 3770 externum
1243 3707 1385 3785 petivisse,

212 3817 253 3877 est
274 3816 333 3892 ipsa
353 3818 410 3879 Dei
431 3819 594 3896 responsio,
614 3822 764 3898 respondit
787 3822 862 3882 enirn
884 3823 976 3883 statim
1006 3823 1093 3900 (vers.
1118 3837 1163 3883 to.
1185 3821 1275 3899 ejusd.
1296 3821 1383 3898 cap),

164 3959 171 3974 ·
212 3949 271 3990 cccc
292 3949 340 4006 ego
357 3945 453 4010 pango
474 3933 587 4009 fadus,
614 3953 709 3993 coram
729 3949 786 3994 roco
808 3936 910 4014 populo
931 3949 977 3994 tuo
998 3955 1040 3994 mc
1053 3935 1204 4012 fadurum
1226 3933 1380 4004 mirabilia,

214 4065 276 4122 quae
303 4066 357 4105 non
377 4045 503 4121 fucrant
523 4045 610 4122 sada
633 4051 665 4105 in
685 4061 747 4106 tota
768 4061 871 4121 terra,
899 4069 948 4108 nec
975 4052 1006 4106 in
1026 4048 1152 4106 omnibus
1169 4047 1316 4121 gentibus,
1334 4059 1380 4104 etc.

214 4158 310 4239 Quare
341 4157 441 4217 Moses
469 4158 516 4217 hic
544 4161 579 4218 de
609 4158 669 4219 sola
697 4161 887 4220 Ilebraeortnn
916 4159 1075 4234 elediono,
1104 4173 1136 4216 ut
1165 4175 1226 4216 cant
1248 4155 1379 4232 explicui,

214 4269 289 4345 agit,
318 4287 371 4328 nec
399 4268 477 4329 aliud
505 4289 520 4328 a
548 4270 614 4329 Deo
643 4270 740 4346 petiit.
768 4273 907 4330 Attamen
935 4271 965 4330 in
993 4269 1122 4345 Epistola
1143 4267 1224 4328 Pauli
1246 4270 1281 4328 ad
1302 4269 1375 4327 Rom.
