2934 4900
314 331 809 416 Theologico-Politici
851 333 925 411 Cap.
946 331 1012 395 XX.
1192 335 1254 412 609

61 528 103 570 eo
127 527 143 570 a
163 509 241 571 statu
259 509 383 571 maxime
403 509 527 572 naturali
546 508 638 589 magis
664 508 831 588 receditur,
852 523 884 570 et
905 509 1119 586 consequenter
1139 509 1255 573 violen-

62 620 130 682 tius
159 636 305 700 regnatur.
335 623 382 685 Ut
413 637 510 684 autem
530 639 620 699 pono
641 621 773 698 constet,
794 639 832 682 ex
852 621 907 682 hac
928 621 1065 682 libertate
1084 623 1162 683 nulla
1184 621 1254 683 oriri

61 733 271 810 incommoda,
291 753 355 811 quae
377 753 437 795 non
457 735 564 811 pollint
584 733 645 796 sola
665 733 781 795 summae
792 733 945 810 potestatis
957 733 1139 796 authoritate
1151 733 1254 811 vitari;

63 860 97 906 et
119 847 174 906 hac
194 846 255 908 sola
281 845 432 924 homines,
459 846 510 907 etii
538 847 632 923 palam
654 846 799 908 contraria
819 845 995 924 sentientes,
1016 846 1101 908 facile
1121 847 1255 924 retineri,

61 977 104 1019 ne
126 959 253 1022 invicem
271 960 395 1036 laedant;
416 961 547 1036 exempla
569 958 673 1036 praesto
694 958 778 1036 sunt,
798 978 852 1020 nec
874 977 951 1034 opus
972 958 1041 1020 mihi
1062 957 1103 1019 est
1121 960 1255 1039 ealonge

62 1086 179 1145 petere.
198 1073 279 1133 Urbs
298 1071 544 1133 Amstelodamum
572 1073 707 1147 exemplo
729 1070 781 1148 lit,
802 1089 867 1147 quae
888 1086 974 1132 tanto
996 1089 1062 1132 cum
1082 1070 1136 1133 suo
1158 1071 1252 1133 incre-

62 1197 187 1259 mento,
218 1197 249 1242 et
279 1183 408 1244 omnium
439 1182 593 1244 nationum
623 1182 833 1260 admiratione,
863 1182 952 1260 hujus
981 1182 1125 1244 libertatis
1147 1184 1257 1246 husius

63 1292 235 1369 expetitum
262 1294 292 1353 in
320 1294 374 1355 hac
403 1293 480 1354 enim
501 1293 695 1355 florentiffima
715 1292 866 1370 republica
887 1307 918 1354 et
939 1295 1011 1354 urbe
1032 1293 1257 1370 prestantiliima

63 1423 188 1481 omnes,
208 1404 408 1482 cujuscunque
429 1405 560 1466 nationis
580 1420 611 1466 et
632 1405 733 1481 secta,
762 1404 896 1466 homines
918 1404 1025 1466 summa
1046 1424 1111 1468 cum
1132 1425 1256 1468 concor·

64 1519 118 1579 dia
148 1517 275 1596 vivunt,
307 1533 338 1579 et
368 1533 402 1581 ut
424 1518 511 1580 alicui
532 1521 612 1580 bona
632 1517 682 1578 sua
703 1519 839 1594 credant,
859 1517 890 1579 id
910 1531 1025 1579 tantum
1046 1517 1117 1579 scite
1137 1534 1257 1597 curam,

64 1648 138 1692 num
158 1630 243 1694 dives
263 1649 300 1692 an
320 1649 431 1708 pauper
450 1630 502 1708 stt,
523 1645 554 1692 et
575 1649 644 1692 num
663 1631 743 1690 bona
763 1631 821 1690 lide
843 1647 880 1690 an
900 1631 972 1691 dolo
994 1629 1099 1692 solitus
1116 1629 1151 1691 lit
1162 1649 1245 1711 agere

64 1743 216 1804 Caetentm
244 1743 362 1822 Religio
389 1744 439 1808 vel
459 1743 535 1805 lesia
563 1741 635 1803 nihil
655 1761 707 1802 eos
727 1757 848 1820 movet,
869 1741 938 1818 quia
957 1742 1020 1804 haec
1041 1760 1138 1804 coram
1155 1743 1256 1820 judice

64 1859 106 1917 ad
123 1855 334 1933 justificandam
353 1857 404 1919 vel
423 1857 612 1918 damnandam
634 1854 748 1916 causam
769 1853 841 1915 nihil
859 1854 963 1932 juvat3
984 1869 1014 1916 et
1034 1856 1113 1916 nulla
1133 1855 1254 1916 omnino

64 1986 129 2030 tam
150 1968 253 2030 odiosa
273 1968 348 2031 secia
368 1968 427 2046 est,
448 1969 533 2046 cujus
553 1965 664 2028 sestarii
685 1966 791 2045 (modo
812 1965 955 2027 neminen
975 1968 1100 2045 laedant,
1121 1982 1152 2029 et
1173 1967 1255 2029 suum

65 2079 232 2158 unicuique
252 2081 401 2159 tribuant,
420 2080 601 2156 honesteque
620 2078 741 2158 vivant)
762 2077 879 2156 publica
896 2078 1112 2157 magistratuum
1124 2079 1255 2142 authori·

64 2205 131 2253 tate
153 2208 184 2252 et
204 2191 336 2268 praefiaio
356 2211 418 2254 non
438 2207 640 2272 protegantur.
661 2190 790 2267 Contra,
811 2208 877 2252 cum
898 2190 967 2252 olim
988 2191 1255 2254 Remonstrantiurn

64 2318 99 2364 et
130 2303 493 2368 Contraremonstrantium
524 2304 723 2369 controversia
755 2307 791 2366 de
823 2304 980 2384 Religione
1012 2324 1028 2367 a
1060 2305 1193 2368 Politicis
1224 2320 1256 2368 et

65 2415 230 2478 Ordinibus
256 2417 474 2482 Provinciarum
501 2417 604 2497 agitari
630 2416 756 2494 incepit,
777 2419 894 2480 tandem
915 2417 946 2479 in
967 2418 1085 2482 schisma
1107 2419 1200 2497 abiit;
1223 2433 1255 2483 et

65 2529 169 2591 multis
195 2545 257 2592 tum
283 2532 424 2608 exemplis
450 2530 598 2608 constitit,
624 2532 720 2609 leges,
742 2549 808 2608 quae
830 2533 866 2592 de
887 2530 1043 2611 Religione
1064 2533 1256 2607 conduntur,

65 2643 106 2701 ad
138 2640 312 2703 dirimendas
342 2642 453 2703 scilicet
483 2642 715 2719 controversias,
746 2642 879 2704 homines
910 2643 1001 2722 magis
1028 2642 1139 2705 irritare
1167 2660 1254 2720 quatu

65 2754 230 2833 corrigere,
251 2756 324 2817 ahos
345 2756 451 2818 deinde
471 2755 614 2816 infinitam
635 2773 672 2816 ex
692 2755 793 2816 iisdem
813 2754 960 2816 licentiam
978 2754 1255 2829 sumere;ptaeterea

66 2864 220 2928 schismata
241 2886 302 2929 non
322 2867 392 2929 oriri
413 2886 451 2928 ex
471 2886 577 2946 magno
598 2866 734 2930 veritatis
755 2865 851 2928 studio
872 2866 971 2945 (sonte
983 2865 1254 2928 scilicetcomitatis

66 2992 100 3039 et
128 2977 389 3058 mansuetudinis),
416 2978 466 3041 sed
495 2998 532 3040 ex
553 2998 655 3058 magna
674 2978 796 3040 libidine
816 2979 964 3058 regnandi.
993 2978 1041 3039 Ex
1062 2978 1169 3055 quibus
1188 2980 1255 3039 luce

66 3088 227 3151 meridiana
257 3090 361 3153 clarius
392 3093 523 3167 constat,
550 3110 602 3153 eos
622 3091 726 3168 potius
747 3090 945 3152 schismaticos
967 3089 1039 3166 else,
1060 3090 1112 3167 qui
1132 3090 1254 3153 aliorum

66 3199 176 3275 scripta
197 3204 351 3277 damnant,
372 3218 403 3263 et
423 3204 543 3281 vulgmr
554 3205 735 3279 petulantem
746 3202 776 3263 in
787 3202 943 3279 scriptores
954 3201 1090 3264 seditiose
1104 3202 1254 3283 instigant,

66 3329 157 3388 quam
176 3311 332 3389 scriptores
353 3312 422 3392 ipli,
443 3314 494 3392 qui
515 3316 686 3391 plerumque
707 3315 802 3377 doliis
823 3329 936 3377 tantum
957 3314 1104 3391 scribunt,
1123 3330 1154 3377 et
1165 3314 1254 3376 solam

66 3423 229 3486 Rationem
250 3424 280 3487 in
300 3424 443 3488 auxilium
463 3443 594 3503 vocant;
614 3425 721 3488 deinde
743 3444 796 3489 eos
816 3444 918 3490 revera
939 3428 1159 3503 perturbatores
1180 3423 1255 3503 else,

66 3534 121 3614 qui
142 3536 172 3597 in
193 3536 283 3599 libera
304 3536 469 3615 Republica
488 3538 654 3600 libertatem
671 3537 796 3616 judicii,
818 3556 884 3617 quae
905 3557 965 3601 non
986 3539 1085 3614 potest
1112 3536 1255 3615 opprimi,

65 3648 173 3709 tollere
192 3664 291 3712 tamen
312 3651 428 3713 volunt.

109 3760 166 3821 His
196 3760 390 3839 ostendimur,
420 3762 444 3822 1.
475 3761 646 3840 impossibile
677 3761 734 3824 else
764 3762 927 3825 libertatem
947 3760 1116 3825 hominibus
1137 3760 1254 3825 dicendi

67 3890 120 3950 ea,
140 3892 208 3951 quae
228 3873 371 3951 sentiunt,
392 3872 529 3937 adimere.
549 3876 682 3937 ILHanc
702 3875 884 3953 libertatem,
904 3875 986 3939 salvo
1009 3875 1076 3953 jure
1096 3888 1126 3935 et
1146 3872 1254 3935 autho·

66 3984 156 4047 ritate
183 3985 353 4049 summarum
381 3986 576 4065 potestatum,
604 3987 766 4065 unicuique
793 3986 932 4064 concedi,
959 4000 991 4048 et
1010 3987 1130 4048 eandem
1150 4002 1254 4047 unum·

68 4114 216 4174 quemque
247 4098 359 4161 servate
390 4096 487 4177 posse,
514 4098 596 4161 salvo
626 4101 729 4161 eodem
748 4101 830 4179 jure,
850 4098 871 4160 fi
892 4100 998 4161 nullam
1019 4098 1087 4160 inde
1107 4096 1254 4159 licentiam

67 4205 162 4269 sumat
183 4211 220 4271 ad
247 4210 357 4289 aliquid
384 4210 416 4271 in
445 4212 668 4288 Rempublicam
689 4226 827 4289 tanquam
846 4212 896 4290 jus
923 4210 1185 4287 introducendum,
1206 4210 1255 4271 vel

68 4319 181 4397 aliquid
213 4337 316 4384 contra
337 4338 471 4401 receptat
491 4325 570 4403 leges
591 4327 744 4404 agendum.
771 4326 823 4387 111.
845 4327 929 4387 Hanc
950 4326 1070 4388 eandem
1089 4325 1254 4387 libertatem

1122 4432 1154 4493 ³9
