2934 4900
525 325 581 388 De
618 327 770 390 Mente.
1201 330 1239 404 85

51 502 193 564 dixerint.
233 503 293 564 Sed
324 501 382 564 hoc
413 501 510 564 mitto.
550 503 627 564 Nam
657 521 753 566 meum
781 503 928 567 intentum
955 504 1003 568 hic
1030 519 1144 568 tantum
1164 503 1239 582 fuit,

52 614 167 676 causam
195 615 334 690 reddere,
363 631 415 676 ctu
441 632 501 676 non
530 613 670 691 dixerim,
690 613 721 676 id
742 618 780 677 ed
800 614 950 678 edentium
969 614 1093 696 alicujus
1112 615 1154 678 rei
1174 635 1239 694 per-

51 727 163 802 tinere,
193 725 254 789 fine
282 744 344 804 quo
371 744 418 788 rea
444 744 498 788 nec
526 725 582 788 eise
603 745 659 790 nec
680 727 798 804 concipi
818 729 933 808 potest;
952 727 1085 790 nimirum
1105 726 1175 807 quia
1194 747 1239 790 rea

50 837 210 917 iinguhrea
231 855 292 900 non
315 835 434 914 poii'unt
456 836 514 900 tine
533 839 602 900 Deo
623 837 678 900 effe
699 856 755 900 nec
775 838 914 918 concipi,
933 846 965 901 et
984 854 1081 902 umen
1101 839 1183 902 Deua
1203 843 1241 901 ad

49 968 148 1010 earum
170 949 320 1012 essentiam
343 968 403 1012 non
425 950 569 1028 pertiuet3
590 949 640 1012 sed
660 950 691 1012 id
712 949 870 1014 necessario
890 949 1037 1014 essentiam
1057 949 1180 1029 alicujus
1198 949 1240 1012 rei

49 1060 232 1124 constituere
261 1058 342 1138 dixi,
371 1079 432 1140 quo
454 1065 525 1124 dato
546 1079 592 1124 rea
615 1061 754 1140 ponitur,
774 1078 805 1124 et
825 1081 887 1142 quo
908 1062 1025 1125 sublato
1045 1080 1090 1124 res
1110 1061 1240 1124 tollitur:

47 1175 98 1236 vel
118 1173 169 1249 id,
187 1172 248 1235 fine
275 1191 337 1251 quo
364 1192 429 1250 rea,
456 1191 490 1236 et
515 1173 580 1240 vice
608 1175 690 1238 versa
714 1174 762 1253 id,
783 1177 866 1254 quod
885 1173 946 1240 stne
965 1193 1015 1252 re,
1033 1192 1088 1237 nec
1107 1173 1165 1238 effe
1186 1192 1239 1237 uec

49 1285 175 1364 concipi
196 1285 304 1362 potest.
785 1295 790 1304 ’

442 1399 775 1461 PROPOSITIO
804 1399 856 1461 XL

92 1511 245 1586 Primae,
271 1511 348 1588 quod
371 1511 482 1572 aduerte
509 1511 622 1572 Mentis
650 1509 781 1573 manaae
807 1512 860 1592 effe
886 1512 1048 1592 constituit,
1066 1509 1145 1574 nihil
1160 1512 1245 1572 aliud

49 1623 105 1700 est,
126 1639 215 1700 wan
233 1623 299 1682 idea
318 1625 364 1682 rei
383 1622 506 1698 edendus
520 1621 683 1702 fingularis
702 1624 769 1684 adu
787 1625 943 1704 excidentis.

457 1784 851 1830 umuonarnnnro

93 1877 223 1940 Eiientia
241 1877 368 1941 hominis
388 1877 459 1960 (per
480 1879 583 1940 Coroll.
601 1877 838 1960 pracedProp.)
858 1898 876 1940 a
896 1877 984 1941 certia
1004 1878 1061 1941 Dei
1081 1875 1240 1940 attributo·

50 2011 117 2052 rum
148 1988 244 2053 modis
274 1987 479 2067 constituitur;
509 2007 615 2067 nempe
647 1989 720 2071 (per
751 1991 878 2052 Axioma
907 2009 936 2053 2.
967 1990 1068 2071 hujus)
1099 2009 1116 2052 a
1145 1988 1241 2051 modia

52 2103 225 2183 cogitandi,
244 2121 370 2182 quorum
391 2101 521 2164 omnium
542 2101 617 2182 (per
637 2102 753 2164 Aaron.
774 2119 802 2180 3.
823 2101 925 2183 nujus)
951 2101 1017 2164 idea
1037 2103 1142 2164 naturd
1159 2101 1241 2178 prior

51 2215 112 2290 est,
142 2231 173 2276 et
202 2217 236 2277 ei
263 2216 333 2277 daed
360 2213 464 2291 reliqui
492 2211 573 2276 modi
600 2211 721 2296 (quibua
742 2212 855 2276 scilicet
874 2213 940 2275 idea
960 2215 1065 2276 natiue
1083 2211 1163 2291 prior
1183 2211 1239 2290 est)

51 2327 82 2387 in
105 2327 212 2390 eodem
232 2329 342 2390 debent
369 2325 426 2386 eise
453 2323 610 2390 individuo
638 2323 806 2404 (peridem
825 2325 953 2386 Axioma
971 2326 1020 2405 *);
1040 2326 1142 2403 Atque
1162 2325 1239 2386 adeo

50 2439 119 2501 idea
140 2437 264 2515 primum
285 2437 347 2514 est,
367 2439 450 2515 quod
470 2437 602 2499 humane
623 2435 738 2499 Mentis
757 2435 813 2499 effe
833 2435 995 2499 constituit.
1025 2437 1070 2499 At
1090 2454 1151 2498 non
1172 2435 1239 2499 idea

51 2550 92 2611 rei
115 2566 178 2611 non
200 2548 360 2612 existentia.
400 2550 476 2611 Nam
498 2564 561 2611 tum
592 2548 665 2628 (per
686 2549 790 2611 Coreli.
810 2551 900 2629 Prep.
922 2549 950 2610 d.
969 2547 1071 2629 hujus)
1091 2548 1154 2627 ipsa
1172 2548 1239 2612 idea

49 2680 110 2723 non
141 2659 235 2739 poffet
264 2660 323 2725 dici
352 2660 491 2737 υἱῆας
511 2660 567 2723 erit
587 2678 656 2741 ergo
677 2660 744 2723 idea
764 2660 806 2721 rei
826 2662 893 2725 anu
913 2658 1074 2723 existentia.
1113 2662 1158 2723 At
1178 2680 1238 2723 non

52 2772 94 2833 rei
125 2770 261 2845 infinita.
301 2774 364 2834 Res
393 2790 518 2851 namque
549 2770 663 2835 iniinita
694 2771 769 2852 (per
795 2773 886 2850 Prop.
906 2786 956 2833 21.
976 2788 1002 2831 ea
1021 2788 1071 2833 aa.
1091 2771 1123 2807 *¹⁸
1138 2785 1172 2852 p.
1196 2774 1238 2853 r.)

48 2886 141 2945 debet
169 2882 283 2961 semper
309 2882 467 2947 necessario
494 2883 635 2960 existere3
662 2882 747 2961 atqui
772 2883 831 2945 hoc
860 2882 934 2961 (per
953 2882 1070 2947 Axion
1092 2899 1119 2945 1.
1138 2882 1239 2965 hujus)

49 2998 91 3059 en
112 2996 289 3075 absurdum
309 3016 380 3077 ergo
400 2998 540 3075 primum,
568 3000 650 3075 quod
671 2996 729 3061 effe
750 2997 882 3061 humana·
903 2996 1017 3061 Mentia
1036 2998 1147 3061 adtuale
1166 3015 1239 3059 con·

49 3110 165 3187 stituit,
187 3108 228 3171 est
249 3108 315 3173 idea
334 3109 376 3171 rei
396 3109 545 3190 fingularie
566 3112 632 3173 adiu
653 3108 814 3171 existentia.
855 3111 891 3189 Q.
911 3110 949 3171 E.
968 3110 1009 3173 D.

461 3270 826 3316 conouuanrurr.

91 3364 172 3427 Hine
200 3362 348 3441 sequitur,
375 3366 507 3426 Mentem
534 3364 688 3431 humanam
716 3378 828 3442 partem
856 3364 911 3427 ess'e
938 3364 1046 3428 infiniti
1075 3366 1239 3431 inteliestua

53 3478 123 3553 Dei;
145 3493 182 3537 ac
202 3474 327 3551 proinde
347 3492 413 3537 cum
433 3474 573 3552 dicimur,
601 3476 733 3538 Mentem
761 3476 915 3539 humanam
934 3477 993 3539 hoc
1013 3478 1062 3541 vel
1081 3478 1152 3540 illud
1172 3497 1238 3555 per·

51 3590 164 3665 cipere,
186 3586 259 3648 nihii
279 3586 358 3648 aliud
378 3584 515 3663 dicimus,
536 3605 622 3666 quam
643 3589 726 3666 quod
746 3588 843 3666 Deua,
863 3607 925 3651 non
945 3605 1091 3668 quatenus
1106 3589 1240 3651 infinitus

52 3700 112 3776 est,
144 3698 197 3759 sed
229 3712 374 3774 quatenus
405 3716 458 3776 per
488 3712 619 3760 naturam
649 3698 784 3762 humanae
815 3698 929 3763 Mentia
966 3699 1149 3778 explicatur,
1179 3700 1239 3764 rive

53 3826 202 3889 quatenus
229 3809 362 3871 humane
389 3810 503 3870 Mentis
531 3808 677 3872 effentiam
698 3811 870 3888 constituit,
889 3812 965 3872 hanc
985 3812 1034 3874 vel
1053 3812 1131 3874 iliam
1150 3812 1238 3873 habet

47 3924 159 3999 ideam3
193 3936 224 3982 et
255 3938 321 3981 cum
351 3920 475 3983 dicimus
506 3922 601 3983 Deum
632 3922 707 3984 hanc
736 3923 785 3986 vel
811 3922 887 3984 illam
915 3922 1010 3985 ideam
1035 3922 1157 3999 habere,
1176 3940 1237 3985 non

47 4052 165 4097 mutum
194 4048 342 4111 quatenus
369 4046 502 4095 naturam
528 4034 661 4097 humana
689 4036 802 4099 Mentis
830 4036 1000 4113 constituit,
1021 4035 1071 4099 sed
1090 4049 1238 4113 quatenus

79 4254 92 4283 ⁸
126 4250 177 4303 nd.
193 4250 252 4303 ene
268 4262 319 4319 per
337 4248 440 4303 Aaron.
454 4262 481 4314 4.
499 4249 582 4317 hujus.

81 4336 109 4367 ‘⁸
144 4332 193 4387 ed.
209 4334 270 4387 lint
286 4346 330 4387 ar·
347 4340 374 4383 et
391 4345 434 4398 23.
