2934 4900
250 349 307 409 372
567 332 705 390 Tsact.
747 329 1111 390 Theol.·Politici

209 497 212 501 Δ
243 509 437 589 procactffma
458 507 581 583 quadam
601 508 715 566 licentia
736 524 842 581 magna
862 524 898 563 eos
915 518 1004 585 parte
1023 509 1175 585 arripere,
1201 518 1229 563 et
1242 506 1341 583 specie
1363 506 1428 562 reli-

244 622 340 693 gionis
366 620 558 678 multitudinis
584 622 725 693 animent,
755 618 910 679 Gentilium
924 617 1125 697 superstitioni
1149 615 1244 676 adbuc
1264 616 1429 691 obnoxium,

246 730 285 789 ab
314 731 415 807 iisdem
443 743 578 790 auertere
602 728 732 807 student,
764 748 816 807 quo
846 732 939 787 omnia
969 733 1074 789 iterum
1093 732 1125 787 in
1139 726 1298 805 servitium
1328 740 1428 786 ruant.

246 843 317 903 Hac
332 856 426 901 autem
443 861 496 921 quo
513 843 611 902 ordine
628 841 818 919 ostendantur,
832 844 934 921 paucis
946 841 1010 917 jam
1028 842 1140 913 dicam,·
1150 841 1298 919 sedpsius
1308 841 1429 915 causas,

247 973 309 1031 qua
329 974 370 1014 nte
390 957 431 1015 ad
442 956 627 1033 scribendum
647 956 839 1033 impulerunt,
861 953 965 1013 docebo.

286 1068 422 1127 Miratus
445 1069 525 1146 sape
547 1068 616 1143 sni,
648 1068 723 1145 quod
752 1064 890 1141 homines,
923 1067 1022 1142 quise
1045 1064 1242 1141 Christianam
1263 1065 1430 1139 religionem

240 1178 378 1257 profiteri
396 1178 528 1254 J'abbam,
556 1177 607 1237 ltoc
625 1178 662 1254 est
682 1196 820 1252 amorem,
845 1178 1000 1253 gaudium,
1017 1189 1132 1255 pacem,
1153 1180 1372 1249 continentiam,
1403 1188 1429 1231 et

245 1309 317 1366 erga
337 1308 427 1349 omnes
444 1290 544 1367 fidem,
561 1292 628 1368 plus
649 1308 733 1367 quam
754 1293 851 1367 iniquo
878 1292 970 1348 animo
992 1302 1156 1363 certarent,
1178 1303 1205 1347 et
1226 1288 1431 1367 acerbsfflmum

245 1406 277 1461 in
296 1405 417 1460 inuicem
437 1403 529 1460 adium
551 1402 674 1477 quotidie
694 1414 870 1475 exercerent,
892 1404 937 1459 ita
957 1414 990 1459 ut
1004 1399 1129 1475 facilius
1150 1419 1186 1458 ex
1207 1399 1253 1458 leis
1274 1400 1431 1477 quantillis

243 1515 314 1593 fides
333 1496 553 1590 uniuscujusque
573 1514 721 1587 noscatur‚·
736 1513 925 1586 jamdudum
946 1516 1019 1570 enim
1041 1531 1086 1571 res
1108 1532 1136 1571 eo
1153 1515 1306 1590 peruenit,
1328 1524 1363 1570 ut
1384 1530 1428 1567 ne·

246 1630 346 1685 minem
365 1623 449 1701 sess,
477 1626 608 1701 quisnam
630 1624 686 1701 fit,
713 1642 778 1681 neem
799 1624 912 1701 scilicet
933 1622 1132 1701 Christianus,
1161 1622 1272 1696 Turta,
1292 1623 1427 1691 Jndaus,

245 1739 294 1797 uel
312 1736 469 1811 Etltnitus‚
496 1740 608 1813 noscere
623 1739 720 1819 poffls,
747 1736 800 1813 ntfi
820 1756 856 1795 ex
876 1740 1003 1817 corporis
1024 1750 1139 1796 externo
1161 1735 1264 1795 babitu
1284 1749 1313 1795 et
1334 1736 1426 1805 culto,

245 1853 294 1911 uel
312 1852 387 1927 quod
405 1848 479 1909 banc
499 1862 551 1907 aut
576 1850 657 1907 illam
684 1847 835 1924 Ecclefiam
849 1848 1038 1925 frequentat,
1059 1850 1108 1906 uel
1126 1849 1245 1924 denique
1265 1849 1344 1924 quod
1362 1845 1426 1906 buis

245 1977 298 2022 aut
317 1964 364 2021 illi
381 1966 506 2040 opinioni
524 1961 654 2021 addibius
671 1961 722 2038 est,
740 1974 767 2019 et
783 1964 813 2018 in
832 1961 923 2019 verba
939 1960 1062 2035 alinejus
1081 1961 1213 2039 magistri
1223 1960 1335 2034 jurare
1346 1960 1425 2036 solet.

248 2075 389 2134 Ceterum
408 2077 474 2133 uita
495 2075 588 2132 eadem
608 2071 734 2131 omnibns
755 2072 801 2148 est.
838 2072 935 2146 Hujus
956 2075 1052 2147 igitur
1072 2073 1142 2130 mali
1161 2071 1276 2148 causam
1299 2088 1424 2148 querens

245 2204 300 2244 non
319 2185 470 2258 dnbitaui‚
491 2187 560 2259 quin
574 2183 645 2259 inde
664 2196 759 2241 ortum
773 2181 888 2259 fuerit,
909 2184 984 2259 quad
1002 2182 1129 2259 Ecclefiae
1151 2182 1312 2261 ministeria
1336 2184 1424 2257 digni·

246 2309 338 2369 tates,
369 2308 396 2354 et
426 2295 486 2368 ejus
516 2294 607 2369 officia
637 2294 771 2371 beneficia
803 2295 957 2371 estimare,
989 2308 1016 2353 et
1043 2294 1171 2373 pastores
1191 2295 1301 2371 summo
1329 2293 1424 2354 bonore

246 2405 368 2480 babere,
395 2406 481 2480 uulgo
512 2406 645 2481 religioni
658 2405 743 2481 fuit‚·
769 2406 855 2483 fimnl
882 2424 916 2466 stc
946 2411 1019 2466 enim
1050 2405 1097 2466 lsic
1127 2407 1233 2486 abusus
1253 2412 1285 2466 in
1309 2404 1424 2482 Ecclefio

245 2522 366 2597 incepit,
388 2518 489 2597 statim
512 2521 621 2601 pefflmo
642 2523 741 2597 cuique
761 2524 861 2595 ingens
881 2521 967 2579 libido
982 2522 1076 2596 sacra
1096 2521 1186 2596 officia
1207 2518 1425 2600 administrandi

245 2631 363 2711 inesfflt,
384 2644 413 2688 et
431 2648 512 2691 amn
532 2631 639 2690 divine
664 2632 811 2706 religionis
828 2632 1026 2710 propaganda
1047 2635 1079 2691 in
1094 2633 1246 2708 sordidam
1265 2635 1424 2692 auaritiam

246 2754 273 2798 st
292 2740 488 2815 asrtbitionem,
514 2755 601 2818 atque
619 2745 665 2802 ita
688 2744 783 2820 ipsum
811 2742 952 2820 Templum
978 2748 1009 2800 in
1042 2741 1199 2802 Tlteatrum
1226 2743 1423 2817 degenerauit,

245 2851 295 2908 sebi
314 2871 369 2911 non
389 2852 575 2930 Ecclestastici
595 2853 743 2928 Doliores,
759 2854 818 2930 sed
837 2855 975 2913 Oratores
995 2854 1198 2928 audiebantur,
1217 2873 1338 2930 quorum
1354 2869 1422 2912 nemo

246 2963 379 3040 defidecio
406 2964 556 3024 tenebatur
577 2966 712 3043 papulum
740 2965 854 3024 docendi
860 3009 869 3040 ,
884 2968 943 3042 sed
960 2968 1072 3026 eundem
1093 2970 1124 3024 in
1144 2968 1364 3027 admirationem
1378 2966 1424 3042 sul

247 3079 397 3156 rapiendi,
417 3093 444 3136 et
464 3078 653 3156 diffentientes
669 3077 783 3156 pnblice
803 3079 955 3158 carpendi,
982 3091 1010 3136 et
1030 3097 1063 3136 ea
1084 3091 1195 3138 tanturn
1215 3081 1347 3154 docendi,
1368 3091 1422 3155 qun

246 3208 321 3248 noua
348 3207 382 3248 ac
407 3191 542 3265 insolita,
564 3206 681 3266 queque
701 3191 806 3264 uulgus
827 3193 950 3248 maxime
970 3191 1190 3262 admirantum
1210 3193 1284 3249 unde
1300 3187 1421 3270 profesio

245 3316 355 3375 magna
381 3304 581 3374 contentiones,
609 3302 742 3375 inuidia,
770 3314 798 3359 et
825 3303 917 3360 odium
923 3345 933 3376 ‚
961 3303 1037 3378 quod
1060 3303 1140 3360 nulla
1167 3302 1307 3380 uetustate
1325 3299 1422 3378 sedari

241 3414 352 3488 potuit,
380 3413 457 3469 oriri
482 3411 648 3470 debuerunt.
690 3414 758 3471 Non
786 3431 853 3487 ergo
881 3417 1001 3489 mirum,
1029 3415 1104 3490 quod
1121 3417 1248 3491 antique
1269 3413 1420 3488 Religionis

244 3519 322 3580 nibil
339 3524 479 3599 manserit
496 3535 608 3600 prater
629 3522 688 3597 ejus
709 3537 858 3582 externum
883 3525 988 3583 cultum
1009 3524 1076 3602 (quo
1097 3525 1202 3600 uolens
1222 3527 1314 3586 Deum
1334 3525 1419 3598 magis

246 3633 366 3692 adulari
396 3652 481 3710 quam
511 3635 638 3693 adorare
668 3635 817 3714 videtur),
848 3649 875 3693 et
907 3637 982 3712 quod
1003 3636 1075 3714 fides
1095 3637 1161 3712 jam
1180 3636 1258 3697 nibil
1274 3639 1359 3698 aliud
1370 3634 1420 3712 fit,

247 3763 331 3822 quaen
357 3747 514 3806 credulitas
540 3760 567 3806 et
590 3747 783 3825 prejudicia:
809 3761 844 3808 at
864 3766 926 3826 qua
942 3749 1145 3827 praejudicia?
1166 3769 1228 3828 que
1248 3749 1370 3810 somnes
1388 3761 1418 3804 ex

247 3858 438 3916 rationalibus
465 3857 564 3917 brutos
591 3859 731 3934 reddunt,
759 3871 855 3938 utpote
880 3877 941 3936 que
961 3865 1069 3920 omnino
1089 3865 1261 3941 impediunt,
1281 3863 1417 3939 quominus

245 3969 439 4045 unusquisque
465 3969 553 4028 libero
575 3971 630 4046 suo
644 3970 755 4045 judicio
776 3984 889 4046 utatur,
911 3985 938 4031 et
957 3990 1058 4032 uerum
1078 3993 1099 4032 a
1113 3973 1194 4051 salso
1214 3975 1376 4050 dignoscat,
1394 3979 1415 4024 et

247 4096 309 4155 qna
340 4081 431 4140 seton
459 4083 502 4140 ad
529 4083 621 4140 bornen
649 4083 807 4142 intellectos
832 4088 948 4163 penitus
979 4088 1215 4162 extinguendum,
1243 4087 1317 4146 data'
1341 4076 1418 4162 opeca'

245 4195 410 4266 excogitata
439 4195 585 4253 videntur.
627 4196 743 4270 Pietas,
770 4193 847 4274 prot
878 4197 957 4256 Deus
987 4199 1175 4273 immortalis,
1206 4210 1234 4256 et
1263 4199 1372 4272 Religio
1389 4195 1415 4248 ir

246 4304 383 4380 absurdis
414 4308 532 4363 arronis
563 4307 698 4384 eorrfistit,
729 4323 758 4366 et
789 4311 839 4385 qni
869 4309 1019 4368 Rationem
1041 4311 1167 4386 prorsus
1188 4313 1414 4380 consensuum!
