2934 4900
218 347 277 433 394
692 321 932 408 Tractatus'

218 526 357 603 obedire,
386 543 452 604 quae
481 523 551 600 ipsis
580 543 597 584 a
626 523 693 584 Deo
724 521 898 600 prophetice
926 523 1141 598 revelarentur;
1162 523 1271 583 eodem
1293 517 1407 598 prorsus
1435 490 1446 609 i

218 643 326 715 modo,
346 658 380 699 tc
400 638 430 698 in
450 635 573 713 imperio
603 634 804 697 democratico
828 633 892 694 fieri
912 633 1108 710 ostendimus,
1129 634 1182 696 ubi
1202 651 1313 694 omnes
1334 651 1407 693 coan-

217 751 298 813 muni
328 747 472 810 consensu
501 747 682 824 deliberant,
712 765 751 809 ex
783 748 847 808 solo
878 746 1019 808 Rationis
1049 733 1203 809 didamine
1235 747 1356 810 vivere.
1375 747 1407 805 Er

218 862 353 940 quamvis
372 861 491 922 Hebraei
510 860 593 922 suum
610 860 661 938 jus
681 875 822 937 praeterea
842 859 873 921 in
893 861 989 922 Deum
1009 861 1228 936 transtulerint,
1248 862 1313 921 hoc
1324 861 1408 938 magis
1444 860 1455 916 'l

218 989 316 1036 mente
336 992 424 1052 quam
445 991 535 1051 opera
555 974 650 1033 facere
670 987 855 1049 potuerunt:
877 990 943 1032 nam
964 989 994 1033 re
1015 971 1075 1048 ipsa
1097 971 1257 1049 (utsupra
1269 971 1407 1050 vidimus)
1452 1033 1453 1040 χ

214 1088 265 1166 jus
285 1086 399 1163 imperii
419 1085 553 1147 absolute
573 1084 774 1162 retinuerunt,
796 1087 892 1146 donec
909 1083 1002 1161 ipsum
1023 1084 1053 1144 in
1064 1085 1170 1146 Mosen
1182 1084 1408 1158 transtulerunt,

219 1199 271 1278 qui
298 1199 384 1260 etiam
416 1197 556 1273 deinceps
584 1215 637 1258 rex
667 1196 802 1258 absolute
833 1195 954 1271 manfit,
984 1211 1014 1256 et
1044 1214 1097 1272 per
1123 1214 1190 1257 eum
1212 1196 1311 1258 solum
1333 1199 1408 1257 Deus
1454 1211 1455 1222 ¹

218 1313 362 1374 Hebraeos
392 1309 533 1388 regnavit.
564 1309 656 1369 Porro
686 1308 741 1369 hac
772 1309 859 1370 etiam
892 1310 928 1369 de
949 1307 1034 1370 causa
1055 1307 1152 1386 (quod
1173 1306 1291 1369 scilicet
1310 1306 1407 1386 religio
1452 1233 1455 1360 i

220 1444 258 1486 ex
288 1423 352 1484 solo
379 1421 445 1498 jure
475 1419 589 1497 imperii
617 1420 677 1483 vim
701 1419 777 1495 juris
808 1419 933 1498 accipit)
961 1418 1062 1480 Moses
1082 1420 1164 1480 nullo
1186 1438 1242 1481 eos
1264 1419 1406 1496 supplicio

220 1535 334 1597 afficere
365 1531 482 1610 potuit,
514 1532 566 1609 qui
597 1547 666 1593 ante
696 1535 830 1609 paetum,
852 1547 882 1594 et
903 1532 991 1610 qui*
1012 1532 1227 1609 consequenter
1248 1532 1296 1593 sui
1318 1532 1406 1594 adhuc
1454 1543 1455 1590 l

216 1648 291 1725 juris
317 1660 399 1707 erant
406 1691 416 1722 ,
442 1646 601 1706 Sabbatum
628 1645 819 1707 violaverunt
839 1643 923 1723 (vide
944 1644 1043 1706 Exodi
1065 1663 1128 1722 cap.
1153 1647 1199 1706 16.
1221 1645 1266 1708 vs.
1291 1661 1343 1721 27.
1364 1647 1407 1720 “3

220 1757 304 1820 ficuti
335 1757 401 1833 post
430 1759 546 1834 pactum
577 1755 662 1835 (vide
693 1757 782 1818 Num.
804 1775 868 1833 cap.
893 1768 938 1832 15.
959 1757 1002 1820 vs.
1025 1757 1103 1836 36.),
1123 1759 1280 1835 postquam
1303 1757 1409 1818 scilicet

219 1869 418 1948 unusquisque
445 1867 510 1946 jure
540 1869 594 1931 suo
625 1869 750 1931 natamali
783 1871 878 1946 cellit,
910 1885 941 1930 et
973 1871 1131 1932 Sabbatum
1153 1889 1190 1931 ex
1208 1870 1277 1947 jure
1298 1869 1409 1946 imperii

219 1983 280 2049 vim
301 1981 430 2044 mandati
450 1982 574 2057 accepit.
593 1982 733 2058 Denique
754 1981 809 2041 hac
831 1981 918 2042 etiam
939 1984 976 2043 de
997 1983 1100 2060 causa,
1121 1983 1268 2045 destrudo
1290 1985 1409 2044 Hebrae-

220 2115 303 2158 orum
324 2094 462 2170 imperio,
490 2093 609 2172 Religio
636 2094 766 2155 revelata
794 2092 854 2156 vim
874 2093 953 2173 Juris
974 2093 1081 2155 habere
1103 2093 1201 2170 defiit;
1223 2096 1409 2170 nequaquam
1453 2085 1455 2138 i

220 2208 296 2268 enim
327 2205 462 2267 dubitare
493 2203 660 2281 possumus,
692 2205 782 2282 quin,
803 2204 883 2267 fimul
904 2224 938 2267 ac
959 2205 1076 2267 Hebraei
1094 2205 1144 2282 jus
1165 2205 1247 2267 suum
1271 2207 1302 2267 in
1325 2206 1406 2266 Babi-

218 2319 331 2380 ionium
351 2319 463 2397 Regem
485 2317 706 2392 transtulerunt,
729 2317 874 2379 continuo
897 2320 1031 2399 Regnum
1052 2319 1111 2381 Dei
1131 2319 1243 2400 Jusque
1265 2319 1408 2382 Divinum

219 2428 380 2494 cessaverit.
410 2430 486 2491 Nam
516 2447 553 2491 eo
584 2428 649 2507 ipso
681 2432 814 2508 palium,
846 2450 906 2508 quo
938 2431 1144 2508 promiserant,
1167 2432 1322 2511 omnibus,
1346 2452 1408 2509 que
1454 2482 1455 2487 ,

219 2545 302 2606 Deus
321 2544 508 2619 loqueretur,
528 2543 665 2619 obedire,
687 2546 829 2621 quodque
849 2544 906 2605 Dei
928 2545 1270 2624 Regnisundamentum
1293 2548 1407 2621 fuerat,
1454 2572 1455 2617 3

220 2657 342 2718 omnino
362 2655 507 2717 sublatum
528 2655 584 2731 est;
611 2672 667 2715 nec
687 2672 724 2715 eo
747 2656 870 2731 amplius
891 2656 962 2717 stare
990 2673 1145 2735 poterant,
1166 2658 1409 2735 quandoquidem
1454 2636 1455 2645 ἦ

221 2768 258 2828 ab
290 2785 327 2828 eo
358 2782 491 2844 tempore
522 2785 582 2828 non
613 2767 737 2843 emplius
767 2767 811 2828 sui
838 2766 912 2844 juris
944 2768 992 2848 (ut
1019 2788 1085 2831 cum
1113 2769 1145 2831 in
1165 2768 1288 2833 desertis
1310 2772 1360 2833 vel
1381 2770 1409 2831 in
1454 2766 1455 2785 ³

220 2881 313 2957 patria
333 2879 456 2960 essent),
476 2879 526 2941 sed
546 2880 639 2959 Regis
658 2880 819 2942 Babiloniae
840 2896 939 2957 erant,
951 2882 999 2943 cui
1017 2882 1047 2942 in
1065 2882 1201 2943 omnibus
1213 2882 1261 2960 (ut
1273 2884 1351 2958 Cap.
1366 2886 1410 2943 m.

221 2994 413 3073 ostendimus)
434 2994 555 3055 obedire
575 2996 769 3070 tenebantur;
790 2996 872 3071 quod
893 2993 980 3055 etiam
1001 2994 1140 3075 Jeremias
1155 2993 1271 3055 eosdem
1283 3014 1350 3070 cap.
1361 3012 1409 3064 uo.

220 3106 262 3170 vs.
284 3122 312 3182 7.
333 3105 462 3182 expresse
482 3120 593 3167 monet.
616 3106 779 3183 Consulite,
799 3106 914 3183 inquit,
931 3112 1002 3186 paci
1021 3110 1169 3183 civitatis,
1189 3108 1230 3167 ad
1250 3124 1338 3183 quam
1359 3126 1410 3165 vos

219 3221 350 3296 captivos
370 3220 462 3291 ὀπαῖς
481 3235 549 3277 nam
567 3218 655 3297 ipfius
673 3220 866 3279 incolumitate
886 3220 968 3279 uobis
988 3224 1047 3280 etit
1065 3221 1253 3279 incolumitas.
1269 3220 1314 3279 At
1324 3220 1409 3281 inco·

219 3326 347 3387 lumitati
377 3324 455 3386 illius
486 3324 616 3389 civitatis
647 3326 797 3388 consulere
819 3344 880 3388 non
901 3342 1039 3404 poterant
1060 3342 1198 3406 tanquam
1220 3328 1335 3405 imperii
1357 3331 1408 3390 mi·

221 3436 300 3498 nistri
322 3436 450 3516 (captivi
472 3437 549 3497 enim
569 3437 683 3516 erant),
704 3436 754 3499 sed
776 3454 914 3514 tanquam
936 3439 1027 3515 servi;
1047 3439 1076 3500 se
1087 3439 1261 3516 scilicet,ad
1270 3441 1408 3503 vitandas

219 3548 398 3624 seditiones,
424 3547 454 3609 in
483 3548 619 3610 omnibus
648 3550 821 3611 obedientes
842 3552 1023 3629 praestando,
1045 3552 1155 3629 imperii
1173 3552 1238 3630 J’ura
1260 3569 1291 3615 et
1313 3556 1408 3633 leges,

220 3658 333 3721 tametsi
355 3678 372 3719 a
390 3659 524 3737 legibus,
552 3659 660 3737 quibus
681 3661 711 3722 in
733 3662 828 3737 patria
849 3662 1081 3741 consueverant,
1103 3666 1257 3726 admodum
1278 3664 1408 3741 diversa,

220 3772 423 3848 observando,
454 3786 511 3832 etc.
539 3773 586 3833 Ea
607 3774 716 3850 quibus
738 3774 874 3837 omnibus
897 3775 1104 3839 evidentissime
1125 3774 1273 3853 sequitur,
1295 3778 1408 3857 Religi-

221 3904 307 3946 onem
332 3888 412 3961 apud
439 3886 582 3947 Hebraeos
609 3887 669 3950 vim
698 3888 778 3969 Juris
798 3908 814 3950 a
836 3888 899 3950 solo
920 3887 1037 3963 Imperii
1054 3888 1120 3965 jure
1141 3886 1298 3966 accepisse,
1319 3905 1351 3950 et
1372 3910 1409 3951 eo
1454 3966 1455 3971 ἵ

220 3997 382 4077 destrusio,
402 4017 463 4060 non
484 3999 608 4075 amplius
627 4014 766 4077 tanquam
783 4000 889 4079 jussum
910 3997 1060 4080 singularis
1081 4001 1214 4079 Imperii,
1233 4000 1283 4063 sed
1303 4003 1409 4065 catho-

254 4248 268 4280 ·
302 4246 346 4298 ef.
361 4246 427 4298 infra
444 4265 471 4312 p.
489 4262 546 4316 597.
563 4248 601 4301 vs
621 4265 660 4301 rr.
680 4250 773 4315 Citllii
791 4247 926 4317 discipali,
945 4248 988 4315 qni
1005 4250 1058 4303 siri
1071 4250 1175 4315 scilicet
1189 4248 1302 4317 privati.

257 4346 284 4375 “
301 4345 349 4393 Ed.
366 4346 424 4394 Pur
441 4357 496 4411 cap.
518 4360 558 4409 15.
574 4346 640 4412 serf.
660 4363 701 4410 30.
