2934 4900
318 329 807 410 Theologic0·Politici
846 329 919 405 Cap.
940 329 1021 391 Vlll.
1207 327 1267 408 4⁸9

80 527 159 584 cem,
186 507 291 570 librum
312 510 376 570 liut
396 506 434 568 fic
455 505 600 582 annediit,
629 507 671 568 Et
691 509 812 583 configit
830 509 870 566 iis
889 505 1004 582 diebus,
1031 506 1134 584 quibus
1152 507 1267 575 ludices

72 621 267 706 judicabant,
286 634 320 681 ut
333 620 431 698 fames
451 619 516 698 effes
534 623 567 679 t'n
586 619 640 680 illa
660 633 754 680 terra.
775 618 930 680 Cuietitm
942 621 1147 681 eodemmodo
1161 619 1267 680 librum

79 732 203 808 primum
225 730 366 794 Samuelis
386 729 532 805 annestit,
550 747 611 806 quo
631 729 717 792 finito
738 729 826 792 solita
845 729 896 792 sut
916 729 1086 792 transitione
1107 731 1145 791 ad
1165 729 1267 792 secun-

80 847 150 906 dum
172 843 284 924 pergit;
305 859 336 904 et
357 841 442 918 huic,
462 841 581 904 historin
601 841 727 904 Davidis
748 843 879 904 nondum
900 841 999 917 linita,
1018 841 1123 903 librum
1142 841 1267 918 primum

80 958 197 1034 Regum
225 953 341 1034 jungit,
373 968 404 1016 et
434 953 581 1016 historiam
612 953 738 1016 Davidis
768 970 881 1014 mamare
902 970 1042 1032 pergens,
1061 955 1179 1014 tandem
1197 953 1268 1015 huic

81 1069 183 1128 endem
205 1065 415 1143 conjundlione
436 1065 539 1128 librum
560 1064 718 1128 secundum
739 1064 878 1126 annedtit.
918 1063 1089 1126 Contextus
1109 1064 1216 1126 deinde
1237 1079 1268 1126 et

82 1182 157 1241 ordo
178 1177 358 1246 historiarum
387 1176 475 1238 etitm
503 1177 630 1254 indicat,
652 1195 743 1238 unum
763 1192 878 1238 tantum
899 1175 981 1238 fuisse
1002 1175 1197 1252 Historicum‚
1216 1175 1269 1254 qui

83 1307 193 1352 certum
221 1289 273 1352 sibi
303 1290 423 1368 scopum
451 1289 593 1367 praelixit:
622 1289 727 1368 incipit
749 1289 826 1351 enim
846 1289 966 1366 primam
986 1289 1116 1351 nationis
1135 1291 1268 1352 llebraeae

83 1403 225 1483 originem
257 1421 386 1479 narrate,
417 1403 524 1466 deinde
555 1402 659 1466 ordine
690 1403 804 1479 dicere,
834 1421 893 1480 qut
920 1401 1074 1465 occasione
1100 1416 1131 1464 et
1157 1401 1268 1479 quibus

80 1515 265 1593 temporibus
293 1515 396 1577 Moses
423 1517 503 1595 leges
530 1515 649 1592 tulerit,
678 1513 804 1592 ipsisque
831 1516 922 1576 multa
950 1513 1135 1592 predixerit3
1161 1513 1268 1576 deinde

82 1627 235 1702 quomodo
259 1625 417 1688 secundum
445 1623 537 1687 Molis
565 1625 771 1702 praedietiones
791 1641 895 1688 terram
916 1623 1079 1703 promissam
1099 1623 1183 1703 (vide
1203 1643 1269 1702 cap.

82 1753 112 1813 7.
131 1737 268 1816 Denter.)
291 1735 466 1814 invaserint3
486 1756 520 1798 en
541 1755 612 1800 vero
633 1735 755 1814 polsella
775 1737 890 1817 legibus
909 1737 1112 1801 valedixerunt
1130 1737 1268 1815 (Denter.

83 1867 148 1926 cap.
162 1865 210 1928 31.
231 1848 306 1913 vers.
327 1850 398 1928 16.).
418 1850 546 1926 indeque
567 1849 647 1927 ipsos
668 1850 757 1911 multa
779 1850 851 1910 mala
871 1849 1055 1926 consequuta
1075 1848 1142 1910 sunt
1163 1847 1268 1926 (ejusd

83 1961 157 2024 vers.
181 1961 253 2039 17.).
274 1962 436 2043 Quomodo
457 1961 563 2022 deinde
585 1963 683 2040 Reges
704 1961 810 2040 eligere
831 1962 991 2023 voluerunt
1011 1961 1116 2039 (Deut.
1137 1979 1202 2036 cap.
1222 1975 1268 2036 17.

85 2072 159 2134 vers.
183 2075 261 2153 14),
289 2073 341 2152 qui
369 2073 457 2136 etiam
483 2089 574 2150 prout
600 2074 680 2154 leges
707 2089 898 2151 curaverant,
917 2073 959 2136 ita
978 2091 1024 2136 res
1044 2073 1113 2151 ipsis
1132 2071 1269 2151 prospere

85 2187 136 2248 vel
161 2183 319 2247 infeliciter
345 2185 524 2248 cesserunt*
553 2185 657 2263 (Deut.
685 2203 751 2263 ctp.
779 2185 828 2247 28.
852 2183 927 2248 vers.
948 2187 996 2263 36.
1025 2201 1055 2247 et
1082 2185 1156 2248 vers.
1182 2185 1270 2263 ult),

87 2299 183 2360 donec
204 2299 321 2358 tandem
342 2296 455 2374 imperii
475 2297 603 2373 ruinam,
624 2296 708 2358 sicuti
729 2296 820 2375 ipsum
841 2297 943 2360 Moses
963 2297 1154 2375 predixerat,
1164 2312 1269 2359 narrat.

87 2407 215 2487 Reliqua
236 2424 347 2485 tutem,
368 2427 433 2487 quae
450 2411 487 2471 ad
502 2409 726 2473 confirmandam
747 2409 856 2490 Legem
877 2409 949 2471 nihil
969 2409 1097 2487 faciunt,
1118 2409 1167 2473 vel
1187 2426 1269 2486 pror·

87 2523 136 2583 sus
156 2520 271 2585 slentio
293 2522 459 2598 mandavit,
480 2522 529 2584 vel
550 2523 687 2585 ledlorem
699 2522 821 2585 adnlios
841 2522 995 2585 historicos
1015 2524 1140 2603 ablegat.
1160 2523 1270 2583 Omnes

85 2632 176 2713 igitur
204 2632 236 2694 hi
266 2632 332 2695 libri
362 2632 393 2695 in
424 2651 515 2695 unum
545 2634 731 2711 conspirant,
761 2654 865 2713 nempe
895 2636 971 2699 dicta
1002 2652 1033 2697 et
1063 2635 1157 2697 edidit
1176 2634 1269 2696 Mosrs

86 2748 192 2807 docere
203 2790 213 2821 ,
234 2761 327 2822 eaque
347 2762 512 2821 pertesum
533 2762 658 2809 eventus
681 2746 884 2808 demonstrare.

127 2856 174 2917 Ex
201 2856 249 2918 his
275 2856 365 2937 igitur
392 2856 487 2919 tribus
513 2856 594 2919 simul
624 2855 831 2934 confideretis,
858 2876 963 2934 nempe
983 2858 1167 2935 simplicitate
1187 2876 1270 2937 argu·

85 2969 179 3031 menti
198 2970 302 3031 horum
323 2970 453 3032 omnium
473 2970 625 3047 librorum,
648 2970 851 3047 connexione,
872 2986 911 3032 et¹
924 2973 1006 3049 quod
1026 2970 1082 3031 srnt
1102 2970 1270 3050 apographa

85 3082 185 3145 multis
215 3082 282 3159 poll
312 3082 424 3145 saeculis
446 3102 462 3143 e
482 3085 569 3143 rebus
598 3082 686 3162 gestis
716 3082 838 3160 scripta,
869 3082 1090 3158 concludimus,
1116 3098 1152 3144 ut
1179 3084 1269 3145 modo

85 3194 231 3269 diximus,
253 3213 306 3256 eos
327 3212 430 3257 omnes
452 3198 487 3257 ab
509 3214 570 3257 uno
592 3195 655 3258 solo
677 3196 825 3258 Historico
846 3196 971 3274 scriptos
998 3196 1090 3259 soille.
1130 3196 1270 3279 Quisnam

85 3322 185 3371 autem
205 3306 230 3369 is
251 3306 356 3384 fuerit,
378 3326 438 3370 non
457 3308 497 3370 ita
516 3308 668 3372 evidenter
688 3308 839 3371 ostendere
860 3308 989 3385 possum3
1009 3308 1141 3386 suspicor
1156 3325 1270 3387 tamen,

84 3420 180 3498 ipsum
208 3420 347 3483 Hesdmm
375 3420 478 3497 suille,
499 3434 530 3482 et
550 3424 682 3500 quedam
704 3440 765 3483 non
786 3420 862 3484 levia
889 3436 1085 3497 coneurnrnt,
1104 3440 1142 3483 ex
1163 3422 1271 3499 quibus

84 3532 283 3611 conjetluram
316 3533 404 3595 facio.
446 3536 521 3595 Nam
553 3552 618 3596 cunr
649 3533 814 3597 Historicus
845 3534 947 3612 (quem
974 3532 1034 3610 jam
1055 3533 1160 3595 scimus
1179 3553 1270 3596 unum

84 3660 203 3708 tantum
232 3644 331 3725 fuille)
359 3645 506 3707 historiam
533 3648 679 3723 producat
699 3647 793 3723 usque
814 3649 852 3707 ad
871 3645 1018 3727 JoJ'aehini
1039 3646 1219 3722 libertatem,
1239 3662 1272 3707 et

84 3758 206 3833 insuper
234 3758 338 3835 addat,
366 3757 460 3835 ipsum
488 3758 579 3838 Regis
606 3760 709 3821 mensae
738 3758 902 3822 accubuilse
930 3774 996 3822 tota
1022 3758 1087 3835 ejus
1115 3758 1177 3821 vita
1198 3759 1271 3837 (hoc

85 3870 130 3933 est
150 3869 199 3932 vel
219 3868 369 3950 Jojachini
397 3871 446 3932 vel
472 3868 524 3931 lilii
546 3872 818 3947 Nebucadnesoris,
839 3890 905 3933 nam
925 3870 1024 3934 sensus
1044 3871 1086 3931 est
1105 3872 1190 3948 plane
1211 3889 1270 3932 tm·

84 3982 228 4061 biguus),
249 3979 317 4041 hinc
338 3981 479 4058 sequitur,
500 4000 565 4044 eum
587 3984 696 4046 nullum
718 3999 786 4045 ante
814 3984 953 4045 Hesdmm
981 3982 1073 4045 luisse.
1113 3984 1156 4045 At
1174 3983 1271 4060 Scrip-

85 4108 153 4154 tuta
181 4094 217 4153 de
246 4090 345 4165 nullo,
373 4090 425 4167 qui
452 4104 513 4152 tum
544 4090 660 4169 floruit,
687 4092 740 4154 nist
768 4096 805 4155 de
832 4092 896 4156 solo
916 4091 1027 4157 Hesdra
1046 4091 1168 4155 testatur
1188 4091 1271 4170 (vide

123 4335 136 4367 l
170 4332 218 4387 lid·
234 4334 289 4385 Pus
312 4332 445 4398 cessrunt.
