2934 4900
161 299 223 377 604
637 296 878 357 Tractatus

160 475 324 537 libertatem
362 473 479 551 prorsus
510 473 635 535 adimere
674 471 816 547 subditis,
849 470 1112 549 perniciosissimum
1144 470 1249 532 contri
1280 467 1359 528 erit»

162 590 283 648 eandem
304 587 425 648 omnino
445 588 624 662 concedere;
646 604 704 662 qua
724 599 847 662 propter
867 585 954 645 nobis
965 585 1012 645 hic
1023 583 1169 661 inquirere
1190 579 1359 655 incumbit,

162 695 315 773 quousque
347 694 507 772 unicuique
538 694 602 755 haec
634 693 771 770 libertas,
793 693 873 756 salva
894 693 1078 769 Reipublicae
1099 712 1190 770 pace,
1210 692 1359 768 salvoque
1452 781 1453 784 Ἴ

160 809 330 869 summarum
360 808 540 884 potestatum
563 807 649 883 jure,
675 806 774 882 potest
804 821 834 866 et
855 807 943 867 debet
963 805 1107 882 concedi;
1128 808 1211 882 quod
1232 805 1302 880 hic,
1325 819 1360 864 ut

161 919 191 981 in
213 919 301 981 initio
323 919 397 996 Cap.
422 922 467 980 16.
489 919 608 993 monui,
631 916 811 994 praecipuum
833 935 927 978 meunt
949 916 1095 979 intentum
1118 916 1184 978 fuit.

201 1032 248 1092 Ex
269 1032 470 1095 fundamentis
491 1031 676 1108 Reipublicae
697 1031 781 1108 supra
804 1030 958 1106 explicatis
979 1030 1187 1093 evidentissime
1211 1029 1361 1106 sequitur,

162 1145 250 1206 linem
270 1144 335 1221 ejus
362 1144 495 1206 ultimum
525 1161 586 1205 non
614 1143 671 1204 esse
701 1142 861 1219 dominari,
883 1161 936 1204 nec
957 1143 1090 1204 homines
1110 1158 1192 1204 metu
1212 1140 1360 1216 retinere,

165 1273 196 1318 et
223 1257 343 1318 alterius
366 1256 441 1334 juris
471 1258 582 1331 facere,
610 1257 659 1318 sed
688 1272 810 1332 contra,
838 1274 1076 1333 unumquemque
1104 1270 1185 1317 metu
1216 1255 1359 1330 liberare,

165 1384 201 1430 ut
231 1369 344 1445 secure,
376 1371 476 1446 quoad
506 1368 570 1445 ejus
599 1369 662 1429 fieri
692 1369 807 1446 potest,
838 1371 940 1445 vivat,
967 1370 1026 1430 hoc
1055 1369 1113 1444 est,
1141 1383 1175 1428 ut
1200 1366 1359 1445 jussuum

165 1480 313 1554 naturale,
334 1482 371 1540 ad
387 1478 568 1539 exiliendum
588 1493 618 1538 et
639 1480 820 1555 operandum
841 1479 949 1556 absque
967 1478 1021 1539 suo
1039 1493 1070 1538 et
1089 1477 1208 1538 alterius
1230 1479 1361 1551 damno,

166 1590 277 1666 optime
304 1589 438 1651 retineat.
478 1591 567 1665 Non,
595 1590 730 1668 inquam,
761 1591 828 1651 finis
848 1591 1030 1666 Reipublicae
1063 1590 1121 1666 est,
1151 1588 1287 1650 homines
1319 1607 1358 1648 ex

165 1701 358 1764 rationalibus
378 1701 483 1761 bestias
504 1701 552 1763 vel
572 1716 723 1762 automata
743 1703 854 1778 facere,
883 1702 932 1763 sed
954 1716 1074 1777 contra,
1096 1716 1129 1763 ut
1151 1718 1252 1762 eorum
1274 1719 1358 1761 mens

167 1831 198 1876 et
219 1832 327 1890 corpus
352 1828 422 1875 tuto
449 1812 508 1874 suis
538 1813 740 1875 funilionibus
768 1815 944 1894 fungantur,
973 1831 1003 1875 et
1032 1814 1085 1892 ipsi
1111 1815 1202 1876 libera
1223 1815 1357 1875 Ratione

166 1943 305 2002 utantur,
334 1941 366 1988 et
394 1943 431 1986 ne
453 1927 543 2002 odio,
563 1928 604 1987 ira
611 1971 621 2003 ,
643 1928 691 1990 vel
713 1927 784 1988 dolo
807 1942 936 2002 certent,
957 1945 1012 1987 nec
1033 1926 1130 1988 animo
1151 1926 1256 2003 iniquo
1277 1925 1357 1988 invi·

168 2057 230 2100 cem
258 2040 399 2098 ferantur.
440 2037 520 2099 Finis
548 2057 617 2118 ergo
646 2037 830 2115 Reipublicae
852 2057 952 2101 revera
973 2037 1093 2099 libertas
1115 2038 1163 2098 est.
1204 2039 1298 2098 Porro
1320 2040 1357 2099 ad

166 2150 346 2211 formandam
368 2151 592 2226 Rempublicam
613 2152 672 2212 hoc
692 2169 783 2213 unum
805 2151 916 2212 necesse
939 2150 1021 2212 mille
1041 2151 1186 2227 vidimus,
1207 2169 1313 2227 nempe
1325 2167 1360 2211 ut

168 2262 263 2323 omnia
284 2263 452 2324 decretandi
473 2262 603 2338 potestas
625 2283 717 2340 penes
738 2283 858 2339 omnes,
874 2266 922 2326 vel
944 2264 1075 2341 aliquot,
1093 2266 1141 2326 vel
1158 2281 1249 2339 penes
1267 2283 1359 2324 unum

167 2371 248 2434 esset.
289 2375 381 2450 Nam,
411 2374 652 2451 quandoquidem
680 2375 804 2436 liberum
831 2375 982 2436 hominum
1006 2374 1151 2452 judicium
1171 2374 1285 2436 varium
1307 2375 1359 2435 ad·

167 2488 286 2547 modurn
307 2486 365 2563 est,
386 2502 416 2547 et
436 2484 637 2566 unusquisque
658 2486 738 2549 solus
759 2488 856 2549 omnia
878 2487 949 2548 scire
972 2504 1075 2563 putat,
1092 2506 1146 2547 nec
1163 2486 1224 2547 sieri
1243 2487 1359 2563 potest,

167 2615 201 2661 ut
232 2618 333 2659 omnes
364 2618 447 2675 aeque
478 2603 579 2662 eadem
611 2600 755 2675 sentiant,
787 2615 818 2661 et
850 2619 911 2661 uno
944 2618 994 2661 ore
1026 2602 1204 2677 loquantur;
1236 2600 1358 2675 pacifice

167 2712 269 2775 vivere
304 2731 364 2773 non
399 2727 554 2788 poterant,
589 2712 640 2773 nili
675 2711 874 2789 unusquisque
905 2711 971 2787 jure
1003 2711 1107 2791 agendi
1140 2730 1177 2771 ex
1208 2710 1273 2771 solo
1306 2714 1357 2772 de-

169 2840 252 2886 creto
283 2825 340 2886 suae
371 2826 477 2886 mentis
508 2827 634 2887 cederet.
674 2828 745 2907 Jure
776 2826 865 2904 igitur
895 2824 999 2904 agendi
1021 2843 1058 2885 ex
1083 2823 1204 2900 proprio
1236 2826 1357 2885 decreto

168 2939 366 3016 unusquisque
397 2954 511 3000 tantum
543 2939 642 3015 cellit,
674 2957 735 2999 non
768 2955 864 3000 autent
896 2938 1092 2999 ratiocinandi
1124 2954 1155 2999 et
1183 2938 1357 3016 judicandi;
1452 2994 1453 2999 ,

168 3053 303 3127 adeoque
325 3049 406 3114 salvo
428 3049 600 3112 summarum
622 3051 800 3126 potestatum
816 3050 882 3128 jure
900 3069 985 3112 nemo
1005 3050 1121 3127 quidem
1140 3067 1243 3112 contra
1259 3070 1358 3112 earum

168 3165 317 3224 decretum
338 3181 422 3242 agere
443 3164 556 3240 potest,
577 3180 608 3224 at
627 3164 749 3224 omnino
771 3164 877 3225 sentire
899 3179 929 3225 et
946 3164 1135 3240 judicare,et
1145 3162 1359 3240 consequenter

169 3275 256 3336 etiam
278 3275 389 3351 dicere,
410 3277 500 3336 modo
523 3274 689 3351 simpliciter
710 3290 825 3336 tantum
847 3274 926 3335 dicat
946 3277 995 3338 vel
1016 3278 1142 3351 doceat,
1164 3290 1194 3335 et
1215 3275 1275 3335 sola
1297 3278 1357 3336 Ra-

168 3388 270 3463 tione,
297 3406 357 3448 non
387 3402 484 3449 autem
506 3389 596 3462 dolo,
617 3386 676 3463 ira,
697 3386 787 3465 odio,
808 3406 862 3447 nec
883 3386 979 3447 animo
1002 3386 1113 3463 aliquid
1133 3387 1163 3447 in
1185 3388 1352 3463 Rempubli·

170 3518 231 3558 cam
262 3516 300 3557 ex
331 3498 512 3559 authoritate
544 3498 587 3557 sui
622 3498 733 3558 decreti
761 3498 985 3573 introducendi,
1006 3500 1155 3560 defendat.
1195 3499 1253 3559 Ex.
1273 3499 1358 3578 gast

170 3610 236 3688 quis
262 3612 355 3689 legent
383 3609 508 3686 aliquam
537 3611 613 3670 sante
642 3609 767 3671 Rationi
796 3628 957 3689 repugnare
986 3611 1129 3687 ostendit,
1150 3628 1182 3673 et
1201 3628 1358 3687 propterea

169 3726 290 3784 eandem
322 3724 516 3800 abrogandam
548 3720 603 3782 else
635 3719 752 3796 censet,
777 3721 798 3781 st
820 3720 898 3783 srmul
929 3721 1008 3783 suam
1040 3722 1213 3783 sententiam
1239 3722 1357 3799 judicio

170 3833 284 3895 summa
305 3832 459 3909 potestatis
481 3832 579 3911 (cujus
601 3850 715 3894 tantum
739 3833 797 3907 est,
817 3834 895 3911 leges
917 3836 1044 3893 condere
1065 3848 1097 3893 et
1118 3834 1271 3913 abrogare)
1290 3833 1357 3894 sub·

170 3945 279 4021 mittit,
311 3961 341 4006 et
372 3945 444 4006 nihil
475 3946 589 4005 interim
622 3961 724 4007 contra
757 3944 834 4006 illius
866 3944 937 4023 legis
965 3944 1165 4022 praescriptum
1186 3945 1261 4023 agit,
1282 3948 1358 4006 bene

170 4058 237 4119 sane
260 4059 295 4118 de
318 4056 483 4133 Republica
503 4072 645 4133 meretur,
674 4073 707 4118 ut
736 4057 866 4133 optimus
887 4055 1010 4133 quisque
1032 4056 1122 4132 civis;
1143 4057 1191 4119 sed
1212 4055 1232 4115 fi
1254 4074 1357 4117 contra

170 4172 200 4232 id
229 4170 318 4230 faciat
347 4172 383 4229 ad
411 4169 605 4247 magistratum
633 4168 799 4246 iniquitatis
829 4169 1038 4245 accusandum,
1059 4184 1088 4229 et
1110 4171 1199 4247 vulgo
1222 4168 1357 4231 odiosum

171 4282 368 4353 reddendum,
390 4280 436 4340 vel
457 4279 593 4343 seditiose
615 4280 727 4342 studeat
750 4280 848 4343 invito
869 4280 1034 4358 magistratu
1055 4282 1148 4361 legem
1168 4280 1245 4340 illam
1271 4282 1356 4341 abro-
