2934 4900
200 296 257 377 164
614 291 796 356 Ethices
823 292 891 357 Pam
910 292 963 355 111.

664 488 869 533 acnuaru
882 489 919 533 m.

238 586 312 647 Haec
338 584 452 647 Mentis
478 582 613 662 affediio,
636 583 697 648 five
717 584 760 645 rei
779 582 928 663 fingularis
950 580 1137 662 imaginatio,
1158 596 1307 660 quatenus
1328 581 1388 643 sola

197 698 229 759 in
255 698 360 759 Mente
387 696 535 774 versatur,
560 711 687 760 vocatur
713 696 898 773 Admirar1'03
927 714 993 773 quae
1020 694 1041 756 fi
1069 697 1106 757 ab
1134 694 1270 772 objecto,
1302 695 1388 771 quod

197 808 349 885 timemus,
372 822 542 886 moveatur,
564 807 759 886 Consternario
779 806 905 883 dicitur,
925 806 993 884 quia
1014 806 1081 867 mali
1101 804 1267 869 Admiratio
1290 805 1387 867 homi·

196 939 263 982 nem
293 917 460 997 suspensum
489 920 521 982 in
551 918 613 983 sola
642 920 687 982 sui
717 918 970 997 contemplatione
1001 918 1043 981 ita
1072 934 1171 997 tenet,
1200 933 1234 982 ut
1263 921 1301 980 de
1322 916 1388 979 aliis

197 1030 327 1111 cogitare
354 1050 415 1094 non
443 1033 558 1109 valeat,
583 1031 692 1110 quibua
718 1030 791 1095 illud
818 1033 924 1093 malum
951 1028 1045 1094 vitare
1072 1028 1177 1108 posset.
1217 1031 1274 1091 Sed
1295 1028 1317 1089 ss
1340 1028 1389 1107 id,

197 1146 280 1222 quod
300 1143 484 1221 admiramur,
503 1143 540 1205 iit
558 1144 686 1206 hominis
705 1142 830 1221 alicuius
848 1141 1020 1220 prudentia,
1036 1141 1190 1219 industria,
1208 1144 1256 1206 vel
1275 1140 1392 1220 aliquid

196 1254 381 1334 hujusmodi,
400 1255 471 1334 quia
491 1274 529 1318 eo
549 1250 614 1333 ip'so
634 1254 783 1319 hominem
800 1254 889 1317 nobis
907 1255 994 1335 longe
1012 1256 1186 1317 antecellere
1205 1255 1391 1331 contempla-

197 1384 278 1445 mur,
308 1383 371 1430 rum
401 1367 567 1430 Admiratio
595 1384 724 1431 vocatur
756 1369 933 1443 Venerario;
964 1366 1035 1429 aliar
1065 1367 1198 1443 Horror,
1217 1364 1239 1426 fi
1259 1364 1392 1427 hominis

197 1479 285 1559 iram,
305 1479 462 1559 invidiam,
482 1496 539 1544 etc.
561 1482 742 1545 admiramur.
773 1480 906 1559 Deinde,
928 1480 948 1541 ss
968 1478 1114 1557 hominia,
1135 1498 1222 1557 quem
1242 1497 1392 1555 amamus,

197 1593 399 1671 prudentiam,
424 1592 609 1668 industriam,
636 1608 693 1655 etc.
721 1592 910 1669 admiramur,
935 1593 1029 1655 Amor
1049 1610 1086 1655 eo
1108 1592 1173 1670 ipso
1202 1592 1277 1673 (per
1296 1592 1390 1671 Prop.

200 1704 357 1784 munius)
379 1703 471 1782 maior
490 1703 562 1781 erit,
582 1719 614 1767 ct
633 1705 713 1766 hunc
730 1705 870 1767 Amorem
890 1702 1089 1768 Admirationi
1110 1702 1170 1766 ssve
1190 1702 1389 1765 venerationi

193 1816 327 1895 junctum
352 1818 538 1879 Deuotionem
563 1834 716 1879 vocamur.
753 1817 793 1879 Et
821 1820 858 1878 ad
878 1816 957 1878 hunc
978 1819 1098 1880 modum
1119 1814 1276 1891 concipere
1297 1814 1389 1877 etiam

197 1925 346 2004 poffumua
375 1928 501 2005 Odium,
526 1929 631 2005 Spem,
649 1926 861 2004 Securitatem,
881 1942 912 1989 et
933 1926 1008 1988 alios
1030 1926 1165 1990 Ancum
1185 1923 1389 1988 Admirationi

193 2038 432 2117 iuniioa3atque
441 2041 516 2102 adeo
526 2041 625 2117 plures
634 2040 770 2105 Affedius
781 2042 926 2102 deducere
937 2039 1113 2118 poterimus,
1123 2058 1210 2118 quam
1221 2039 1273 2117 qui
1283 2058 1387 2117 recep·

197 2150 237 2211 tir
248 2149 401 2213 vocabulia
410 2149 532 2212 indicari
543 2151 647 2214 solent.
658 2153 749 2215 Unde
757 2167 889 2229 apparet,
897 2151 1064 2216 Affeciuum
1073 2152 1190 2215 nomina
1199 2152 1320 2217 inventa
1328 2151 1386 2213 effe

197 2263 288 2343 magia
308 2282 347 2325 ex
366 2280 467 2326 corum
487 2265 601 2344 vulgari
621 2262 693 2342 usu,
712 2282 800 2343 quam
820 2284 858 2326 ex
874 2265 1034 2328 eorundem
1052 2282 1187 2327 accurata
1202 2264 1385 2344 cognitione.

236 2376 434 2440 Admirationi
454 2377 619 2456 opponitur
640 2378 836 2461 Contemptus,
859 2376 944 2458 cujus
962 2394 1058 2441 tamen
1075 2377 1160 2440 causa
1178 2378 1241 2439 haec
1258 2380 1384 2456 plerum·

197 2508 256 2568 que
276 2490 331 2568 est,
351 2493 434 2569 quod
453 2490 493 2552 sc.
513 2510 552 2553 cx
571 2509 624 2570 eo,
645 2495 727 2569 quod
748 2492 873 2570 aliquem
894 2510 953 2553 rem
971 2491 1096 2570 aliquam
1113 2490 1383 2568 admirari,amare,

196 2618 344 2679 metuere,
373 2617 431 2664 etc.
463 2603 612 2681 videmus,
642 2605 692 2667 vel
718 2622 757 2666 ex
784 2622 838 2680 eo,
863 2606 945 2682 quod
965 2622 1010 2666 rea
1030 2603 1128 2681 aliqua
1148 2601 1243 2680 primo
1264 2602 1382 2680 aspectu

197 2730 319 2792 apparet
334 2713 432 2776 similia
451 2718 557 2792 rebua,
576 2734 650 2794 quaa
671 2716 860 2788 admiramur,
880 2735 1024 2793 amamus,
1044 2715 1287 2794 metuimua,etc.
1309 2715 1382 2798 (per

195 2829 285 2908 Prop.
308 2839 354 2904 15.
380 2828 530 2905 comesus
559 2828 662 2890 Coroll.
689 2842 718 2890 er
744 2831 834 2909 Prop.
861 2843 910 2906 27.
938 2827 1057 2908 hujus),
1087 2828 1313 2890 determinamur
1344 2833 1379 2890 ad

196 2942 317 3003 candem
335 2957 395 3002 rem
414 2939 626 3019 admirandum,
646 2943 814 3018 amandum,
834 2942 1023 3003 metuendum
1040 2957 1096 3002 etc.
1118 2941 1176 3002 Sed
1193 2939 1214 3002 sa
1232 2959 1270 3002 cx
1290 2939 1380 3018 ipfiur

195 3051 237 3113 rei
267 3050 436 3128 praesentia,
466 3053 516 3116 vel
545 3052 727 3116 accuratiore
757 3052 1027 3130 contemplatione,
1053 3052 1085 3114 id
1113 3071 1199 3116 omne
1220 3055 1380 3116 decadem

195 3180 300 3242 nepam
320 3180 468 3242 cogamur,
494 3166 578 3241 quod
605 3167 691 3227 causa
716 3163 947 3240 Admirationis,
966 3164 1101 3242 Amoris,
1121 3165 1224 3228 Metus
1245 3181 1303 3228 etc.
1325 3164 1380 3227 eise

194 3272 307 3349 potest,
332 3289 396 3336 rum
422 3274 510 3336 Mena
537 3293 576 3336 ex
601 3274 664 3352 ipsa
690 3276 732 3338 rei
760 3275 912 3354 praesentia
941 3275 1031 3356 magis
1059 3277 1096 3338 ad
1116 3295 1149 3338 ea
1172 3275 1381 3356 cogitandum,

195 3402 261 3461 quae
282 3383 312 3446 in
333 3384 452 3464 objecto
479 3403 540 3448 non
565 3386 650 3464 sunt,
671 3406 758 3465 quam
779 3407 845 3466 quae
865 3387 896 3450 in
916 3387 981 3465 ipso
1003 3388 1086 3465 sunt,
1108 3388 1299 3451 determinata
1321 3409 1380 3451 ma-

196 3511 264 3574 net;
295 3515 362 3560 cum
392 3514 489 3561 tamen
520 3515 624 3562 contra
655 3519 693 3562 cx
720 3500 829 3578 objecti
857 3499 1009 3578 prasentia
1029 3500 1061 3563 id
1081 3500 1229 3578 praecipue
1250 3503 1380 3583 cogitare

195 3604 304 3684 soleat,
325 3613 407 3686 quod
427 3609 458 3672 in
478 3610 598 3689 objedio
619 3612 670 3673 cii
694 3613 787 3675 Porro
807 3611 882 3674 ficut
902 3613 1037 3675 Devotio
1059 3632 1097 3676 ex
1117 3613 1175 3691 rei,
1195 3633 1281 3692 quam
1304 3635 1380 3678 ama-

195 3735 277 3794 mus,
303 3719 523 3799 Admiratione,
550 3721 587 3784 fic
613 3723 719 3802 Irrs'fio
747 3741 785 3784 ex
811 3722 853 3785 rei
859 3767 870 3800 ,
893 3741 980 3802 quam
1002 3724 1119 3787 odimur
1138 3728 1187 3788 vel
1207 3728 1383 3804 metuimus,

195 3827 379 3905 Contempto
399 3831 510 3910 oritur,
536 3849 568 3896 et
587 3836 765 3912 mengnano
785 3855 823 3898 ex
843 3835 973 3898 stultitiae
994 3835 1194 3916 Contemptu,
1214 3837 1298 3901 sicuti
1319 3841 1382 3900 Ve-

195 3942 308 4004 neratio
326 3961 364 4006 ex
379 3944 584 4008 Admiratione
601 3947 776 4024 prudentia.
797 3947 948 4012 Possumus
967 3949 1094 4028 denique
1111 3951 1266 4027 Amorem,
1282 3953 1383 4028 Spem,
1437 4033 1438 4036 Ἴ

195 4051 341 4130 Gloriam,
361 4069 393 4117 et
412 4054 487 4118 alios
506 4056 640 4121 Affectus
657 4057 777 4136 junstos
798 4058 994 4136 Contemptui
1011 4061 1181 4140 concipere,
1201 4077 1291 4139 atque
1311 4063 1382 4126 inde
1413 4108 1427 4161 ¹.

194 4163 270 4226 alios
289 4181 429 4241 praeterea
445 4166 579 4230 Affediua
596 4171 759 4247 deducere,
776 4188 853 4247 quoa
874 4169 961 4232 ctiam
983 4171 1064 4234 nudo
1085 4171 1219 4252 lingulati
1230 4175 1382 4237 vocabulo
1436 4163 1437 4166 ¹

195 4279 232 4340 ab
251 4276 316 4338 aliis
336 4277 512 4357 distinguere
533 4279 668 4342 solemus.
