2934 4900
379 368 691 434 Emendatione
722 370 968 442 Tractatua.
1232 377 1264 429 at

76 544 169 603 modo
200 559 351 619 nunquam
382 544 418 603 ad
451 540 513 605 veri
543 538 760 620 cognitionem,
788 538 848 600 imo
876 541 912 602 ad
940 540 1046 601 nautam
1067 538 1266 618 cognitionem

76 652 292 728 perveniretur.
333 653 402 715 Hoc
421 668 494 715 veto
516 654 619 713 eodem
641 653 731 712 modo
753 650 910 727 sehabet,
931 670 965 712 ac
985 652 1014 711 se
1034 650 1143 711 habent
1164 649 1267 711 instru-

76 778 178 825 menta
208 782 368 841 corporea,
398 763 450 825 ubi
482 767 586 826 eodem
618 765 707 825 modo
740 762 843 824 liceret
875 761 1077 841 argumentari.
1117 762 1213 835 Nam,
1233 774 1268 820 ut

79 876 190 937 ferrum
217 878 358 951 cudatur,
384 877 489 937 malleo
517 894 593 952 opus
621 874 679 950 est,
699 890 729 935 et
751 890 784 936 ua
806 875 925 936 malleus
944 874 1101 948 habeatur,
1121 890 1185 934 eum
1206 871 1268 932 lieri

79 988 228 1051 neceli'um
256 990 312 1065 eli3
339 992 376 1051 ad
405 990 488 1065 quod
516 987 574 1051 alio
602 988 706 1049 malleo
734 986 855 1064 aliisque
882 984 1077 1047 instrumentis
1105 1001 1182 1060 optat
1211 980 1269 1054 est,

80 1120 150 1178 quae
172 1100 260 1162 etiam
280 1116 313 1163 ut
333 1101 506 1177 habeantur,
524 1098 588 1161 aliia
609 1117 685 1176 opus
706 1098 761 1159 erit
781 1096 992 1171 instrumentis,
1011 1111 1043 1157 et
1063 1093 1100 1155 sac
1121 1094 1151 1155 in
1172 1092 1268 1154 inlini·

79 1230 164 1289 tum;
185 1230 216 1274 et
236 1212 293 1275 hoc
314 1215 405 1275 modo
425 1212 527 1274 frustra
547 1210 653 1288 aliquis
674 1212 798 1287 probare
819 1225 988 1283 conaretur,
1009 1206 1142 1270 homines
1161 1206 1268 1266 nuliam

77 1326 190 1385 habere
211 1325 384 1402 potestatem
405 1325 511 1386 ferrum
533 1322 669 1385 cudendi.
690 1324 748 1384 Sed
769 1323 1012 1399 quemadmodum
1028 1318 1162 1381 homines
1179 1315 1267 1377 initio

78 1436 192 1498 innatis
219 1436 415 1497 instrumentis
443 1438 573 1512 quaedam
602 1433 754 1509 facillima,
775 1432 908 1510 quamvis
929 1430 1073 1493 laboriose
1102 1445 1131 1490 et
1162 1429 1267 1504 imper·

80 1550 175 1623 fecie,
198 1549 291 1609 facere
311 1547 487 1625 quiverunt,
507 1546 600 1623 iisqne
618 1546 761 1608 confedia
782 1546 838 1607 alia
866 1544 1029 1606 difficiliora
1046 1540 1151 1605 minori
1167 1541 1268 1601 labore

79 1676 112 1719 et
142 1658 301 1735 perfectius
328 1659 537 1731 confecerunt,
557 1672 588 1717 et
609 1656 647 1717 lic
667 1655 808 1736 gradatim
836 1656 872 1715 ab
900 1654 1040 1731 operibus
1065 1646 1269 1729 limplicillamia

79 1774 117 1833 ad
139 1771 345 1845 instrumenta,
365 1786 395 1830 et
417 1771 452 1830 ab
473 1767 668 1830 instrumentis
689 1771 725 1830 ad
746 1767 801 1829 alia
822 1785 912 1845 opera
935 1782 967 1827 et
994 1766 1180 1827 instrumenta
1201 1778 1268 1839 per·

79 1885 198 1962 gendo,
226 1901 264 1944 eo
292 1894 506 1958 pervenerunt,
527 1894 561 1942 ut
582 1894 630 1942 toa
658 1895 688 1940 et
709 1894 767 1939 tam
788 1878 917 1941 diflicilia
939 1896 1032 1954 parvo
1052 1877 1151 1937 labore
1182 1874 1267 1952 perh·

80 1996 177 2070 ciant;
211 1994 248 2055 fic
280 1992 367 2056 etiam
398 1994 562 2055 intellectus
588 1996 598 2033 ¹
633 1992 663 2054 vi
690 1992 741 2052 sua
768 1991 870 2054 nativa
898 1990 969 2051 facit
999 1988 1050 2051 sabi
1081 1988 1269 2051 instrumenta

80 2107 307 2183 intellediualia,
334 2106 443 2183 quibua
470 2106 540 2166 alias
566 2103 644 2167 vites
673 2102 797 2181 acquirit
825 2105 861 2165 ad
881 2101 936 2163 alia
956 2118 1046 2179 opera
1068 2105 1082 2141 ²
1104 2100 1267 2162 intelletib-

81 2220 153 2295 alia,
174 2236 207 2280 et
228 2238 265 2280 er
285 2218 323 2280 iia
344 2217 483 2295 operibus
509 2216 564 2278 alia
592 2214 795 2289 instrumenta,
816 2215 867 2276 seu
887 2214 1060 2293 potestatem
1081 2211 1202 2274 ulterius
1222 2208 1267 2271 in·

82 2331 263 2410 vestigandi,
290 2345 321 2392 et
348 2330 387 2392 lic
413 2327 554 2409 gradatim
579 2328 691 2408 pergit,
712 2331 808 2390 donec
828 2326 977 2403 sapientiae
997 2327 1111 2387 culmen
1132 2322 1268 2402 attingat.

82 2446 175 2524 Quod
196 2459 294 2505 autem
315 2441 478 2504 intellectus
499 2440 541 2503 ita
562 2440 621 2503 sese
642 2441 748 2503 habeat
776 2439 862 2502 facile
882 2438 937 2500 erit
958 2438 1074 2514 videre,
1101 2438 1191 2499 modo
1223 2436 1267 2498 ia-

81 2556 242 2636 telligatun
263 2554 335 2633 quid
355 2555 390 2617 lit
405 2555 568 2616 Methodus
590 2571 689 2617 verum
711 2552 921 2631 investigandi,
942 2568 972 2612 et
993 2569 1124 2628 quaenam
1145 2551 1200 2612 lint
1220 2549 1268 2610 illa

80 2671 184 2730 innata
213 2667 419 2743 instrumenta,
451 2666 558 2744 quibua
589 2681 702 2728 tantum
734 2681 801 2745 eget
833 2667 869 2726 ad
890 2663 945 2725 alia
965 2683 1003 2725 ea
1024 2663 1061 2724 iia
1082 2663 1268 2725 instrumenta

81 2780 276 2856 conficienda,
297 2795 330 2842 ut
350 2779 472 2843 ulterius
493 2784 644 2858 procedat.
665 2782 714 2842 Ad
735 2781 818 2857 quod
838 2779 1047 2841 ostendendum
1069 2777 1107 2838 sac
1127 2779 1268 2853 procedo.

120 2893 231 2954 ldea³
262 2909 331 2954 vera
358 2891 512 2970 (habenam
538 2891 614 2952 enim
642 2891 736 2952 ideam
764 2891 876 2969 umam)
904 2889 945 2950 est
972 2887 1118 2950 diversum
1149 2886 1220 2965 quid
1252 2905 1268 2948 a

82 3001 136 3062 suo
164 3000 282 3062 ideato:
310 3001 386 3062 Natu
414 2999 492 3062 aliud
520 2999 560 3061 ell
588 3001 732 3075 circulus,
759 2999 837 3061 aliud
866 2997 930 3060 idea
951 2996 1062 3059 circuli.
1102 2999 1171 3060 idea
1192 2995 1268 3058 enim

83 3109 185 3173 circuli
206 3127 267 3172 non
288 3111 329 3172 cst
349 3109 476 3188 aliquid,
497 3111 607 3172 habena
625 3110 815 3187 peripheriam
840 3125 871 3172 et
898 3125 1046 3185 centrum,
1064 3109 1110 3171 uti
1126 3107 1268 3182 circulus,

82 3241 137 3283 nec
158 3221 225 3284 idea
245 3221 379 3300 corporis
400 3223 440 3283 eli
461 3221 554 3300 ipsum
576 3239 703 3300 corpur:
725 3237 756 3283 et
777 3240 842 3284 cum
863 3221 899 3282 lit
920 3220 992 3299 quid
1011 3220 1156 3284 diversum
1178 3239 1194 3280 a
1214 3220 1268 3282 suo

82 3333 201 3406 ideato,
229 3333 284 3395 etit
312 3333 400 3396 etiam
428 3351 480 3410 per
502 3334 531 3395 se
552 3334 661 3412 aliquid
690 3333 889 3412 intelligibile3
909 3333 968 3394 hoc
989 3333 1046 3407 est,
1066 3333 1148 3407 idea,
1168 3334 1267 3410 quoad

82 3444 161 3506 suam
185 3441 332 3506 eii'entiam
359 3446 526 3521 formalem,
552 3446 649 3522 potest
678 3444 732 3507 elie
762 3444 906 3522 objectum
927 3443 1047 3506 alteriue
1066 3442 1192 3505 ellentiae
1213 3443 1268 3503 ob·

77 3555 219 3634 iectivae,
249 3571 280 3618 et
310 3557 406 3618 rursus
435 3557 498 3618 laaec
529 3557 617 3618 altera
649 3557 767 3618 essentia
797 3556 944 3634 obiediva
974 3556 1029 3618 erit
1059 3555 1147 3617 etiam
1177 3555 1208 3616 in
1238 3554 1267 3616 se

83 3669 212 3746 speciata
240 3667 312 3745 quid
340 3669 415 3730 reale
443 3683 473 3729 et
494 3667 692 3746 intelligibile,
714 3685 745 3730 et
766 3667 803 3730 stc
824 3669 984 3731 indefinite.
1025 3669 1128 3730 Patrue
1158 3687 1206 3728 ex.
1225 3685 1269 3744 gt.

86 3779 128 3840 eil
146 3777 219 3856 quid
236 3780 329 3855 reale3
349 3797 418 3842 vera
438 3795 536 3842 autem
556 3779 621 3842 idea
649 3780 727 3842 Petri
748 3781 790 3842 est
810 3779 928 3842 essentia
953 3780 1031 3844 Petti
1051 3779 1220 3858 objectiva,
1240 3796 1271 3841 et

124 4043 131 4070 ¹
169 4037 218 4088 Per
242 4035 296 4088 uina
322 4036 432 4089 nativam
450 4035 565 4106 intelligo
591 4036 671 4101 illud,
696 4039 767 4102 quod
784 4037 810 4090 in
829 4037 903 4090 nobis
919 4055 933 4090 a
951 4039 1028 4092 mulia
1052 4038 1164 4091 externis
1189 4035 1271 4090 catth-

87 4133 145 4182 tur‚
160 4121 285 4185 quodque
303 4117 388 4186 polica
405 4119 430 4172 in
448 4135 502 4172 ntea
520 4120 679 4185 Philosophia
695 4121 885 4184 explicabimus.

107 4209 134 4268 ‚¹
169 4201 219 4254 llic
235 4215 362 4254 vocantur
378 4217 470 4268 opera:
489 4201 514 4255 ln
532 4217 587 4255 mea
605 4202 780 4268 Philolophla,
797 4203 858 4268 quid
876 4205 941 4266 lint,
958 4203 1133 4268 explicabitur.

124 4293 134 4318 ¹
172 4285 257 4346 Nota,
282 4285 352 4348 quod
370 4283 410 4336 hic
428 4300 478 4335 non
498 4297 593 4336 tantum
612 4286 753 4337 curabimus
778 4284 907 4338 ostendere
933 4284 977 4347 id,
1002 4285 1071 4349 quod
1097 4285 1174 4336 niodo
1199 4284 1271 4345 dixi,

87 4367 126 4422 hd
144 4366 221 4420 etiarn
239 4381 286 4418 noa
302 4369 352 4419 buc
370 4366 447 4433 usque
464 4366 530 4421 redit
549 4367 701 4434 proceffilli,
718 4381 743 4420 ct
762 4369 831 4420 hanul
847 4367 894 4419 alia
912 4367 973 4421 scitu
991 4367 1065 4420 valde
1082 4365 1221 4419 necafflrla.
