2934 4900
231 330 287 408 158
647 327 830 395 Ethicea
857 327 925 394 Pate
946 326 998 394 111.

228 509 328 590 husus)
345 509 437 572 eidem
454 510 567 585 placete
583 509 756 584 conabitur;
772 509 832 570 hoc
847 509 888 570 est
898 509 971 589 (per
981 511 1070 590 Prop,
1081 525 1130 590 41.
1141 508 1157 544 *
1167 507 1287 589 hujus),
1298 523 1445 570 eatenus

226 637 350 683 conatur
370 621 463 697 ipsum
485 622 556 684 odio
578 641 637 683 non
658 621 783 699 habere,
808 623 947 700 nullaque
967 621 1099 684 Tristitia
1120 621 1251 698 adicere;
1280 622 1336 698 qui
1362 622 1445 698 qui·

227 737 292 795 dem
313 750 438 796 conatus
460 733 531 814 (per
551 735 640 813 Prop.
663 750 711 811 37.
733 734 836 814 duy'ru)
858 734 950 812 major
971 737 1017 798 vei
1039 735 1135 795 minor
1156 734 1210 795 etit
1228 752 1282 809 pto
1305 733 1444 794 ratione

227 845 364 922 assedus,
386 865 422 907 ex
444 865 504 924 quo
528 847 637 924 oritur;
659 863 748 925 atque
768 851 843 909 adeo
864 846 886 907 st
906 847 998 924 major
1019 848 1107 909 fuerit
1128 846 1190 922 ilio,
1211 846 1262 923 qui
1283 864 1323 905 ex
1341 845 1442 906 Odio

228 958 322 1020 oritur
327 1005 338 1036 ,
359 976 389 1020 er
410 977 470 1036 quo
491 977 568 1036 tem,
589 979 674 1037 quarn
694 961 759 1022 odit
778 959 1142 1040 (perProp.26.lrujas),
1157 958 1288 1020 Tristitid
1305 959 1442 1020 afficere

228 1087 368 1148 conatur,
390 1072 417 1132 ei
437 1073 624 1149 praevalebit,
646 1090 675 1133 et
697 1073 805 1135 Odium
826 1093 864 1135 ex
885 1073 983 1134 animo
1005 1073 1125 1135 delebit.
1171 1074 1203 1149 Q.
1225 1073 1262 1132 E.
1282 1073 1325 1132 D.

586 1276 919 1337 PROPOSITIO
951 1276 1059 1336 XLIV.

270 1407 392 1478 Odium,
420 1406 496 1481 quod
518 1403 624 1464 Aaron
646 1406 733 1483 plane
754 1407 904 1479 vincitur,
924 1407 956 1462 su
977 1403 1111 1463 Amorem
1131 1401 1260 1480 transtu
1280 1415 1309 1461 et
1330 1401 1441 1462 Anror

224 1531 381 1598 propterea
400 1520 495 1595 major
515 1518 568 1596 est,
589 1535 674 1595 quom
690 1517 716 1594 ſs
738 1518 841 1577 Odium
860 1537 915 1576 nou
931 1515 1113 1597 praecefflffer.

635 1693 1022 1738 Damousruarro

268 1809 371 1866 eodem
402 1806 491 1866 modo
523 1804 658 1879 procedit
679 1822 711 1864 ac
735 1803 950 1880 Propoiitionia
971 1804 1019 1880 38.
1040 1801 1139 1879 hujus.
1172 1805 1247 1864 Nam
1268 1803 1321 1879 qui
1342 1821 1434 1876 rem,

229 1937 316 1992 quam
355 1917 439 1992 odit,
469 1916 528 1978 stve
560 1935 646 1992 quam
678 1935 743 1978 cum
776 1916 907 1977 Tristitia
939 1915 1130 1991 contemplari
1161 1914 1291 1989 solebat,
1323 1933 1432 1975 amare

228 2029 349 2106 incipit,
371 2047 408 2090 eo
430 2029 508 2104 ipso,
529 2031 611 2106 quod
631 2046 726 2103 amat,
752 2031 885 2103 letatur,
905 2043 935 2088 et
956 2028 1025 2089 huic
1045 2026 1191 2101 Latitiae,
1220 2045 1307 2102 quam
1327 2029 1435 2088 Amor

229 2141 358 2204 involvit
380 2141 461 2218 (vide
478 2143 540 2219 osias
556 2141 649 2221 Defin.
665 2145 696 2200 r'u
712 2139 806 2200 Sestos.
819 2140 908 2219 Prop.
923 2157 969 2215 13.
980 2138 1099 2217 hujus),
1115 2139 1162 2200 ilia
1181 2137 1269 2200 etiarn
1287 2138 1432 2211 accedit,

229 2273 294 2330 qua
317 2271 354 2314 ert
375 2272 412 2314 eo
434 2254 542 2328 oritur,
571 2256 651 2330 quod
674 2269 800 2314 conatus
820 2252 977 2315 amovendi
999 2251 1177 2324 Tristitiam,
1202 2268 1289 2326 quam
1311 2249 1430 2310 Odium

228 2365 358 2428 involvit
387 2365 433 2444 (ut
460 2371 492 2425 in
519 2367 608 2443 Prop.
637 2382 685 2441 37.
711 2365 800 2442 hujus
826 2365 1024 2444 ostendimus),
1052 2361 1170 2439 prorsus
1187 2361 1327 2438 juvatur,
1347 2380 1429 2422 con·

229 2478 390 2539 comitante
412 2478 476 2540 idea
498 2478 561 2554 ejus
568 2524 577 2554 ,
599 2497 685 2555 quem
707 2479 780 2540 odio
800 2478 922 2552 habuit,
941 2494 1081 2554 tanquam
1102 2475 1197 2537 causa.

695 2656 952 2699 scuoaluu.

269 2767 412 2850 Quamvis
443 2786 488 2827 res
519 2766 559 2827 ita
591 2766 620 2826 se
647 2766 772 2840 habeat,
803 2783 888 2825 nemo
917 2781 1014 2827 tamen
1035 2764 1193 2825 conabitur
1212 2771 1271 2823 rem
1293 2761 1429 2839 aliquam

229 2880 300 2942 odio
328 2881 453 2955 babere,
473 2880 520 2940 vel
541 2877 671 2939 Tristitia
694 2877 787 2952 affici,
816 2894 849 2939 ur
871 2877 973 2954 majori
993 2877 1047 2937 hac
1070 2874 1188 2937 Laetitia
1211 2876 1342 2949 fruatut3
1365 2875 1430 2936 hoc

228 2992 284 3069 est,
306 3010 392 3053 nemo
413 2990 462 3067 spe
484 2994 619 3052 damnum
641 2990 853 3067 recuperandi,
875 2993 1010 3051 damnum
1031 2988 1084 3048 srbi
1105 2986 1203 3049 inserti
1226 2986 1347 3062 cupiet.
1370 3006 1431 3047 nec

229 3120 369 3183 aegrotare
397 3102 569 3165 desiderabit
598 3100 647 3177 spe
677 3100 911 3162 convalescendi.
939 3102 1014 3162 Nam
1037 3097 1239 3175 unusquisque
1259 3096 1342 3157 suum
1367 3097 1430 3157 esic

229 3215 417 3289 conservate,
438 3229 467 3276 et
485 3214 661 3289 Tristitiant,
680 3230 823 3290 quantum
843 3212 956 3288 potest,
975 3230 1111 3275 amovere
1129 3210 1240 3285 semper
1255 3208 1431 3271 conabitur.

229 3330 320 3410 Quod
341 3326 361 3387 st
383 3344 485 3387 contra
514 3326 631 3402 concipi
662 3326 774 3402 posset,
802 3324 950 3385 hominem
971 3324 1050 3400 posse
1072 3341 1179 3399 cupere
1200 3321 1327 3398 aliquem
1349 3322 1429 3381 odio

228 3441 351 3515 habere,
372 3455 406 3500 ut
427 3458 492 3500 eum
514 3439 614 3514 postea
636 3437 738 3515 majori
759 3455 857 3499 amore
880 3437 1089 3513 prosequatur,
1117 3450 1179 3496 tum
1201 3437 1326 3496 eundem
1348 3435 1428 3495 odio

228 3552 333 3612 habere
362 3551 471 3627 semper
499 3551 681 3613 desiderabit.
713 3524 790 3611 Nam
817 3568 878 3626 quo
900 3550 1007 3611 Odium
1029 3548 1123 3625 majus
1144 3548 1250 3622 suerit,
1270 3564 1307 3607 eo
1329 3549 1430 3607 Amor

229 3664 282 3725 erit
304 3664 411 3740 major,
432 3681 521 3741 atque
543 3667 617 3725 adeo
639 3662 813 3724 desiderabit
836 3662 963 3737 semper,
986 3678 1020 3721 ut
1038 3661 1146 3722 Odium
1165 3659 1256 3737 magis
1273 3658 1428 3736 magisque

230 3786 386 3853 augeatur,
407 3791 436 3835 et
457 3779 556 3837 eadem
576 3778 611 3836 de
631 3775 715 3835 causa
735 3776 825 3835 homo
842 3774 933 3852 magis
948 3792 981 3833 ac
997 3771 1087 3851 magia
1098 3787 1239 3850 aegrotare
1250 3770 1428 3845 conabitur,

231 3904 264 3948 ut
283 3886 384 3963 majori
403 3886 523 3947 Laetitia
541 3905 578 3946 ex
598 3886 779 3948 restauranda
797 3886 967 3947 valetudine
985 3884 1427 3959 posteasruatu15atqueadeo

230 3999 342 4075 semper
362 4014 501 4078 aegrotare
523 3998 695 4075 conabitur,
717 4001 800 4075 quod
821 3998 894 4078 (per
913 3998 1003 4072 Prop.
1023 3998 1053 4057 6.
1072 3996 1173 4075 bajus)
1194 3994 1236 4056 esi
1256 3980 1426 4057 a'tbsurdum.

234 4244 511 4257 ffl—

265 4356 277 4385 ·
313 4354 441 4417 Schmidt,
458 4356 600 4406 Auetbnch.
616 4382 649 4391 -
666 4353 713 4405 Ed.
731 4355 784 4404 Pa:
802 4368 846 4415 40.
