2934 4900
669 307 913 368 Tractatur

633 534 817 597 CAPUT
847 533 946 598 XVII.

194 731 376 809 ostenditur,
402 734 538 790 neminem
562 733 658 789 omnia
682 733 715 788 e'n
742 729 884 789 Summam
909 728 1080 808 Potestatem
1109 728 1279 806 transferre
1294 726 1390 807 poffe,

232 861 283 902 nec
301 843 353 921 effe
372 844 483 922 neceffe.
509 844 556 904 De
575 843 736 922 Republica
766 842 971 916 Hebraeorum,
992 844 1088 919 qualis
1109 842 1209 918 suerit
1229 845 1350 900 vivente

273 954 375 1032 Mose,
402 957 499 1033 qualis
520 956 583 1035 post
607 956 669 1031 ejus
695 969 831 1033 mortem,
857 968 1011 1032 antequam
1038 956 1132 1031 Reges
1152 955 1308 1030 elegerint,

313 1069 401 1144 deque
420 1067 481 1144 ejus
502 1068 677 1148 prestantia
687 1091 701 1141 ‚·
725 1082 754 1128 et
774 1069 895 1144 dem'que
915 1070 949 1126 de
969 1068 1059 1146 caufis
1079 1087 1131 1127 cur
1153 1069 1267 1147 Respu-

354 1181 430 1241 blica
460 1183 564 1240 divina
593 1185 734 1256 interire,
764 1194 794 1240 et
820 1184 877 1239 vix
905 1180 1015 1258 absque
1034 1181 1228 1258 seditionibus

627 1293 781 1372 fubfistere
806 1296 947 1372 potuerit.

238 1486 460 1564 Contemplatio
489 1487 683 1563 precedentis
711 1485 828 1562 Capitis
856 1489 892 1548 de
918 1486 985 1564 jure
1013 1485 1182 1547 summarum
1211 1485 1392 1561 potestatum

196 1600 227 1661 in
248 1601 363 1676 omnia,
393 1602 489 1676 deque
515 1599 582 1676 iure
613 1599 740 1660 naturali
772 1597 1000 1675 uniuscujusque
1029 1598 1059 1658 in
1087 1599 1203 1658 easdem
1234 1597 1393 1672 transsum,

197 1711 333 1789 quumvis
353 1728 419 1772 cum
440 1711 523 1786 praxi
544 1729 605 1772 non
626 1728 727 1787 parum
751 1710 911 1775 conveniat
917 1725 970 1788 ‚et
980 1709 1079 1786 praxis
1101 1709 1142 1770 itu
1162 1707 1274 1770 institui
1296 1709 1393 1784 ponit,

196 1840 232 1885 ut
253 1825 291 1884 ad
310 1825 431 1884 eundem
452 1822 543 1903 mugit
564 1822 709 1901 armagis
731 1825 870 1901 accedat,
891 1840 1041 1899 nunquam
1062 1839 1159 1884 tamen
1180 1822 1247 1898 fiet,
1269 1820 1341 1898 quin
1361 1821 1390 1879 in

198 1936 298 1998 multis
318 1955 394 1998 mere
415 1935 580 1997 theoretica
601 1950 726 1996 maneat.
755 1937 831 1996 Nam
853 1953 939 1996 nemo
961 1953 1089 2013 unquam
1109 1934 1188 1996 suum
1210 1933 1393 2010 potentiam,

197 2064 229 2110 et
250 2048 466 2125 consequenter
493 2065 590 2125 neque
618 2046 700 2108 suum
717 2047 787 2124 jus,
808 2047 850 2108 ita
871 2047 901 2108 in
923 2047 1010 2108 alium
1032 2047 1187 2124 transferre
1206 2046 1337 2124 poterit,
1358 2062 1393 2106 ur

197 2160 289 2222 homo
317 2160 372 2220 elie
400 2158 527 2236 definat3
554 2177 609 2219 nec
637 2158 704 2220 talis
731 2160 790 2220 ulla
819 2158 927 2220 summa
956 2159 1086 2236 potestas
1108 2177 1235 2236 unquam
1256 2159 1394 2232 dabitur,

199 2289 265 2348 quae
295 2271 409 2346 omnia,
436 2271 533 2333 itaut
555 2271 638 2346 vult,
658 2270 767 2348 exequi
787 2271 883 2348 poffit.
924 2271 1036 2332 Frustra
1058 2271 1135 2333 enim
1157 2271 1276 2332 subdito
1298 2270 1393 2345 impe·

199 2396 291 2459 niret,
313 2380 447 2443 utillum
468 2381 540 2442 odio
561 2381 686 2460 habeat,
707 2382 760 2459 qui
781 2399 848 2442 eum
868 2381 921 2442 srbi
941 2380 1088 2442 beneficio
1105 2381 1225 2459 junxit;
1244 2395 1277 2442 ut
1296 2394 1397 2457 amet,

199 2496 251 2573 qui
279 2496 306 2556 ei
333 2496 469 2556 damnum
496 2495 614 2573 intulit;
642 2511 676 2556 ut
705 2494 894 2557 contumeliis
922 2512 982 2556 non
1012 2493 1196 2570 offendatur;
1218 2508 1251 2553 ut
1273 2510 1289 2553 a
1311 2506 1394 2551 metu

198 2608 314 2669 liberari
340 2625 402 2669 nott
430 2608 548 2685 cupiat;
576 2622 607 2669 et
635 2609 691 2670 aliu
711 2608 887 2685 perplurima
917 2607 1102 2683 hujusmodi,
1133 2624 1199 2684 quae
1221 2624 1258 2666 ex
1277 2604 1395 2683 legibus

199 2720 332 2783 humane
352 2734 464 2781 naturae
484 2718 641 2791 necelstrio
662 2720 835 2797 sequuntur.
875 2721 977 2797 Atque
998 2720 1057 2781 hoc
1079 2717 1168 2795 ipsam
1190 2718 1278 2779 etiam
1301 2735 1395 2792 expe-

200 2833 332 2895 rientiam
361 2832 506 2893 clariffime
534 2835 640 2895 docere
669 2831 821 2909 existim0;
843 2851 908 2893 nam
930 2849 1078 2909 nunquam
1099 2830 1234 2892 homines
1253 2829 1307 2891 suo
1326 2828 1396 2906 jure

201 2946 243 3007 ira
270 2944 428 3022 cefferum,
456 2944 593 3023 suumque
622 2945 788 3021 potentiam
816 2944 846 3005 in
875 2944 961 3007 alium
992 2944 1033 3005 ita
1054 2944 1277 3020 transtulerunt,
1300 2959 1334 3004 ut
1358 2946 1396 3002 ab

201 3058 239 3118 iis
258 3058 344 3135 ipis,
363 3056 416 3135 qui
437 3074 537 3118 eorum
554 3056 605 3133 jus
626 3070 656 3117 et
678 3056 843 3132 potentiam
864 3072 1059 3133 acceperunt,
1081 3074 1142 3118 non
1163 3056 1353 3131 timerentur,
1365 3069 1396 3114 et

202 3168 353 3245 imperium
385 3187 446 3230 non
477 3168 568 3247 magis
599 3184 721 3245 propter
752 3167 852 3244 cives,
883 3186 1049 3245 quanquam
1077 3166 1130 3228 suo
1155 3166 1222 3244 jure
1242 3166 1397 3242 privatos,

203 3298 291 3357 quam
311 3296 433 3356 propter
452 3279 552 3340 hostes
571 3280 797 3356 periclitaretur.
818 3280 858 3340 Et
879 3279 967 3355 sane,
988 3278 1009 3339 fi
1029 3278 1163 3340 homines
1180 3277 1247 3355 jure
1268 3277 1321 3338 suo
1343 3295 1396 3338 nn·

204 3391 290 3452 rutuli
310 3391 352 3452 ita
372 3390 481 3467 privari
502 3388 634 3467 pnlsent,
654 3408 689 3452 ut
710 3388 783 3453 nihil
804 3390 834 3453 in
863 3391 1009 3467 posterum
1030 3388 1148 3467 possent
1169 3391 1195 3467 *,
1215 3388 1268 3450 nist
1289 3390 1396 3451 volen-

204 3502 285 3563 tibur
315 3502 370 3577 iis,
404 3502 456 3579 qui
490 3501 654 3578 supremum
691 3505 745 3583 Jus
777 3503 984 3577 retinuerunt,
1015 3518 1077 3563 tum
1108 3502 1243 3578 profesto
1274 3500 1397 3577 impune

205 3614 405 3678 violentiffime
435 3615 467 3675 in
497 3613 633 3677 subditos
663 3632 782 3695 regnare
814 3614 932 3691 liceret;
963 3616 1045 3692 quod
1074 3612 1182 3675 nemini
1209 3612 1239 3674 in
1268 3628 1398 3674 mentem

205 3726 305 3791 venire
333 3724 415 3803 poue
443 3728 541 3788 credo.
582 3728 682 3809 Quare
709 3728 951 3802 concedendum,
971 3743 1209 3803 unumquemque
1231 3725 1321 3786 multa
1342 3724 1398 3785 sibi

206 3840 249 3903 sui
267 3838 342 3917 juris
361 3837 522 3915 reservare,
542 3858 609 3916 quae
637 3855 794 3917 propterea
815 3859 830 3899 a
852 3837 960 3901 nullius
988 3840 1124 3915 decreto,
1148 3836 1196 3898 sed
1217 3856 1234 3897 a
1255 3837 1309 3898 suo
1330 3837 1398 3899 solo

206 3954 346 4029 pendent.
386 3951 543 4027 Attamen,
571 3969 606 4015 ut
633 3956 708 4015 reste
738 3950 934 4037 intelligatur,
965 3950 1121 4029 quousque
1150 3950 1263 4025 imperii
1286 3951 1338 4029 ius
1368 3967 1399 4013 et

206 4065 337 4141 potestas
356 4064 386 4125 se
406 4068 566 4142 extendat,
586 4067 767 4141 notandum,
790 4063 903 4141 imperii
933 4065 1107 4140 potestatem
1129 4082 1189 4127 non
1211 4065 1240 4126 in
1263 4083 1301 4125 eo
1323 4084 1399 4142 prte-

241 4313 255 4340 ·
289 4308 331 4359 Cf.
347 4311 446 4361 Annot·
462 4312 567 4362 XXXV.
