2934 4900
223 363 281 441 438
700 356 939 413 Tractatus

222 536 291 595 Hoc
311 548 408 594 autem
428 532 579 607 imperium
608 528 709 590 Moses
738 527 822 587 facile
849 526 973 586 retinere
995 524 1113 601 potuit,
1136 524 1205 600 quia
1227 522 1333 585 divina
1355 523 1416 585 vir·

221 662 288 708 tute
320 646 403 722 supra
434 661 557 705 caeteros
588 643 768 716 excellebat,
790 655 820 700 et
842 638 870 698 se
893 657 955 699 eam
976 638 1082 697 habere
1111 636 1224 712 populo
1253 634 1419 711 persualit,

222 758 378 835 multisque
405 754 578 817 testimoniis
606 752 734 813 ostendit
757 750 839 829 (vide
861 748 961 810 Exodi
983 766 1046 823 cap.
1072 764 1116 826 14„
1139 744 1212 809 vers.
1234 745 1364 817 ultimo,
1388 762 1418 803 et

223 891 287 946 cap.
311 888 355 948 19.
378 869 449 931 vers.
470 874 531 947 9.);
551 867 577 926 is
597 866 715 942 itaque,
737 863 849 926 virtute
872 881 930 938 qua
952 862 1083 936 pollebat
1105 858 1226 933 divina,
1244 858 1312 933 jura
1338 876 1416 916 con-

223 984 317 1044 stituit
348 998 378 1043 et
409 983 523 1058 populo
558 976 739 1055 praescripsit.
780 978 823 1036 At
844 974 874 1034 in
896 973 932 1034 iis
961 971 1097 1034 summam
1129 988 1225 1031 curam
1257 970 1360 1048 gellit,
1385 986 1420 1029 nt

223 1098 352 1173 populus
373 1114 434 1155 non
456 1110 514 1154 tam
536 1108 617 1153 metu
638 1109 724 1167 quam
746 1087 852 1164 sponte
873 1086 956 1148 suum
977 1085 1106 1147 officium
1128 1084 1251 1159 faceret;
1270 1086 1309 1144 ad
1332 1086 1418 1158 quod

222 1210 285 1270 haec
306 1210 367 1269 duo
389 1225 453 1267 eum
482 1204 604 1266 maxime
633 1204 798 1281 cogebant,
824 1198 927 1275 populi
949 1197 1059 1258 scilicet
1080 1196 1227 1275 ingenium
1249 1210 1419 1256 contumax

224 1321 321 1400 (quod
351 1320 410 1381 sola
442 1318 472 1381 vi
504 1316 571 1396 cogi
601 1334 662 1376 non
694 1312 837 1391 patitur),
870 1326 899 1371 et
930 1310 1038 1370 instans
1069 1310 1192 1383 bellum,
1221 1306 1289 1382 ubi,
1311 1322 1349 1367 ut
1371 1324 1419 1365 res

223 1434 361 1512 prospere
382 1434 502 1507 cedant,
523 1428 630 1490 milites
650 1427 741 1505 magis
762 1424 887 1498 hortari,
909 1440 995 1499 quam
1014 1420 1108 1497 poenis
1127 1435 1156 1480 et
1175 1418 1259 1479 minis
1277 1418 1417 1479 territare

224 1546 336 1609 necelle
358 1546 414 1605 est:
436 1543 474 1605 src
496 1542 572 1603 enirn
594 1538 793 1617 unusquisque
815 1536 906 1615 magis
928 1535 1023 1596 studet
1045 1534 1156 1597 virtute
1175 1548 1205 1593 et
1223 1532 1416 1611 magnanimi-

224 1675 286 1721 tate
314 1657 402 1719 animi
430 1658 553 1732 clarere,
581 1672 667 1730 quarn
695 1630 868 1727 supplicium
897 1663 1011 1709 tantum
1034 1646 1137 1709 vitare.
1178 1648 1242 1707 Hac
1263 1646 1358 1725 igitur
1380 1650 1416 1706 de

162 1748 166 1753 ⁷
225 1771 310 1833 causa
331 1769 433 1831 Moses
461 1767 572 1830 virtute
594 1782 624 1826 et
641 1761 720 1841 jussu
750 1762 853 1824 divino
876 1760 1046 1839 religionem
1069 1759 1099 1819 in
1121 1759 1346 1835 Rempublicam
1370 1759 1414 1818 in·

224 1880 377 1955 troduxit,
404 1894 438 1939 ut
465 1876 595 1954 populus
623 1893 684 1935 non
704 1889 765 1934 tarn
787 1891 824 1933 ex
846 1888 927 1933 metu
947 1890 1033 1948 quam
1056 1870 1219 1933 devotione
1240 1871 1324 1931 suurn
1346 1872 1413 1931 offi-

225 1991 301 2052 cium
323 1990 441 2051 faceret.
482 1986 597 2048 Deinde
619 2003 672 2046 eos
692 1982 843 2044 beneficiis
865 1982 1030 2061 obligavit,
1051 1998 1082 2043 et
1102 1982 1247 2045 divinitus
1268 1984 1360 2043 multa
1384 1984 1414 2043 in

225 2105 356 2164 loturum
384 2098 532 2177 promisit,
560 2116 614 2158 nec
641 2098 721 2175 leges
744 2097 899 2157 admodum
920 2094 1035 2157 severas
1057 2094 1197 2171 sancivit;
1220 2098 1302 2171 quod
1323 2094 1413 2155 unus-

228 2212 368 2289 quisque,
395 2210 446 2287 qui
474 2208 510 2270 iis
538 2208 664 2282 studuit,
688 2207 773 2268 facile
794 2206 881 2268 nobis
903 2209 1065 2285 concedet,
1088 2208 1234 2284 praecipue
1255 2206 1276 2266 [ι
1297 2210 1334 2269 ad
1355 2206 1412 2267 cir-

213 2322 430 2398 cumstantias,
450 2340 515 2399 quae
537 2324 574 2382 ad
595 2320 719 2397 aliquem
740 2338 820 2380 reum
842 2320 1036 2381 damnandum
1058 2320 1292 2398 requirebantur,
1313 2335 1412 2380 atten-
1448 2348 1449 2394 ι

225 2436 311 2500 derit.
352 2434 505 2512 Denique,
527 2449 561 2495 ut
582 2435 728 2511 populus,
750 2432 801 2511 qui
824 2432 866 2495 sui
884 2432 959 2510 juris
982 2433 1120 2496 ellenon
1141 2449 1281 2511 poterat,
1302 2435 1338 2494 ab
1360 2453 1412 2494 ore

224 2547 393 2624 imperantis
424 2549 583 2624 penderet,
615 2546 688 2606 nihil
716 2546 886 2608 hominibus
916 2545 1027 2608 scilicet
1059 2545 1194 2623 servituti
1225 2545 1342 2607 alluetis
1376 2549 1412 2606 ad

224 2660 341 2720 libitum
363 2677 446 2737 agere
468 2659 619 2733 conceffit;
640 2657 713 2718 nihil
733 2658 810 2718 enirn
833 2659 962 2734 populus
983 2676 1067 2737 agere
1089 2673 1220 2733 poterat,
1242 2657 1313 2734 quin
1330 2656 1414 2716 simul

224 2787 374 2833 teneretur
393 2771 466 2851 legis
487 2771 649 2846 recordari,
671 2785 702 2831 et
722 2773 858 2832 mandata
880 2770 1004 2848 exequi,
1033 2789 1098 2847 quae
1120 2789 1135 2829 a
1157 2770 1221 2830 solo
1242 2769 1412 2846 imperantis

225 2884 346 2946 arbitrio
373 2886 560 2961 pendebant;
589 2900 649 2944 non
678 2881 754 2942 enirn
784 2885 820 2943 ad
841 2882 975 2959 libitum,
997 2883 1048 2943 sed
1068 2882 1228 2944 secundum
1250 2897 1359 2942 certum
1382 2897 1411 2940 et

225 2996 450 3058 determinatum
474 2993 581 3071 iulium
609 2994 681 3072 legis
701 2993 811 3054 licebat
831 3011 926 3070 arare,
947 2994 1101 3070 seminare,
1122 3009 1247 3070 metere,
1267 2995 1335 3054 irem
1356 3012 1410 3053 nec

224 3107 336 3185 aliquid
363 3110 533 3182 comedere,
561 3105 701 3181 induere,
728 3123 824 3182 neque
855 3121 944 3180 caput
973 3119 1003 3166 et
1032 3106 1149 3166 barbarn
1177 3107 1293 3180 radere,
1315 3121 1408 3179 neque

224 3220 333 3295 laetari,
361 3238 414 3280 nec
444 3219 578 3279 absolute
610 3216 720 3294 aliquid
752 3235 835 3296 agere
866 3217 990 3293 licebat,
1023 3216 1074 3278 nist
1107 3217 1265 3278 secundum
1283 3215 1356 3293 julla
1379 3231 1407 3275 et

225 3334 361 3394 mandata
387 3333 417 3392 in
443 3331 558 3410 legibus
579 3329 762 3406 prascripta;
783 3349 837 3391 nec
859 3329 916 3390 hoc
939 3344 1070 3404 tantum,
1091 3329 1140 3391 sed
1162 3329 1248 3391 etiam
1270 3329 1300 3389 in
1321 3331 1407 3405 posti-

224 3447 297 3519 bus,
318 3443 468 3519 manibus,
489 3459 520 3504 et
539 3442 617 3503 inter
637 3443 742 3504 oculos
764 3441 841 3520 signa
864 3443 997 3518 quaedam
1017 3441 1123 3502 habere
1145 3443 1406 3518 terrenarumque

225 3576 278 3618 eos
299 3557 410 3633 semper
430 3554 627 3617 obedientiam
649 3569 811 3614 monerent.
853 3553 909 3615 Hic
936 3554 1026 3633 igitur
1046 3553 1155 3630 scopus
1178 3555 1406 3616 caeremonianrm

226 3669 301 3744 fuit,
328 3686 361 3731 ut
388 3669 523 3730 homines
550 3666 623 3728 nihil
650 3684 687 3725 ex
716 3666 837 3742 proprio
866 3667 1002 3742 decreto,
1025 3665 1074 3727 sed
1096 3665 1193 3726 omnia
1215 3683 1253 3726 ex
1274 3667 1404 3725 mandato

227 3782 345 3842 alterius
367 3797 502 3860 agerent,
523 3795 553 3841 et
575 3778 726 3841 continuis
748 3776 913 3839 actionibus
933 3793 964 3839 et
986 3777 1405 3852 meditationibusfaterentur,

226 3891 254 3952 se
277 3891 349 3952 nihil
369 3891 486 3968 prorsus
507 3892 567 3965 lui,
589 3891 638 3951 sed
661 3889 782 3951 omnino
811 3890 930 3952 alterius
948 3889 1023 3966 juris
1045 3889 1109 3952 elle.
1151 3891 1198 3950 Ex
1220 3891 1328 3967 quibus
1348 3909 1405 3950 orn·

226 4006 313 4066 nibus
333 4006 400 4066 luce
422 4003 527 4066 clarius
548 4003 680 4078 constat,
701 4003 890 4064 caeremonias
911 4004 946 4064 ad
965 4002 1177 4063 beatitudinem
1207 4002 1280 4063 nihil
1301 4003 1404 4076 lacere,

226 4129 257 4175 et
277 4114 339 4175 illas
358 4114 475 4175 Veteris
492 4113 686 4190 Testamenti,
704 4113 763 4176 imo
783 4131 876 4176 totam
897 4115 989 4193 legern
1012 4113 1122 4188 Mosrs,
1140 4113 1213 4174 nihil
1230 4114 1309 4175 aliud
1326 4133 1402 4190 qoam

225 4228 416 4287 Hebraeomm
433 4225 598 4302 imperium,
615 4244 645 4288 et
664 4228 880 4305 consequenter
897 4227 968 4288 nihil
986 4243 1091 4304 praeter
1109 4227 1242 4303 corporis
1259 4231 1402 4288 commoda

226 4334 403 4421 spectaville.
423 4336 514 4420 Quod
537 4353 634 4399 autem
656 4341 693 4401 ad
714 4339 943 4404 Christianorum
965 4339 1153 4404 ceremonias
1176 4339 1401 4419 attinet,nenpe
