2934 4900
193 354 254 399 202
515 358 520 367 ·
611 336 889 403 Ethices'Pars
910 342 963 403 lv.

194 534 296 580 verum
311 518 366 594 eli,
383 536 469 594 quam
491 519 573 594 quod
593 532 691 578 totum
711 516 748 578 srt
768 518 819 579 sua
840 534 922 594 parte
943 516 1036 595 majus
1047 516 1138 595 (Vide
1147 517 1237 596 Prnp.
1249 536 1277 596 4
1284 530 1318 596 p.
1331 516 1387 595 3.).

194 630 331 706 Deinde,
358 630 597 707 quandoquidem
625 630 721 692 virtus
750 632 764 709 (
768 644 826 711 per
844 632 939 711 Defin.
962 630 989 691 8.
1011 629 1111 709 liujus)
1133 629 1205 691 nihil
1224 628 1304 691 aliud
1326 629 1388 703 eli,

193 762 280 820 quam
311 761 348 803 ex
379 742 493 822 legibus
524 744 650 821 propriae
682 758 793 804 naturae
826 761 927 823 agere,
956 758 987 803 et
1014 760 1100 804 nemo
1128 742 1209 804 suum
1230 741 1287 801 elie
1309 742 1386 821 (per

193 857 282 936 Prop.
304 870 332 930 7.
349 869 381 935 p.
400 856 443 935 3.)
464 856 635 918 conservare
657 871 800 931 conetur,
822 856 873 917 nist
895 875 931 916 err
953 855 1078 933 propriae
1100 856 1157 916 suae
1178 870 1287 915 naturae
1308 854 1386 933 legi·
1455 880 1456 883 ¹

193 970 266 1044 bus;
285 967 354 1029 hinc
375 968 506 1046 sequitur
521 972 634 1049 primo,
665 968 787 1031 virtutis
809 969 1029 1030 fundamentum
1050 966 1107 1028 eise
1128 966 1221 1044 ipsum
1242 982 1382 1027 conatum

194 1080 342 1158 proprium
372 1080 429 1141 else
461 1080 675 1158 conservandi,
706 1097 737 1141 et
768 1080 937 1142 felicitatem
969 1080 999 1141 in
1031 1098 1068 1141 co
1097 1079 1265 1155 consistere,
1298 1081 1384 1155 quod

193 1194 284 1255 homo
303 1193 386 1255 suum
407 1193 461 1255 elle
479 1194 650 1257 conservare
669 1194 775 1270 potest.
798 1194 924 1255 Secundo
942 1192 1085 1270 sequitur,
1102 1190 1242 1254 virtutem
1258 1206 1385 1267 propter

193 1306 222 1367 se
244 1304 298 1367 eise
319 1309 530 1383 appetendam,
552 1325 605 1367 nec
627 1307 801 1383 quicquam,
830 1306 911 1383 quod
932 1304 994 1381 ipsa
1015 1303 1205 1381 praestabilius
1226 1318 1278 1364 aut
1300 1305 1385 1380 quod

193 1417 295 1480 utilius
322 1420 411 1479 nobis
438 1418 489 1495 stt,
517 1418 595 1509 dari,
624 1418 710 1495 cujus
731 1418 817 1480 cauta
838 1420 959 1481 deberet
979 1417 1090 1495 appeti.
1138 1418 1233 1478 Tertio
1254 1416 1385 1494 denique

193 1531 324 1609 sequitur
330 1578 352 1619 ,ι
368 1550 420 1593 eos
426 1577 436 1607 ,
464 1531 516 1608 qui
541 1531 571 1592 se
591 1531 791 1607 interficiunt,
820 1530 916 1592 animo
939 1530 995 1592 else
1016 1530 1212 1607 impotentes,
1233 1529 1345 1606 eosque
1367 1547 1383 1587 a

193 1642 285 1704 caufis
305 1642 451 1720 externis,
471 1643 529 1705 suae
550 1658 661 1705 naturae
682 1644 935 1723 repugnantibus,
964 1642 1080 1719 prorsus
1101 1618 1189 1707 vinci,
1231 1643 1323 1702 Porro
1346 1660 1385 1701 ex

193 1754 344 1815 Postulato
364 1775 393 1834 4.
415 1756 505 1831 partis
527 1774 555 1816 2.
580 1755 728 1833 sequitur,
750 1775 806 1817 nos
827 1756 941 1818 efficere
962 1774 1110 1832 nunquam
1132 1754 1213 1831 polle
1224 1799 1234 1830 ,
1255 1768 1290 1815 ut
1313 1752 1387 1813 nihil
1455 1830 1456 1851 ,

193 1883 276 1929 extra
297 1887 353 1930 nos
374 1870 556 1949 indigeamus
579 1871 615 1931 ad
637 1870 765 1931 nostrum
787 1869 841 1930 elie
864 1869 1112 1944 conservandum,
1133 1882 1163 1927 et
1183 1882 1218 1927 ut
1238 1865 1279 1927 ita
1299 1865 1385 1927 viva·

194 2000 274 2059 mus,
296 1998 331 2043 ut
351 1984 462 2043 nullum
484 1980 690 2043 commercium
711 2001 778 2043 cum
798 1984 900 2059 rebus,
919 2000 984 2058 quae
1003 1996 1085 2041 extra
1107 1996 1162 2040 nos
1182 1976 1383 2051 sunt,habea-
1455 1972 1456 2001 ³

194 2111 258 2154 mus
266 2113 275 2169 ;
303 2110 350 2169 et,
378 2093 399 2154 fi
425 2110 566 2171 praeterea
594 2095 718 2155 nostram
739 2094 872 2154 Mentem
895 2094 1071 2169 speiiemus,
1092 2092 1159 2152 sane
1179 2090 1276 2152 noster
1296 2090 1383 2150 intel-

193 2208 285 2267 letius
306 2206 503 2282 imperfedtior
524 2206 612 2285 eliet,
633 2206 653 2267 sr
675 2208 762 2267 Mens
784 2206 843 2267 sola
864 2205 953 2282 eiset,
974 2224 1028 2265 nec
1050 2204 1206 2281 quicquam
1227 2216 1333 2278 praeter
1354 2201 1383 2261 se
1455 2226 1456 2229 ¹

193 2317 283 2395 ipsam
305 2318 488 2397 intelligeret.
530 2320 627 2381 Multa
648 2318 738 2399 igitur
758 2334 840 2380 extra
863 2337 919 2380 nos
941 2321 1062 2392 dantur,
1085 2335 1150 2394 quae
1173 2315 1259 2376 nobis
1279 2312 1384 2389 utilia,

193 2451 318 2509 quaeque
346 2449 502 2508 propterea
530 2435 696 2511 appetenda
722 2433 799 2496 sunt.
840 2433 887 2494 Ex
908 2431 953 2492 his
974 2432 1053 2493 nulla
1073 2428 1270 2506 praestantiora
1292 2444 1383 2488 exco-

192 2541 279 2622 gitari
300 2540 434 2618 poliunt,
455 2562 541 2619 quam
562 2561 610 2619 ea,
632 2562 698 2621 quae
719 2562 786 2604 curn
808 2543 903 2604 nostra
925 2557 1028 2602 natura
1049 2541 1166 2618 prorsus
1187 2538 1385 2602 conveniunt.

193 2654 223 2715 si
244 2654 321 2715 enim
349 2656 410 2716 duo
439 2672 486 2715 ex.
506 2674 548 2734 gr.
569 2655 697 2733 ejusdem
721 2656 840 2733 prorsus
861 2670 972 2716 naturae
993 2653 1146 2716 individua
1167 2651 1295 2713 invicem
1311 2651 1384 2727 jun·

193 2784 323 2846 guntur,
353 2766 539 2830 individuum
570 2784 755 2844 componunt
785 2769 898 2849 stragulo
930 2770 1022 2845 duplo
1054 2765 1218 2842 potentius.
1259 2763 1385 2825 Homini

193 2878 283 2958 igitur
311 2879 383 2940 nihil
409 2879 528 2941 homine
556 2879 676 2957 utilius;
703 2880 794 2956 nihil,
820 2881 956 2958 inquam,
984 2880 1119 2941 homines
1139 2878 1324 2955 prestantius
1346 2881 1384 2939 ad

193 2991 275 3052 suum
296 2990 351 3051 effe
373 2991 604 3055 conservandum
626 3007 728 3070 optare
750 2992 884 3070 poliunt,
905 3012 992 3070 quam
1014 2995 1096 3069 quod
1118 3009 1219 3052 omnes
1236 2990 1267 3051 in
1286 2991 1383 3052 omni-

193 3106 249 3164 bus
279 3103 322 3164 ita
353 3103 549 3180 conveniant,
581 3119 615 3166 ut
647 3104 777 3166 omnium
808 3107 928 3167 Mentes
960 3120 990 3166 et
1021 3103 1155 3180 Corpora
1186 3123 1272 3165 unam
1301 3103 1383 3180 quast

193 3217 325 3277 Mentem
357 3234 506 3293 unumque
538 3216 655 3292 Corpus
687 3233 884 3294 componant,
917 3234 948 3278 et
979 3236 1079 3279 omnes
1110 3216 1207 3292 famul,
1239 3232 1383 3293 quantum

193 3327 327 3406 poliunt,
359 3330 441 3390 suurn
473 3329 527 3390 else
560 3328 732 3405 conservare
766 3346 929 3405 conentur,
960 3330 1118 3407 omnesque
1145 3329 1227 3391 fimul
1253 3327 1384 3389 omniurn

194 3461 347 3503 commune
365 3442 437 3503 utile
454 3442 506 3503 fibi
525 3459 671 3519 quaerant;
689 3462 726 3504 es
746 3441 854 3519 quibus
872 3443 1017 3519 sequitur,
1030 3442 1178 3518 homines,
1190 3441 1241 3518 qui
1252 3440 1385 3502 Ratione

193 3557 408 3633 gubernantur,
438 3555 495 3615 boc
528 3555 568 3615 est
599 3555 749 3631 homines,
771 3555 822 3632 qui
850 3573 888 3615 ex
917 3558 1006 3617 dudiu
1033 3553 1173 3616 Rationis
1200 3553 1282 3615 suum
1312 3551 1384 3614 utile

194 3681 347 3743 quaerunt,
374 3666 445 3727 nihil
472 3666 524 3727 srbi
550 3682 707 3743 appetere,
729 3669 812 3743 quod
832 3666 951 3744 reliquis
971 3666 1141 3728 hominibus
1161 3684 1222 3726 non
1244 3665 1384 3741 cupiant,

194 3793 284 3856 atque
305 3781 379 3840 adeo
400 3780 516 3840 eosdem
534 3779 647 3856 justos,
666 3781 760 3856 fidos,
781 3795 870 3858 atque
891 3781 1030 3842 honestos
1052 3779 1116 3841 eise.

235 3893 308 3952 Hac
336 3891 384 3952 iila
411 3891 550 3952 Rationis
577 3892 730 3954 didamina
758 3893 841 3968 sunt,
863 3913 928 3970 quae
948 3893 996 3954 hic
1018 3893 1120 3968 paucis
1140 3893 1291 3955 ostendere
1315 3915 1383 3971 pro·

194 4003 363 4081 posueram,
383 4019 538 4080 antequam
560 4006 660 4065 eadem
683 4005 836 4080 prolixiori
857 4006 959 4067 ordine
986 4006 1179 4068 demonstrare
1207 4005 1383 4082 inciperem

194 4119 276 4194 quod
304 4136 338 4178 ea
365 4120 402 4179 de
430 4116 515 4178 causa
543 4117 616 4192 feci,
646 4133 697 4195 ut,
717 4118 739 4179 sr
760 4118 820 4179 fieri
841 4118 952 4196 pollet,
973 4137 1073 4180 eorum
1095 4118 1290 4180 attentionem
1312 4089 1382 4180 mihi

194 4229 395 4308 conciliarem,
416 4230 468 4307 qui
488 4232 630 4307 credunt,
649 4231 707 4292 hoc
728 4231 920 4308 principium,
949 4234 1031 4309 quod
1051 4231 1161 4293 scilicet
1182 4231 1382 4311 unusquisque

193 4343 277 4410 suum
299 4342 373 4404 utile
394 4361 521 4420 quaerere
542 4358 675 4420 tenetur,
694 4343 871 4422 impietatis,
891 4363 952 4406 non
974 4359 1070 4409 autem
1088 4344 1209 4408 virtutis
1220 4361 1250 4407 et
1260 4345 1383 4427 pietatis
