2934 4900
220 319 279 398 458
698 318 935 383 Tractatus

220 505 283 553 tum
304 490 347 552 fui
368 491 512 552 historiam
542 492 705 568 prophetie
734 493 930 570 concinnare,
949 511 980 556 et
1001 511 1038 555 ex
1061 513 1095 556 ea
1116 475 1249 573 quadam
1270 497 1400 574 dogmata

221 605 361 678 formare,
392 621 458 680 quae
486 623 530 665 me
562 621 692 666 naturam
723 606 906 683 prophetiae,
928 607 1049 685 ejusque
1072 608 1287 684 proprietates,
1310 610 1401 684 quoad

220 715 282 776 fieri
310 716 422 792 potest,
451 719 601 778 docerent.
642 721 684 780 At
704 718 753 779 hic
775 719 851 779 circa
872 721 1026 795 miracula,
1048 721 1116 797 quia
1138 721 1186 796 id,
1207 723 1291 797 quod
1312 719 1401 796 inqui·

221 829 309 891 rimus
331 828 465 907 (nempe,
488 849 523 891 an
546 833 707 892 concedere
729 831 895 909 possumus,
917 833 1028 910 aliquid
1043 833 1073 894 in
1090 836 1211 894 Naturae
1223 833 1402 911 contingere,

221 945 303 1020 quod
324 941 387 1019 eius
407 943 521 1022 legibus
543 959 702 1022 repugnet,
731 960 783 1004 aut
804 947 887 1021 quod
908 964 946 1005 ex
969 945 1004 1006 iis
1026 963 1086 1005 non
1108 944 1203 1021 posset
1223 943 1323 1023 sequi)
1343 943 1402 1020 phi·

220 1054 404 1131 losophicum
432 1057 518 1132 plane
546 1057 605 1131 est,
631 1057 712 1118 nullo
742 1056 825 1119 stmili
851 1058 1033 1137 indigebam3
1054 1058 1114 1120 imo
1136 1057 1299 1120 consultius
1320 1055 1402 1129 duri,

221 1169 296 1230 hanc
328 1169 516 1247 questionem
538 1189 574 1230 ex
597 1170 795 1232 laudamentis
825 1171 950 1232 Lumine
972 1171 1115 1253 ,Naturali
1145 1169 1272 1249 cognitis
1302 1185 1404 1244 utpote

222 1281 345 1342 maxime
374 1282 455 1343 notis
483 1285 619 1344 enodare.
660 1283 754 1359 Dico,
785 1299 830 1343 me
857 1283 889 1344 id
917 1282 1080 1344 consultius
1108 1282 1221 1344 duxisse
1230 1301 1241 1342 a
1258 1301 1326 1343 nam
1347 1299 1404 1342 eam

222 1393 310 1454 etiam
342 1411 379 1454 ex
409 1394 479 1456 solis
510 1394 667 1471 Scripturae
699 1394 887 1474 dogmatibus
909 1411 939 1456 et
962 1394 1159 1456 fundamentis
1189 1395 1274 1456 facile
1296 1394 1404 1455 solvere

222 1519 394 1584 potueram;
416 1509 518 1582 quod,
539 1522 573 1567 ut
594 1505 754 1584 unicuique
776 1522 893 1583 pateat,
919 1507 968 1566 hic
988 1507 1091 1583 paucis
1113 1507 1270 1568 ostendam.
1313 1502 1405 1580 Scrip-

223 1631 287 1678 tura
318 1619 354 1678 de
385 1619 497 1679 Natura
528 1618 558 1678 in
590 1635 695 1697 genere
727 1619 900 1695 quibusdam
928 1619 959 1680 in
980 1619 1055 1679 locis
1075 1618 1215 1694 affirmat,
1235 1636 1297 1678 eam
1319 1619 1405 1677 fixum

223 1745 312 1806 atque
344 1729 550 1791 immutabilem
582 1731 713 1793 ordinem
746 1733 875 1808 servare;
907 1747 941 1793 ut
972 1733 1003 1793 in
1034 1732 1107 1793 Psal.
1141 1733 1206 1813 148.
1234 1731 1308 1794 vers.
1329 1735 1360 1792 6.
1380 1747 1407 1790 et

222 1841 327 1920 Jerem.
349 1858 413 1915 cap.
425 1855 471 1916 31.
489 1839 563 1902 vers.
574 1852 630 1917 35,
642 1843 689 1916 36.
710 1840 907 1917 Philosophus
927 1856 1067 1918 praeterea
1089 1841 1118 1902 in
1141 1842 1194 1904 suo
1214 1841 1294 1903 Eccl.
1306 1861 1370 1918 cap.
1383 1859 1406 1900 r.

222 1951 297 2015 vers.
320 1967 365 2012 10.
387 1952 531 2012 clarilhme
560 1954 667 2029 docet,
694 1952 766 2015 nihil
795 1953 867 2016 novi
887 1953 917 2014 in
938 1957 1051 2015 Natura
1072 1954 1261 2034 contingere3
1282 1970 1314 2016 et
1336 1953 1404 2017 vers.

227 2078 348 2138 11,12.
377 2062 435 2123 hoc
463 2062 538 2124 idem
566 2065 708 2126 illustrans
737 2065 795 2141 ait,
822 2068 922 2143 quod,
949 2067 1083 2143 quamvis
1107 2067 1265 2145 aliquando
1300 2065 1408 2142 aliquid

223 2173 394 2254 contingat,
422 2177 502 2252 quod
530 2195 642 2239 novum
668 2176 802 2253 videtur,
830 2178 861 2239 id
890 2195 986 2239 tamen
1015 2197 1127 2242 novum
1148 2197 1210 2242 non
1232 2180 1289 2256 est,
1310 2178 1406 2240 sedin

223 2286 344 2362 seculis,
372 2305 437 2364 quae
465 2303 550 2349 antea
579 2289 699 2350 fuerunt
728 2306 759 2350 et
780 2307 904 2367 quorum
926 2292 1005 2352 nulla
1027 2291 1067 2351 est
1089 2291 1245 2368 memoria,
1266 2291 1407 2369 contigit;

224 2419 306 2477 nam,
327 2415 361 2463 ut
382 2400 443 2477 ipse
465 2401 522 2477 ait,
544 2401 731 2479 antiquorum
752 2404 831 2464 nulla
852 2403 893 2464 est
914 2406 993 2479 apud
1013 2404 1173 2467 hodiernos
1192 2404 1407 2479 memoria,nec
1441 2459 1442 2488 ,

224 2514 281 2576 ulla
302 2514 390 2575 etiam
410 2513 618 2577 hodiernorum
641 2520 719 2591 apud
739 2517 872 2592 posteros
893 2516 958 2578 erit.
998 2518 1115 2580 Deinde
1136 2537 1201 2594 cap.
1219 2534 1247 2595 3.
1269 2518 1343 2580 vers.
1366 2531 1408 2574 rr.
1441 2493 1442 2530 ³

224 2626 313 2703 dicit,
331 2628 428 2688 Deum
450 2627 547 2689 omnia
569 2630 660 2703 probe
681 2628 710 2689 in
733 2646 834 2689 eorum
855 2646 972 2705 tempus
1002 2629 1193 2705 ordinavisse,
1216 2644 1246 2690 et
1267 2629 1343 2693 vers.
1366 2644 1407 2705 tq.

223 2738 253 2801 se
280 2737 393 2801 novilse
421 2738 479 2816 ait,
499 2742 599 2816 quod,
619 2740 762 2818 quicquid
782 2742 864 2803 Deus
885 2740 976 2817 facit,
997 2743 1026 2803 id
1049 2740 1079 2802 in
1100 2758 1239 2804 eternum
1262 2758 1408 2818 permane-

223 2852 286 2929 bit,
306 2871 361 2914 nec
382 2852 409 2913 ei
438 2852 549 2930 aliquid
577 2853 662 2928 addi,
690 2872 744 2914 nec
774 2856 810 2915 de
838 2872 875 2914 eo
903 2854 1014 2931 aliquid
1045 2854 1174 2915 subtrahi
1206 2854 1296 2930 polle.
1336 2854 1406 2934 Quae

224 2967 321 3029 omnia
343 2966 485 3027 clarillime
507 2968 634 3043 docent,
653 2968 797 3028 Naturam
818 2968 907 3029 fixum
931 2982 1020 3043 atque
1049 2966 1258 3027 immutabilem
1279 2966 1405 3027 ordinem

224 3079 351 3153 servare,
372 3081 468 3141 Deum
490 3080 625 3141 omnibus
646 3078 751 3140 seculis
772 3079 860 3141 nobis
881 3079 962 3140 notis
983 3094 1014 3140 et
1035 3079 1147 3158 ignotis
1169 3082 1293 3140 eundem
1314 3075 1406 3149 firille,

223 3191 360 3271 legesque
391 3192 512 3252 Naturae
544 3194 618 3253 adeo
651 3192 793 3266 perfestas
824 3205 855 3252 et
886 3192 998 3252 fertiles
1026 3190 1098 3267 elle,
1127 3206 1159 3251 ut
1186 3190 1224 3251 iis
1251 3190 1323 3251 nihil
1344 3186 1404 3249 addi

225 3320 321 3379 neque
342 3301 455 3363 detrahi
478 3304 580 3379 polilt,
607 3316 638 3363 et
659 3300 787 3378 denique
806 3300 943 3363 miracula
965 3320 1024 3363 non
1047 3301 1099 3363 nist
1120 3317 1243 3379 propter
1263 3302 1404 3363 hominum

225 3410 418 3491 ignorantiam
441 3426 474 3471 ut
495 3410 604 3487 aliquid
626 3410 699 3472 novi
721 3411 825 3473 videri.
856 3412 929 3471 Haec
950 3410 1040 3490 igitur
1061 3412 1091 3471 in
1112 3412 1263 3487 Scriptura
1284 3408 1403 3487 expresse

226 3526 386 3599 docentur;
408 3538 439 3584 at
459 3522 580 3599 nullibi,
602 3526 683 3598 quod
704 3522 736 3583 in
755 3524 868 3583 Natura
890 3522 1002 3599 aliquid
1029 3522 1198 3602 contingat,
1221 3526 1303 3599 quod
1323 3521 1404 3598 ipfius

224 3636 338 3717 legibus
369 3650 530 3715 repugnet,
561 3651 612 3697 aut
643 3638 725 3713 quod
756 3655 794 3696 ex
825 3636 860 3696 iis
891 3652 1019 3713 nequeat
1040 3636 1140 3713 sequi,
1160 3639 1296 3712 adeoque
1316 3649 1403 3710 neque

226 3749 313 3811 etiam
334 3748 490 3825 Scripturae
513 3748 717 3827 allingentium.
748 3750 797 3809 Ad
817 3749 879 3809 haec
901 3749 1033 3825 accedit,
1054 3752 1136 3826 quod
1156 3748 1293 3810 miracula
1313 3746 1403 3808 causas

226 3877 258 3921 et
278 3861 504 3923 circumstantias
526 3860 673 3937 requirant
696 3860 812 3939 (utiam
825 3860 1034 3940 ostendimus),
1053 3877 1083 3921 et
1105 3865 1186 3938 quod
1208 3880 1269 3922 non
1289 3861 1403 3938 sequan-

226 3990 274 4034 tur
294 3992 331 4034 ex
352 3972 450 4034 nescio
479 3989 540 4048 quo
569 3972 691 4049 imperio
713 3972 813 4051 regio,
834 3974 915 4049 quod
938 3974 1046 4052 vulgus
1066 3975 1134 4034 Deo
1156 3973 1286 4053 affingit,
1306 3974 1352 4035 sed
1370 3987 1402 4029 ea

226 4084 347 4163 imperio
359 4099 390 4146 et
400 4087 520 4145 decreto
541 4083 663 4160 divino,
683 4085 742 4146 hoc
765 4084 806 4145 est
827 4084 877 4164 (ut
898 4084 986 4144 etiam
1007 4102 1045 4144 ex
1066 4084 1126 4160 ipsa
1147 4085 1296 4161 Scripttua
1317 4085 1401 4146 osten·

227 4199 335 4277 dimus)
358 4196 528 4276 exlegibus
549 4199 670 4259 Naturae
692 4196 813 4275 ejusque
835 4198 953 4271 ordine,
974 4213 1005 4257 et
1027 4199 1109 4274 quod
1130 4197 1257 4275 denique
1278 4195 1400 4258 miracula

227 4312 314 4377 etiam
336 4328 353 4370 a
373 4309 574 4371 sedulioribus
602 4310 663 4371 fieri
691 4312 814 4389 poliant,
842 4326 878 4375 ut
897 4308 1087 4373 convincitur
1108 4328 1146 4371 ex
1167 4328 1232 4388 cap.
1255 4326 1303 4389 13.
1322 4310 1400 4369 Deut.
