2934 4900
674 338 914 394 Tractatus

662 554 844 615 CAPUT
886 555 922 613 II.

625 751 681 810 De
712 746 956 827 Prophetis.

237 960 284 1019 Ex
319 958 466 1034 superiore
501 958 625 1034 Capite,
660 971 694 1016 ut
719 955 779 1031 jam
808 954 1019 1029 indicavimus,
1048 953 1194 1029 sequitur,
1221 954 1399 1028 Prophetas

198 1090 257 1132 non
301 1071 384 1132 fuisse
433 1070 605 1147 perfeetiore
648 1083 744 1129 mente
791 1068 954 1142 praeditos,
1001 1066 1049 1127 sed
1090 1067 1207 1143 quidem
1248 1066 1397 1141 potentia

197 1185 327 1248 vividius
348 1184 540 1262 imaginandi,
562 1184 643 1259 quod
665 1181 822 1255 Scripturas
845 1180 1025 1241 narrationes
1037 1183 1152 1240 abunde
1165 1180 1251 1240 etiam
1263 1183 1393 1240 doceant.

200 1299 244 1357 De
274 1298 429 1357 Salomone
461 1296 537 1355 eninr
570 1295 699 1368 constat,
732 1312 797 1354 euna
826 1294 943 1369 quidem
966 1292 1123 1369 sapientia,
1146 1294 1276 1353 sednon
1301 1296 1392 1354 donn

200 1384 378 1482 Prophetico
400 1422 522 1467 caeteros
545 1405 718 1466 excelluisse.
742 1404 956 1465 Prudentiffimi
979 1405 1065 1465 etiam
1087 1404 1395 1481 illiHeman,Darda,

202 1520 343 1593 Kalchol,
365 1517 520 1594 Prophetae
541 1537 602 1578 non
622 1518 761 1592 feserunt,
783 1533 814 1577 et
842 1532 944 1577 contra
966 1517 1099 1577 homines
1120 1517 1229 1591 rustici,
1251 1532 1280 1577 et
1302 1532 1391 1577 extra

202 1649 317 1691 omnem
337 1630 533 1705 disciplinam
555 1630 613 1689 imo
636 1630 810 1690 muliercula
833 1628 1392 1707 etianr,utHagaraucillnAbrahami,

202 1745 283 1803 dono
313 1741 492 1816 Prophetico
524 1742 642 1801 fuerunt
675 1740 813 1815 praeditae.
847 1742 936 1821 Quod
959 1742 1045 1799 etiam
1068 1759 1132 1801 cum
1154 1740 1334 1816 experientia
1359 1760 1392 1802 ct

202 1854 316 1914 ratione
336 1852 488 1914 convenit.
510 1855 585 1912 Nam
607 1852 658 1928 qui
679 1851 802 1911 maxime
832 1851 1038 1929 imaginatione
1061 1852 1190 1927 pollent,
1210 1852 1305 1913 minus
1324 1854 1389 1928 apti

203 1967 269 2026 sunt
300 1967 336 2026 ad
368 1984 413 2025 res
444 1984 516 2040 pure
547 1964 788 2042 intelligendum,
821 1980 850 2023 et
883 1979 1004 2038 contra,
1034 1964 1085 2040 qui
1116 1964 1265 2025 intelleilu
1296 1967 1390 2043 magis

204 2079 332 2153 pollent,
353 2096 478 2152 eumque
499 2077 622 2137 maxime
644 2079 763 2151 colunt,
786 2076 950 2151 potentiam
972 2076 1147 2155 imaginandi
1168 2076 1257 2154 magis
1275 2092 1389 2153 tempe-

203 2204 309 2262 ratam,
341 2187 487 2267 magisque
519 2189 572 2250 sub
604 2189 778 2263 potestatem
810 2190 919 2248 habent
949 2205 979 2248 et
1008 2188 1085 2263 quasi
1107 2189 1190 2247 freno
1211 2202 1331 2265 tenent,
1352 2211 1390 2251 ne

205 2320 269 2360 cum
290 2300 440 2361 intellectu
461 2302 668 2361 confundatur.
690 2300 750 2382 Qui
773 2301 861 2379 igitur
882 2302 1051 2376 sapientiam
1071 2316 1203 2360 etrerum
1216 2302 1391 2363 naturalium

205 2427 235 2472 et
257 2411 447 2487 spiritualium
469 2412 669 2491 cognitionem
690 2432 727 2473 ex
749 2413 959 2489 Prophetarum
981 2412 1061 2473 libris
1084 2402 1392 2491 investigarestudeut,

205 2538 271 2585 tota
299 2539 394 2584 errant
423 2523 488 2584 via:
516 2527 615 2600 quod,
644 2526 783 2602 quoniam
811 2540 946 2601 tempus,
973 2524 1177 2601 Philosophia,
1205 2542 1234 2585 et
1262 2527 1390 2604 denique

204 2654 250 2696 res
281 2634 342 2710 ipsa
372 2635 517 2710 postulat,
544 2636 591 2695 hic
623 2637 684 2696 fuse
719 2636 869 2697 ostendere
902 2637 1036 2712 decrevi,
1056 2655 1156 2712 parum
1177 2655 1296 2712 curans,
1319 2639 1390 2715 quid

206 2747 371 2822 superstitio
394 2747 569 2825 ogganuiat,
592 2767 656 2824 qnae
678 2749 775 2808 nullos
798 2749 888 2826 magis
909 2748 990 2822 odit,
1012 2766 1098 2824 quam
1120 2747 1169 2824 qui
1191 2750 1388 2810 veramscien-

205 2859 275 2920 tiam
304 2878 460 2936 veramque
490 2861 580 2923 vitam
602 2863 716 2921 colunt.
738 2862 794 2936 Et,
818 2861 891 2936 proh
914 2863 1014 2922 dolor!
1037 2879 1083 2920 res
1104 2879 1139 2920 co
1158 2861 1217 2936 jam
1239 2864 1388 2936 pervenit,

207 2987 239 3031 ut
262 2971 312 3047 qui
334 2986 435 3046 aperte
456 2972 601 3047 fatentur,
625 2971 653 3030 se
674 2972 731 3032 Dei
753 2971 846 3032 ideam
868 2991 927 3032 non
949 2973 1073 3048 habere,
1095 2989 1124 3032 et
1146 2973 1239 3032 Deum
1262 2991 1322 3033 nou
1340 2973 1387 3033 nisi

206 3103 258 3159 per
277 3102 323 3143 res
344 3099 457 3144 creatas
478 3085 613 3161 (quarum
634 3085 735 3145 causas
757 3085 906 3165 ignorant)
928 3085 1121 3163 cognoscere,
1143 3104 1202 3145 non
1222 3087 1387 3147 erubescant

206 3194 401 3268 Philosophos
422 3195 565 3255 Atheismi
587 3196 728 3256 accusare.

248 3309 294 3368 Ut
322 3321 417 3366 autem
446 3324 504 3365 rem
528 3306 629 3367 ordine
658 3309 815 3382 deducam,
846 3307 1010 3382 ostendam,
1032 3309 1205 3384 Proplretias
1227 3308 1387 3384 variaville‚

209 3437 270 3478 nou
304 3434 417 3479 tuntum
453 3437 506 3493 pro
546 3418 660 3478 ratione
700 3418 916 3498 imaginationis
949 3435 977 3479 et
1008 3421 1227 3495 temperamenti
1260 3423 1387 3496 eorporis

210 3532 349 3609 cuiusque
371 3533 543 3608 Prophetae,
563 3533 612 3594 sed
634 3533 720 3593 ctiam
742 3551 796 3608 pro
817 3534 930 3593 ratione
953 3533 1140 3608 opinionum,
1159 3533 1385 3609 quibusfuerant

211 3645 333 3720 imbuti;
361 3661 450 3721 atquc
479 3648 553 3705 adeo
584 3645 770 3721 Prophetiam
799 3663 946 3720 rrunquam
972 3645 1133 3720 Prophetas
1162 3645 1307 3705 doctiores
1325 3649 1384 3706 red·
1465 3635 1466 3640 ¹

212 3757 329 3831 didisse,
350 3771 384 3817 ut
405 3756 497 3817 statim
520 3755 609 3817 susrus
639 3758 811 3832 explicab0;
834 3759 883 3818 sed
904 3757 983 3834 prius
1006 3761 1041 3817 de
1064 3756 1240 3818 certitudine
1262 3759 1384 3834 Prophe-

212 3885 305 3928 tarum
331 3869 379 3927 hic
408 3872 566 3946 agendum,
597 3884 660 3928 tum
689 3869 757 3944 quia
786 3868 874 3944 liujus
895 3868 1010 3943 Capitis
1044 3885 1240 3946 argumentum
1268 3871 1385 3945 spectat,

212 3997 273 4039 tum
301 3979 388 4039 etiarn
417 3979 485 4056 quia
513 3983 549 4040 ad
578 3980 626 4056 id,
654 3984 736 4056 (prend
768 3980 960 4041 demonstrare
992 3980 1169 4042 intendimus
1177 4026 1186 4056 ,
1214 3980 1383 4057 aliquantum

209 4091 338 4154 inservit.

252 4204 327 4264 Cum
347 4204 465 4280 simplex
487 4204 656 4283 imaginatio
678 4223 738 4265 non
765 4203 901 4266 involvat
921 4223 958 4264 ex
980 4203 1028 4265 sua
1050 4219 1151 4265 natura
1172 4204 1382 4279 certitudinem,

212 4314 295 4374 sicuti
324 4314 419 4373 ornaris
450 4316 524 4374 clara
553 4331 583 4374 et
612 4315 742 4376 distinsla
765 4315 846 4391 idea,
869 4315 917 4376 sed
940 4315 1156 4394 imaginationi,
1178 4332 1211 4376 ut
1232 4319 1268 4376 de
1290 4319 1381 4390 rebus,

958 4551 965 4604 l
