2934 4900
486 307 841 390 De'Assecribua.
1199 325 1254 400 ‚1⁶3

85 506 189 564 timidas
218 503 386 580 videbitur,
417 503 467 581 qui
497 505 601 566 malum
632 503 733 581 timet,
762 504 845 580 quod
872 520 928 581 ego
950 515 1136 563 contemnere
1157 500 1256 575 soleo;

83 631 110 676 et
142 615 161 675 fi
196 613 313 694 insuper
350 619 389 680 ad
424 615 482 678 hoc
512 618 679 694 attendam,
709 617 793 693 quod
823 613 887 692 ejus
916 612 1073 692 Cupiditas
1103 617 1257 674 coercetur

83 727 174 790 timore
194 729 278 806 mali,
299 731 382 807 quod
402 747 447 790 me
469 729 620 791 continere
638 727 753 805 nequit,
763 726 856 804 ipsum
862 725 1068 807 pafillanimem
1078 723 1133 786 else
1145 723 1255 800 dicam;

83 856 109 901 et
134 840 169 902 src
199 842 397 919 unusquisque
425 841 580 918 judicabit.
621 839 759 918 Denique
789 858 828 900 ex
858 839 912 900 hac
932 838 1062 900 hominis
1090 852 1194 898 natura
1225 849 1256 896 et

79 953 173 1028 iudicii
192 954 405 1030 inconstantia,
425 969 459 1016 ut
480 970 510 1014 et
532 955 614 1031 quod
637 953 726 1014 homo
749 952 824 1028 saepe
845 968 883 1013 ex
902 950 967 1012 solo
988 949 1094 1012 affetlu
1114 949 1256 1011 derebus

79 1066 198 1144 judicat,
226 1083 259 1128 et
279 1070 362 1145 quod
381 1084 443 1144 res,
464 1085 537 1143 quaa
558 1069 596 1128 ad
615 1065 764 1128 Laetitiam
785 1065 833 1128 vel
852 1062 1012 1125 Tristitiam
1032 1064 1126 1124 facere
1146 1061 1256 1137 credit,

81 1180 199 1257 quasque
230 1196 387 1259 propterea
418 1181 489 1260 (per
517 1181 605 1260 Prop.
626 1179 675 1240 28.
696 1177 814 1258 lausus),
833 1192 867 1238 ut
888 1177 976 1255 hant,
995 1193 1186 1253 promovere,
1207 1175 1255 1237 vel

80 1311 203 1355 amovere
225 1309 366 1370 conatur,
387 1293 461 1370 saepe
481 1309 542 1354 non
565 1291 614 1353 nisr
634 1289 809 1370 imaginariae
829 1289 900 1365 fint;
921 1305 956 1350 ut
975 1288 1032 1362 iam
1053 1303 1164 1348 taceam
1183 1286 1256 1360 alia,

80 1423 136 1480 que
163 1405 192 1466 in
213 1425 250 1474 α.
272 1405 357 1467 Parte
378 1404 574 1480 ostendimus,
595 1408 632 1466 de
651 1421 747 1466 rerum
767 1401 996 1477 incertitudine3
1016 1399 1101 1462 facile
1123 1398 1254 1474 concipi-

78 1536 143 1594 mur,
161 1517 309 1580 hominem
329 1515 409 1595 posse
429 1516 505 1594 saepe
526 1517 555 1578 in
576 1516 660 1580 causa
681 1515 753 1593 else,
771 1530 831 1577 tam
848 1529 883 1577 ut
900 1513 1098 1586 contristetur,
1114 1530 1201 1590 quam
1221 1526 1256 1573 ut

77 1628 200 1706 latetur,
230 1629 291 1692 sive
319 1644 353 1690 ut
374 1645 432 1690 tam
453 1628 583 1690 Tristitia
604 1647 690 1706 quam
710 1627 831 1690 Laetitia
851 1626 1012 1701 adiciatur,
1032 1624 1255 1687 concomitante

77 1741 134 1802 idea
163 1743 206 1804 sui
237 1759 377 1820 tanquam
403 1741 505 1818 causa;
526 1758 616 1818 atque
637 1743 711 1803 adeo
733 1739 819 1802 facile
839 1737 1046 1817 intelligimur,
1066 1735 1140 1812 quid
1159 1733 1256 1795 Poeni·

77 1853 178 1930 tentia,
199 1869 232 1915 et
254 1854 326 1930 quid
346 1853 571 1930 Aequiescentia
592 1853 622 1914 in
643 1851 672 1914 se
693 1851 757 1928 ipso
778 1853 794 1887 *
814 1851 859 1912 fit.
889 1853 1004 1926 Nempe
1024 1850 1197 1910 Paenitentia
1218 1846 1256 1924 est

84 1967 212 2044 Tristitia
233 1971 433 2028 concomitante
447 1969 515 2028 idea
528 1969 596 2045 sur',
613 1982 644 2026 et
661 1966 880 2044 Acqoiescentr'a
896 1968 929 2024 in
940 1965 976 2042 fe
988 1962 1125 2043 ipsowst
1135 1963 1257 2022 Latitia

77 2085 271 2141 concomitatur
297 2082 364 2140 idea
384 2081 454 2157 sai,
481 2093 620 2157 tanquam
647 2080 754 2156 causa,
774 2093 805 2140 et
825 2077 856 2137 hi
878 2076 998 2138 affectus
1018 2072 1263 2139 vehementiilimi'

76 2189 150 2266 sunt,
170 2193 242 2268 quia
262 2191 394 2252 homines
414 2192 443 2253 se
464 2191 571 2254 liberos
592 2189 648 2254 esse
669 2191 793 2254 credunt
813 2190 889 2269 (vid.
910 2190 1000 2269 Prop.
1020 2205 1069 2269 49.
1091 2186 1203 2266 hujus).

449 2350 779 2413 PROPOSITIO
821 2349 886 2411 Lll.

112 2466 270 2541 Objesium,
292 2466 368 2542 quod
376 2464 463 2542 stmul
477 2482 539 2524 cram
554 2466 624 2523 aliis
641 2478 728 2525 antea
746 2464 886 2539 vidinnas,
903 2462 953 2521 vel
968 2463 1045 2540 quod
1057 2460 1136 2521 nihil
1150 2459 1257 2520 habere

75 2577 277 2651 imaginamur,
297 2575 350 2652 nist
370 2576 446 2654 quod
463 2594 600 2636 commune
621 2576 658 2655 ess
674 2576 828 2655 pluribus,
849 2594 904 2635 non
923 2576 1035 2635 tamdiu
1054 2572 1253 2652 contemplabi-

78 2702 145 2763 mur,
164 2708 200 2747 ac
221 2687 312 2765 illud,
333 2694 407 2764 quod
424 2689 543 2766 aliquid
553 2688 703 2766 ,iugulare
723 2686 831 2748 habere
850 2690 1055 2762 imaginum.

466 2834 860 2879 nemomsrnnrro

111 2928 293 3007 Simulatque
315 2928 478 3007 objesium,
507 2932 589 3007 quod
609 2949 674 2991 curn
697 2928 761 2991 aliis
781 2916 927 3004 vidimus,
946 2926 1143 3005 imaginamur,
1163 2924 1256 2985 statim

77 3054 103 3099 ct
122 3041 245 3103 aliorum
266 3042 450 3103 recordamur
471 3042 545 3122 (per
564 3043 653 3122 Prop.
669 3043 713 3102 18.
731 3055 763 3121 p.
775 3059 822 3116 2.,
841 3041 921 3116 cujus
942 3043 1030 3099 eriam
1049 3036 1140 3097 Schol.
1161 3038 1258 3115 vide),

62 3147 102 3209 'et
132 3152 169 3213 hc
198 3172 237 3214 ex
265 3153 352 3215 unius
380 3154 630 3229 contemplatione
657 3152 752 3215 statim
779 3152 809 3213 in
837 3150 1118 3227 contemplationem
1139 3147 1257 3209 alterius

75 3260 236 3326 incidimus.
277 3266 378 3341 Atque
401 3268 501 3326 eadem
522 3265 562 3325 eil
583 3264 658 3325 ratio
680 3264 807 3340 objecti,
835 3263 916 3341 quod
938 3262 1010 3322 nihil
1029 3262 1135 3323 habere
1157 3259 1256 3338 imagi-

77 3391 150 3451 mur,
178 3374 233 3437 nili
262 3378 344 3451 quod
372 3394 524 3437 commune
554 3376 594 3435 est
622 3374 764 3451 pluribus.
804 3376 880 3435 Nam
902 3392 939 3434 eo
960 3372 1024 3449 ipso
1047 3370 1256 3449 supponimus,

77 3502 127 3545 nos
155 3486 230 3547 nihil
258 3486 288 3547 in
317 3505 354 3548 eo
383 3486 591 3564 contemplari,
620 3490 701 3563 quod
730 3503 815 3548 antea
836 3505 902 3548 cum
923 3485 986 3546 aliis
1008 3503 1069 3546 non
1089 3483 1257 3547 viderimus,

76 3594 181 3658 Vemm
214 3616 279 3659 cum
311 3598 521 3675 supponimus,
551 3618 606 3660 nos
634 3599 665 3660 in
693 3599 812 3675 objeslo
841 3598 941 3675 aliquo
970 3597 1080 3673 aliquid
1100 3594 1258 3674 ingeniare,

76 3710 154 3781 quod
176 3724 262 3769 antea
288 3727 436 3786 nunquam
456 3708 600 3787 vidimus,
629 3710 795 3789 imaginari,
817 3708 888 3770 nihil
908 3710 987 3771 aliud
1008 3708 1149 3784 dicimus,
1170 3723 1256 3784 quarn

77 3824 155 3895 quod
183 3822 287 3898 Mena,
314 3824 383 3883 dum
410 3822 481 3885 illud
510 3822 657 3900 objeslum
685 3824 918 3898 contemplatur,
946 3822 1056 3881 nullum
1078 3819 1156 3879 aliud
1176 3817 1206 3878 in
1228 3816 1256 3876 se

76 3929 198 4009 habeat,
224 3930 254 3991 in
282 3930 367 4009 cujus
394 3930 673 4007 contemplationem
702 3950 740 3991 ex
762 3929 1012 4005 contemplatione
1032 3928 1110 3988 illius
1130 3925 1257 3987 incidere

76 4040 190 4118 potesl;
216 4058 306 4120 atque
334 4045 408 4105 adeo
437 4045 473 4105 ad
501 4044 574 4104 illud
603 4042 695 4105 solum
717 4042 973 4117 contemplandum
995 4038 1186 4102 determinata
1207 4036 1257 4097 esi.

76 4153 154 4233 Ergo
176 4154 341 4233 objeslum,
361 4172 418 4217 etc.
462 4158 495 4235 Q.
517 4158 554 4219 E.
575 4158 615 4218 D.

110 4328 122 4355 ⁸
140 4327 188 4378 Ed.
206 4328 259 4379 ΡΜ
278 4329 303 4377 in
317 4327 348 4391 fe
366 4325 433 4394 ipsas.
