2934 4900
199 296 261 373 360
562 295 801 355 Tractatus
842 294 1031 355 Politici

201 469 319 531 cellario
341 471 494 547 imperium
515 470 544 530 in
566 469 676 531 summo
697 470 839 545 periculo.
868 468 942 531 Cunr
966 469 1054 547 igitur
1074 468 1237 533 Distatoria
1259 470 1404 546 poteslas

199 585 332 645 absoluta
360 584 411 659 stt,
441 602 501 644 non
523 583 620 659 potest
642 600 702 643 non
724 581 779 643 else
801 582 937 643 omnibus
960 581 1168 655 formidabilis,
1190 582 1347 657 praesertim
1372 584 1400 642 su

199 696 308 755 statuto
337 712 489 770 tempore,
517 713 551 755 ut
579 693 752 769 requiritur,
780 694 915 755 Distator
937 708 1101 767 crearetur,
1123 691 1190 768 quia
1211 708 1273 753 tum
1297 712 1400 754 unus—

199 806 322 883 quisque
353 806 453 885 gloriae
485 805 610 881 cupidus
643 824 709 867 eum
741 806 882 865 honorem
915 804 1024 864 surumo
1056 804 1153 865 studio
1185 804 1324 878 ambiret3
1358 822 1397 865 et

199 932 309 977 certum
331 916 386 992 est,
410 920 490 993 quod
512 917 542 976 in
564 935 636 992 pace
658 934 718 977 non
743 932 801 975 tarn
823 916 918 977 virtus
940 933 1025 991 quam
1053 914 1203 989 opulentia
1225 914 1397 991 spestatur‚

199 1027 240 1088 ita
267 1044 300 1088 ut
329 1046 389 1105 quo
419 1027 542 1105 quisque
571 1028 740 1103 superbior,
769 1045 805 1087 eo
836 1026 949 1087 facilius
980 1026 1109 1086 honores
1142 1025 1332 1101 adipiscatur:
1356 1044 1394 1085 ct

197 1138 276 1199 forte
302 1138 355 1199 bac
384 1141 419 1199 de
448 1137 532 1200 causa
562 1137 689 1199 Romani
718 1139 800 1199 nullo
831 1138 994 1199 constituto
1016 1154 1169 1213 tempore,
1190 1137 1239 1197 sed
1261 1138 1392 1199 fortuita

199 1252 323 1325 quadam
350 1251 514 1310 necessrtate
543 1250 636 1311 coasii
663 1250 843 1311 Distatorem
865 1252 960 1309 facere
983 1250 1205 1311 consueverant.
1246 1252 1288 1310 At
1309 1250 1389 1311 nihi-

198 1360 325 1423 lominus
346 1380 444 1423 rurnor
464 1362 479 1395 *
500 1359 677 1438 Distatoris,
700 1376 733 1423 ut
756 1361 909 1421 Ciceronis
930 1363 1018 1423 verba
1041 1362 1180 1435 reseram,
1201 1360 1287 1421 bonis
1308 1360 1389 1438 inju-

198 1477 313 1535 cundus
333 1474 400 1534 suit.
441 1474 481 1534 Et
502 1473 585 1549 sane,
609 1474 849 1551 quandoquidem
871 1474 933 1535 lraec
953 1473 1116 1535 Dislatoria
1139 1474 1267 1551 poteslas
1289 1475 1388 1553 Regia

199 1586 330 1648 absolute
352 1586 410 1659 est,
430 1586 528 1662 potest
549 1604 609 1646 non
632 1586 741 1663 absque
772 1604 877 1665 magno
900 1586 987 1661 Reip.
1010 1586 1141 1661 periculo
1163 1584 1313 1661 imperium
1334 1587 1389 1646 ali·

199 1701 317 1775 quando
349 1699 378 1758 in
411 1697 633 1759 Monarchicum
665 1697 789 1775 mutari,
821 1697 931 1758 tametsi
966 1697 993 1757 in
1027 1712 1163 1773 tempus,
1196 1698 1390 1773 quantumvis

197 1813 304 1886 breve,
323 1811 354 1872 id
374 1812 434 1871 fiat.
475 1812 561 1871 Adde
583 1812 681 1887 quod,
703 1810 723 1869 s1
745 1812 781 1871 ad
803 1812 958 1871 creandum
985 1809 1165 1871 Diilatorem
1189 1811 1300 1871 natllurn
1322 1830 1389 1871 cer-

199 1938 261 1982 tum
288 1938 404 1998 tempus
432 1921 611 2001 desrgnatum
640 1922 692 1995 sat,
720 1921 795 1982 ratio
825 1937 887 1982 turn
916 1923 994 1981 nulla
1017 1922 1156 1996 temporis
1177 1920 1391 2013 intercedentis

198 2036 234 2093 ab
256 2051 316 2094 uuo
337 2036 374 2095 ad
396 2033 499 2121 alium,
521 2051 608 2109 quarn
629 2032 751 2093 maxime
774 2032 941 2095 servandam
965 2031 1020 2092 esse
1043 2031 1189 2105 diximus,
1210 2032 1390 2111 baberetur,

199 2164 229 2207 ct
251 2150 333 2223 quod
353 2165 399 2207 res
421 2148 508 2207 etiam
530 2166 603 2225 vaga
625 2148 780 2208 admodum
803 2145 887 2223 esset,
911 2162 944 2207 ut
966 2146 1050 2205 facile
1077 2144 1282 2225 negligeretur.
1322 2148 1387 2208 Nist

199 2259 299 2336 itaque
331 2259 392 2319 haec
423 2258 585 2321 Didatoria
617 2258 747 2334 potestas
781 2275 887 2319 aeterna
916 2258 949 2320 stt
978 2274 1007 2318 et
1036 2258 1160 2335 stabilis,
1186 2278 1252 2334 quae
1273 2260 1391 2323 servata

199 2370 312 2447 imperii
333 2372 425 2433 formai
446 2370 476 2431 in
498 2390 587 2431 unum
610 2371 715 2432 deferri
738 2371 858 2447 nequit,
878 2369 933 2431 erit
954 2388 1023 2450 ergo
1047 2370 1391 2450 ipsa,etconsequentcr

200 2483 288 2558 Reip.
309 2483 384 2545 salus
406 2499 437 2545 et
458 2483 664 2558 conservatio,
687 2486 843 2545 admodum
866 2484 986 2544 incerta.

239 2595 266 2674 S.
288 2596 324 2654 ll.
365 2598 408 2656 At
429 2612 532 2656 contra
554 2595 688 2658 dubitare
711 2614 893 2672 nequaquam
915 2595 1065 2670 possumus
1087 2596 1157 2675 (per
1176 2596 1246 2658 Art.
1267 2615 1295 2674 3.
1315 2600 1389 2677 Cap.

197 2707 260 2784 6.),
288 2710 386 2784 quod,
414 2707 434 2766 s1
463 2709 547 2784 possut
574 2707 689 2770 servati
716 2707 829 2784 imperii
852 2709 943 2769 formai
965 2707 1125 2769 Distatoris
1146 2708 1260 2786 gladius
1281 2727 1388 2786 perpe·

198 2837 284 2896 tuus,
312 2836 341 2882 et
370 2820 451 2881 malis
480 2823 683 2881 tantummodo
716 2819 865 2880 formidini
893 2819 963 2896 esse,
991 2839 1138 2897 nunquam
1160 2821 1290 2897 cousque
1313 2821 1389 2883 vitia

198 2931 373 2995 invalescere
394 2947 554 3008 poterunt,
576 2947 609 2994 ut
631 2933 696 2994 tolli
718 2947 770 2994 aut
792 2933 937 2994 emendari
960 2949 1117 3009 nequeant.
1158 2936 1203 2996 Ut
1225 2935 1315 3011 igitur
1336 2937 1390 2996 bas

198 3064 298 3106 omnes
326 3045 515 3106 conditiones
545 3044 749 3118 obtineamus,
777 3045 971 3123 Syndicorum
993 3045 1158 3106 Concilium
1181 3045 1320 3110 Concilio
1342 3049 1390 3110 su-

197 3174 296 3231 premo
328 3155 575 3216 subordinandum
607 3157 750 3231 diximus,
783 3173 816 3218 ut
849 3156 959 3216 scilicet
991 3157 1163 3218 dictatorius
1193 3158 1239 3218 ille
1273 3161 1390 3238 gladius

199 3281 360 3341 perpetuus
382 3265 452 3326 essct
474 3285 534 3327 non
556 3286 646 3344 penes
668 3268 819 3344 personam
842 3269 966 3346 aliquam
988 3272 1165 3346 naturalem,
1187 3270 1236 3332 sed
1258 3273 1389 3348 civilem,

198 3375 289 3452 cujus
304 3379 429 3438 membra
451 3380 532 3453 plura
554 3378 627 3454 sant,
649 3399 736 3457 quarn
758 3396 792 3440 ut
814 3380 964 3457 imperium
986 3380 1062 3442 inter
1079 3382 1107 3442 se
1126 3383 1231 3459 possunt
1254 3384 1388 3446 dividere

199 3488 270 3567 (per
291 3488 360 3548 Art.
385 3505 410 3548 1.
431 3504 459 3549 et
479 3508 507 3550 2.
532 3491 603 3569 Cap.
625 3491 652 3552 8.
675 3493 740 3570 **),
764 3493 810 3554 uel
832 3492 861 3552 in
883 3491 988 3552 scelere
1011 3493 1110 3570 aliquo
1132 3496 1313 3571 convenire;
1346 3502 1384 3560 ad

201 3604 282 3676 quod
315 3602 446 3677 accedit,
477 3605 558 3679 quod
581 3624 596 3664 a
618 3604 738 3681 reliquis
771 3605 882 3681 imperii
912 3606 1080 3668 muneribus
1108 3607 1266 3670 subeundis
1287 3610 1388 3686 prohi-

200 3713 341 3787 beantur,
370 3716 452 3788 quod
480 3713 589 3775 militiae
618 3716 759 3792 stipendia
783 3735 842 3776 non
866 3717 997 3792 solvant,
1020 3734 1050 3778 ct
1073 3722 1154 3796 quod
1176 3721 1302 3798 denique
1324 3722 1388 3798 ejus

202 3823 297 3885 aetatis
325 3825 396 3899 sint,
426 3841 458 3886 ut
487 3827 640 3902 praesentia
669 3848 701 3888 ac
730 3844 812 3904 tuta,
834 3849 920 3906 quarn
942 3848 1020 3891 trova
1043 3847 1072 3890 et
1094 3831 1256 3908 periculosa
1277 3836 1388 3898 malint.

198 3937 295 4016 Quare
318 3936 441 4014 imperio
462 3940 573 4001 nullum
594 3944 631 4001 ab
652 3941 689 4001 iis
710 3941 887 4017 periculum;
910 3957 941 4002 et
962 3941 1177 4019 consequenter
1199 3964 1259 4006 non
1282 3949 1388 4024 bonis,

234 4119 246 4147 ·
281 4117 365 4168 Saiss‘ct
383 4134 397 4168 e
415 4120 470 4171 Cic.
488 4122 575 4184 epod
594 4125 626 4188 Q.
645 4123 677 4172 sr.
695 4123 742 4173 lll.
761 4125 784 4174 8.
802 4139 828 4185 4.
846 4122 992 4174 Lcslioncrn
1016 4137 1139 4174 memorat
1163 4125 1266 4175 Brudcr.
1288 4155 1317 4163 —-
1335 4129 1387 4178 Ca-

200 4211 280 4250 terum
298 4215 387 4251 ornares
404 4216 460 4252 cum
480 4205 526 4253 Ed.
543 4205 600 4254 l‘r.:
618 4214 710 4254 tremor.

234 4284 262 4313 ¹⁸*
281 4283 329 4332 Ed.
346 4285 401 4333 l‘r.:
416 4296 492 4350 praec.
511 4285 574 4351 Cap.
