2934 4900
359 320 495 397 Caput
526 320 607 381 Vlll.
648 321 693 381 De
715 318 912 381 Aristocratia.
1168 335 1226 397 337

34 515 98 571 quae
131 496 251 573 absque
281 494 439 575 ignominia
472 498 687 570 excluduntur,
720 494 852 570 accedit,
883 496 965 571 quod
995 492 1084 571 hujus
1115 493 1229 569 imperii

36 608 134 669 sonna:
168 624 338 687 repugnat,
368 624 402 669 ut
433 608 555 684 patricia
587 608 713 686 dignitas
745 606 927 668 haereditaria
958 606 993 667 lit
1015 606 1087 685 (per
1108 606 1177 667 Art.
1202 624 1228 667 r.

34 718 120 794 danus
134 721 240 800 Cap).
261 720 318 781 Sed
340 719 490 795 imperium
512 720 565 781 hac
587 720 701 782 ratione
722 718 960 781 Democraticum
981 716 1083 794 potius
1101 716 1229 794 videtur,

35 833 118 907 quale
147 832 178 893 in
212 834 280 895 Art.
304 850 348 893 ro.
368 832 457 909 hujus
485 832 558 909 Cap.
580 830 797 908 descripsimus,
826 834 908 909 quod
938 829 1048 891 scilicet
1069 829 1226 905 paucissimi

35 960 137 1005 tenent
160 946 260 1009 cives.
289 948 431 1007 Attamen
452 960 555 1007 contra
577 964 699 1019 cavere,
721 964 757 1006 ne
778 943 897 1005 Patricii
917 943 995 1005 lilios
1017 942 1084 1005 suos
1107 959 1136 1004 et
1158 960 1230 1003 con·

36 1056 220 1133 sanguineos
249 1058 374 1135 eligant,
402 1072 432 1116 et
461 1057 674 1132 consequenter
702 1074 739 1117 ne
760 1055 921 1131 imperandi
938 1054 987 1131 jus
1009 1054 1038 1115 in
1060 1054 1231 1131 quibusdam

38 1167 152 1229 familiis
186 1187 320 1246 maneat,
353 1170 522 1246 impossibile
555 1170 611 1245 est,
644 1169 702 1230 imo
735 1168 905 1243 absurdum,
932 1182 966 1227 ut
985 1169 1052 1227 Art.
1074 1184 1121 1243 39.
1142 1166 1232 1243 hujus

40 1279 108 1355 Cap.
132 1282 298 1343 ostendam.
331 1284 458 1357 Verum,
479 1284 569 1341 modo
591 1281 621 1342 id
642 1282 723 1342 nullo
745 1278 879 1355 expresso
896 1278 963 1355 jure
984 1278 1156 1354 obtineant,
1177 1296 1231 1339 nec

41 1390 140 1467 reliqui
164 1393 237 1472 (qui
258 1392 368 1453 scilicet
389 1392 419 1453 in
440 1392 564 1469 imperio
586 1392 648 1453 nati
668 1391 750 1468 sunt,
771 1406 802 1451 et
823 1390 920 1466 patrio
941 1390 1071 1451 sermone
1093 1405 1231 1466 utuntur,

42 1522 89 1565 nec
111 1526 243 1569 uxorem
265 1506 442 1586 peregrinam
464 1508 591 1582 habent,
613 1524 666 1567 nec
687 1506 810 1567 infames
831 1504 915 1581 sunt,
936 1522 989 1565 nec
1011 1503 1158 1575 serviunt,
1176 1521 1230 1564 nec

43 1618 166 1695 denique
202 1619 299 1681 servili
331 1619 431 1696 aliquo
463 1618 563 1679 officio
595 1618 686 1681 vitam
718 1618 895 1693 sustentant;
926 1617 1003 1678 inter
1033 1635 1111 1694 quos
1141 1615 1229 1676 etiam

42 1724 197 1804 OEnopolae
227 1744 258 1791 et
286 1728 469 1793 Cerevisrnrii
502 1728 670 1791 numerandi
701 1729 784 1808 sunt)
816 1730 1025 1803 excludantur,
1056 1725 1232 1788 retinebitur

43 1837 232 1903 nihilominus
261 1842 374 1917 imperii
402 1843 509 1917 sorma,
540 1856 570 1903 et
598 1840 673 1901 ratio
702 1840 778 1900 inter
798 1839 943 1901 Patricios
963 1854 993 1899 et
1013 1820 1230 1899 multitudinem

43 1946 146 2011 servari
169 1953 285 2029 semper
305 1952 427 2029 poterit.

81 2060 107 2140 S.
128 2066 200 2125 XV.
242 2067 333 2147 Quod
354 2064 373 2125 sr
395 2080 532 2141 praeterca
553 2066 616 2143 lege
638 2064 796 2138 statuatur,
825 2077 858 2123 ut
879 2062 951 2124 nulli
967 2060 1101 2137 juniores
1122 2061 1230 2140 eligan-

48 2186 107 2247 tur,
135 2196 288 2254 nunquam
310 2179 379 2253 fiet,
399 2193 432 2239 ut
453 2196 553 2253 paucae
576 2175 689 2237 samiliae
707 2176 758 2251 jus
778 2173 938 2250 imperandi
958 2173 1120 2249 retineant;
1140 2189 1230 2249 atque

49 2286 117 2345 adeo
147 2290 213 2368 lege
242 2290 443 2363 statuendum,
471 2303 504 2349 ut
532 2289 645 2363 nullus,
674 2285 725 2347 nist
747 2285 798 2362 qui
819 2287 855 2345 ad
877 2303 982 2345 annum
1004 2285 1099 2345 aetatis
1119 2284 1228 2363 trigest-

51 2411 120 2458 uurn
142 2400 299 2477 pervenit,
320 2401 349 2462 in
371 2403 536 2481 catalogum
558 2400 756 2480 eligendorum
776 2397 875 2460 referri
896 2399 990 2474 polilt.

83 2507 109 2587 §.
128 2513 215 2574 XVI.
255 2513 360 2576 Tertio
397 2513 501 2575 deinde
537 2514 719 2575 statuendum
757 2511 817 2587 est,
853 2526 887 2572 ot
917 2510 1035 2572 Patricii
1064 2528 1165 2572 omncs
1196 2512 1227 2572 in

50 2625 170 2690 quodam
194 2625 274 2686 urbis
294 2627 361 2686 loco
383 2625 499 2688 statutis
527 2625 614 2686 certis
644 2623 826 2700 temporibus
847 2622 1014 2702 congregari
1036 2624 1179 2698 debeant,
1199 2637 1230 2682 et

48 2733 107 2808 (lui,
133 2735 188 2796 nisr
214 2739 317 2798 morbo
344 2753 395 2799 aut
416 2737 535 2813 publico
558 2737 656 2814 aliquo
677 2735 801 2815 negotio
819 2734 993 2810 impeditus,
1009 2732 1147 2794 Concilio
1166 2751 1226 2794 non

49 2837 225 2922 interfuerit,
256 2846 379 2908 sensibili
410 2847 505 2925 aliqua
537 2847 668 2924 pecuniae
703 2865 790 2922 prena
821 2846 982 2906 mulcietur.
1022 2845 1098 2904 Nam
1119 2841 1149 2903 ni
1170 2843 1228 2904 hoc

49 2951 140 3034 fieret,
162 2959 278 3035 plurimi
300 2963 339 3022 ob
360 2960 400 3021 rei
422 2961 586 3022 domesticae
608 2977 705 3021 curam
727 2960 872 3035 publicam
894 2956 1083 3036 negligerent.

85 3067 111 3146 ἓ.
130 3073 229 3133 XVll.
271 3073 368 3150 Hujus
395 3073 522 3135 Concilii
552 3073 680 3134 officium
701 3071 754 3147 srt,
775 3073 854 3150 leges
875 3072 1001 3132 condere
1023 3085 1054 3131 et
1075 3071 1213 3147 abrogare
1219 3113 1230 3144 ,

50 3176 181 3264 Collegas
212 3185 373 3261 Patricios,
404 3201 434 3245 et
467 3203 568 3247 omnes
597 3184 710 3262 inrperii
731 3183 882 3244 Ministros
903 3182 1018 3261 eligere.
1059 3183 1130 3242 Non
1152 3180 1228 3241 enim

48 3287 102 3352 ficri
123 3295 233 3372 potest,
254 3311 287 3357 ut
305 3296 344 3372 is,
362 3295 412 3373 qui
434 3296 596 3372 supremum
611 3296 661 3373 jus
678 3296 783 3371 habet,
802 3310 837 3356 ut
857 3295 915 3356 hoc
937 3292 1102 3356 Concilium
1122 3293 1228 3353 habere

50 3397 209 3483 statuimus,
238 3407 323 3468 alicui
352 3406 525 3483 potestatem
555 3410 606 3468 det
632 3408 712 3486 leges
741 3405 888 3467 condendi
909 3421 940 3467 et
960 3403 1136 3484 abrogandi,
1157 3404 1227 3480 quin

49 3508 121 3576 smol
137 3518 204 3596 jure
225 3519 278 3580 suo
299 3520 402 3594 cedat,
431 3534 461 3579 et
481 3518 511 3579 in
533 3518 611 3580 illum
634 3518 664 3579 id
685 3518 860 3592 transferat,
888 3515 936 3578 cui
957 3515 1032 3576 illam
1053 3513 1227 3592 potestatem

52 3623 140 3706 dedit3
163 3630 288 3707 quippe,
309 3629 359 3706 qui
381 3632 429 3692 vel
450 3647 511 3690 uno
534 3629 597 3690 solo
618 3629 665 3688 die
687 3627 862 3704 potestatem
882 3628 973 3688 habet
990 3628 1069 3706 leges
1080 3626 1227 3688 condendi

51 3742 277 3821 monogami,
306 3741 354 3803 ille
382 3757 475 3803 totam
505 3741 615 3818 imperii
643 3743 764 3801 formam
785 3755 896 3802 mutare
916 3740 1022 3817 potest.
1063 3741 1106 3799 At
1127 3737 1226 3814 quoti-

53 3847 128 3914 diana
157 3853 269 3929 imperii
298 3854 417 3932 negotia
446 3853 508 3914 aliis
537 3855 572 3914 ad
602 3869 716 3928 tempus
738 3853 894 3913 secundom
915 3851 1074 3912 constituta
1091 3849 1155 3926 jura
1177 3851 1228 3910 ad·

55 3958 229 4026 ministranda
252 3967 380 4039 tradere,
408 3979 524 4025 retento
553 3963 686 4040 supremo
708 3963 761 4025 suo
779 3963 861 4040 jure,
883 3962 989 4039 potest.
1030 3959 1229 4035 Praeterea,ll

55 4065 156 4147 illtperii
178 4073 304 4136 Ministri
326 4078 361 4136 ab
383 4075 440 4136 alio
463 4095 547 4152 quam
570 4077 685 4138 abhoc
707 4075 845 4136 Concilio
867 4074 1043 4154 eligerentur
1050 4090 1130 4150 ,tum
1141 4073 1229 4150 hujus

57 4178 171 4247 Concilii
192 4189 316 4248 membra
339 4187 442 4263 pupilli
465 4189 673 4264 potiusquam
695 4187 813 4248 Patricii
836 4186 1001 4264 appellandi
1023 4184 1121 4248 essent.

91 4293 114 4372 §.
134 4298 242 4360 xvlll.
284 4299 361 4359 lluic
390 4299 526 4360 Concilio
554 4301 649 4360 solent
678 4300 796 4376 quidam
817 4301 972 4361 Rectorem
993 4297 1044 4358 seu
1064 4294 1227 4370 Principem

1095 4405 1127 4442 22
