2934 4900
247 342 304 403 322
602 326 843 387 Tractatus
883 325 1070 387 Politici

246 502 328 580 (vide
348 501 418 563 Art.
439 519 483 563 12.
502 500 589 579 basias
611 503 716 583 Cap.),
738 504 810 564 etii
831 502 912 566 cives
933 504 1015 566 suum
1032 502 1082 580 jus
1103 503 1133 563 in
1154 504 1274 563 alterum
1296 503 1437 563 absoluta

187 610 189 615 ’
243 616 437 691 transferunt,
464 614 650 693 ejusdemque
678 616 745 677 fidei
774 616 896 677 omnino
925 616 1131 692 committunt,
1160 614 1208 676 cui
1237 632 1315 675 arma
1336 618 1434 675 dede-

244 742 327 803 runt,
349 742 379 788 et
399 727 513 789 urbium
540 728 718 789 munImenta
745 728 941 790 crediderunt.
982 730 1050 789 Huc
1079 728 1193 789 accedit
1212 728 1338 788 humana
1365 747 1437 788 ava·

242 840 325 916 ritIa,
356 859 414 917 qua
443 840 575 917 plerique
606 838 728 901 maxime
760 844 924 902 ducuntur:
957 839 1019 901 fieri
1050 840 1127 901 enim
1157 858 1218 901 non
1248 840 1370 915 potest,
1406 856 1438 899 ut

243 952 411 1014 auxillatius
441 953 522 1014 miles
551 952 610 1014 fine
641 953 753 1032 magnis
784 954 949 1029 sumptibus
979 955 1179 1028 conducatur,
1206 968 1238 1013 et
1264 953 1350 1015 cives
1384 953 1436 1012 vix

246 1062 308 1139 pati
330 1062 449 1141 possunt
470 1066 655 1141 exactiones,
677 1084 743 1143 quae
764 1065 957 1126 sustentandae
977 1064 1081 1125 otiosae
1103 1063 1211 1125 mistiae
1232 1063 1439 1140 requinrntur.

244 1176 335 1257 Quod
363 1190 460 1237 autem
489 1178 603 1253 nullus,
632 1176 683 1253 qui
710 1176 831 1255 integrae
859 1175 969 1236 militiae
992 1178 1040 1237 vel
1061 1194 1172 1253 magnae
1193 1174 1257 1251 ejus
1278 1176 1358 1251 parti
1383 1175 1439 1234 im·

243 1304 342 1365 peret,
370 1288 422 1349 nist
450 1304 575 1367 cogente
597 1290 781 1365 necesitate,
802 1289 832 1348 in
855 1307 962 1349 annum
983 1290 1020 1349 ad
1044 1287 1184 1348 summum
1204 1286 1360 1365 eligendus
1384 1286 1439 1355 sat,

242 1417 353 1462 norunt
382 1419 501 1477 omnes,
529 1402 581 1479 qui
607 1399 758 1477 historias,
787 1417 845 1463 tarn
873 1400 967 1461 sacras
997 1418 1083 1475 quarn
1112 1400 1266 1475 profanas,
1285 1400 1437 1477 legerunt.

241 1512 334 1573 Ratio
366 1528 463 1574 autern
495 1513 567 1574 nihil
596 1512 655 1574 hoc
676 1512 782 1574 clarius
813 1516 913 1573 docet.
953 1512 1029 1572 Nam
1058 1511 1126 1571 sane
1155 1510 1269 1587 imperii
1289 1512 1387 1571 robur
1409 1508 1437 1567 ei

242 1624 362 1685 omnino
384 1625 525 1701 creditur,
546 1624 594 1686 cui
616 1624 684 1686 satis
706 1624 849 1699 temporis
869 1621 1059 1697 conceditur,
1080 1637 1114 1683 ut
1136 1621 1287 1683 militarem
1307 1622 1434 1700 gloriam

241 1751 387 1813 occupet,
418 1736 563 1813 ipsrusque
596 1754 702 1797 nornen
734 1736 820 1811 supra
851 1736 943 1815 RegIs
975 1736 1144 1808 attollatur,
1176 1737 1223 1797 vel
1255 1735 1346 1795 sadum
1382 1734 1436 1793 libi

242 1846 404 1907 exercitum
431 1847 520 1907 faciat
549 1846 710 1923 obsequio,
739 1846 930 1923 liberalitate,
959 1863 991 1907 et
1012 1846 1132 1923 reliquis
1153 1846 1282 1922 artibus,
1302 1848 1434 1907 ducibus

241 1956 378 2034 assuetis,
410 1958 518 2035 quibus
548 1958 674 2019 alienum
705 1957 874 2033 servitium,
895 1974 926 2019 et
947 1957 999 2017 fibi
1021 1958 1252 2019 dominationem
1283 1973 1434 2035 quaerunt.

241 2070 378 2147 Denique
399 2072 436 2131 ad
457 2070 594 2146 majorem
615 2071 710 2131 totius
731 2070 844 2147 imperii
865 2069 1051 2131 securitatem
1073 2070 1191 2146 addidi,
1219 2073 1302 2147 quod
1322 2071 1356 2131 hi
1379 2070 1431 2129 mi·

241 2179 311 2241 litiae
333 2180 522 2255 imperatores
551 2181 677 2259 eilgendi
705 2182 773 2243 sunt
793 2200 831 2241 ex
852 2180 944 2259 Regis
965 2180 1162 2258 Consiliariis,
1181 2182 1231 2243 vel
1250 2182 1303 2257 qui
1322 2184 1429 2243 eodem

241 2290 340 2352 officio
367 2291 458 2352 fundi
486 2292 569 2369 sunt,
598 2293 655 2355 hoc
684 2293 724 2355 est
753 2292 840 2369 viria,
869 2292 920 2369 qui
949 2311 986 2354 eo
1016 2293 1113 2354 aetatis
1134 2309 1349 2369 pervenerunt,
1371 2310 1428 2369 qua

240 2402 374 2464 homines
395 2404 565 2482 plerumque
586 2420 687 2468 vetera
708 2421 738 2467 et
759 2421 841 2482 tuta,
870 2423 957 2483 quam
979 2424 1058 2470 nova
1080 2421 1111 2467 et
1132 2404 1295 2482 periculosa
1315 2406 1427 2466 malint.

280 2515 307 2596 §.
328 2515 438 2576 XVIII.
480 2517 570 2580 Cives
598 2517 674 2578 Inter
701 2518 730 2579 se
759 2517 874 2579 familiia
903 2518 1124 2597 distinguendos
1152 2517 1207 2578 else
1234 2517 1316 2594 dixi,
1336 2535 1370 2578 et
1391 2535 1428 2576 cx

240 2646 414 2705 unaquaque
443 2631 582 2706 aequalem
612 2628 849 2690 Consiliariorum
870 2648 1020 2691 numerum
1042 2629 1227 2708 eligendum,
1247 2645 1284 2691 ut
1303 2629 1427 2705 majores

239 2742 327 2800 urbes
348 2741 445 2817 plures
473 2741 614 2802 haberent
635 2759 689 2818 pro
712 2760 834 2804 numero
855 2743 965 2806 civium
990 2741 1196 2819 Consliarios,
1217 2757 1249 2802 ct
1268 2744 1374 2818 plura,
1396 2757 1427 2801 ut

240 2870 354 2928 aequum
386 2852 445 2928 est,
476 2855 587 2914 adferre
619 2852 733 2930 possent
766 2855 909 2934 suffragia.
956 2857 1032 2915 Nam
1064 2853 1177 2930 imperii
1207 2855 1365 2932 potentia,
1398 2868 1427 2912 et

239 2964 452 3040 consequenter
468 2963 532 3040 jus,
554 2983 590 3026 ex
611 2965 721 3029 civium
742 2985 864 3028 numero
886 2965 1049 3028 aestimanda
1072 2967 1127 3042 est;
1148 2985 1203 3028 nec
1224 2969 1426 3044 credo,qu0d

240 3077 276 3136 ad
306 3076 380 3136 hanc
410 3075 488 3137 inter
518 3077 598 3140 cives
630 3079 827 3155 aequalitatem
859 3079 1028 3142 servandam
1060 3079 1140 3140 aliud
1172 3080 1298 3140 medium
1326 3081 1426 3155 aptius

240 3187 401 3266 excogitari
431 3189 543 3266 potest;
575 3189 626 3266 qui
658 3209 761 3252 omnes
793 3208 896 3252 natura
925 3190 967 3252 ita
989 3191 1150 3266 comparati
1172 3191 1256 3268 sunt,
1278 3206 1313 3251 ut
1334 3209 1425 3252 unus·

240 3299 362 3376 quisque
383 3301 481 3379 generi
503 3301 555 3362 suo
576 3301 699 3363 adscribi
722 3302 813 3378 velit,
835 3318 866 3363 et
887 3303 973 3379 stirpe
994 3324 1011 3363 a
1033 3302 1154 3379 reliquis
1175 3302 1344 3363 internosci.

280 3409 307 3490 §.
327 3410 406 3471 XIX.
447 3411 589 3473 Praeterea
616 3412 646 3474 ira
674 3413 751 3475 statu
778 3415 902 3475 naturali
930 3415 1130 3491 unusquisque
1157 3414 1229 3475 nihil
1256 3414 1353 3476 minus
1374 3415 1423 3475 fibi

238 3521 387 3584 vindicare
409 3523 424 3556 *
445 3539 475 3583 et
497 3523 631 3602 suijuris
654 3527 750 3587 facere
772 3525 885 3604 potest,
907 3545 993 3603 quam
1014 3527 1124 3603 solum,
1145 3543 1176 3588 et
1197 3526 1339 3604 quicquid
1361 3529 1423 3588 solo

239 3633 279 3694 ita
301 3634 442 3709 adhaeret,
465 3650 499 3695 ut
518 3634 548 3696 id
569 3637 711 3714 nusquam
732 3637 927 3714 abscondere,
947 3657 1000 3698 nec
1019 3654 1208 3716 portarequo
1220 3639 1307 3716 velit,
1317 3642 1422 3716 potest.

238 3744 339 3806 Solum
359 3745 464 3822 igitur,
493 3761 524 3806 et
545 3747 688 3826 quicquid
709 3750 737 3810 ei
759 3769 808 3826 ea,
837 3769 896 3826 qua
916 3749 1044 3812 diximus
1050 3796 1061 3827 ,
1082 3751 1257 3813 conditione
1277 3753 1421 3826 adhaeret,

240 3854 368 3931 apprime
396 3858 559 3920 communis
587 3860 728 3924 Civitatis
753 3862 827 3939 juris
855 3862 913 3938 est,
940 3881 1045 3940 nempe
1075 3882 1176 3925 eorum
1204 3864 1352 3940 omnium,
1374 3865 1421 3941 qui

235 3967 345 4044 januis
372 3968 501 4044 viribus,
528 3972 577 4033 vel
604 3971 686 4050 ejus,
714 3975 762 4035 cui
790 3992 893 4034 omnes
920 3975 1094 4050 potestatem
1123 3979 1283 4053 dederunt,
1311 3979 1417 4054 quaid

239 4078 291 4139 srbi
309 4079 482 4142 vindicare*
493 4083 592 4161 possrt3
610 4099 640 4144 et
656 4085 871 4163 consequenter
892 4087 998 4164 solum,
1020 4103 1049 4148 et
1071 4088 1212 4164 quicquid
1234 4089 1261 4149 ei
1282 4091 1421 4164 adhaeret,

245 4243 521 4254 ..ι-

275 4329 288 4358 *
322 4326 369 4376 Ed.
387 4327 444 4377 I’nt
461 4329 614 4392 uenditare,
632 4329 673 4382 sed
691 4331 724 4380 cf.
745 4330 818 4395 supra
836 4347 892 4399 pag.
909 4331 959 4384 216
975 4349 1034 4385 anat.
