2934 4900
314 294 317 303 Δ
364 338 501 415 Caput
532 340 584 399 Vl.
625 340 671 399 De
692 336 875 399 Monarchia.
1155 348 1215 412 305

48 530 75 571 ea
94 513 238 592 intelligo,
260 532 325 590 qnae
347 516 383 575 ad
405 512 517 589 imperii
539 514 661 575 formam
682 513 791 590 absque
813 516 871 575 ulla
892 511 957 588 ejus
978 511 1103 574 notabili
1123 526 1217 574 muta-

47 624 117 685 tione
137 626 362 689 conservandam
385 624 538 689 necessaria
559 627 636 689 sunt.

81 732 104 811 §-
123 736 171 797 lll.
212 738 304 821 Quod
336 738 356 798 fi
389 756 454 799 cum
484 739 608 799 bumana
640 752 743 799 natura
775 737 816 799 ita
851 750 1049 813 comparatum
1079 734 1166 810 esset,
1187 749 1221 795 ut

47 845 164 907 homines
193 848 241 926 id,
269 852 351 927 quod
379 850 502 911 maxime
530 850 603 911 utile
631 850 687 927 est,
716 849 839 910 maxime
867 863 1024 926 cuperent,
1053 850 1131 909 nrdla
1152 846 1221 908 esset

47 976 111 1033 opus
130 976 190 1022 arte
211 965 250 1023 ad
272 962 458 1023 concordiam
480 978 510 1023 et
531 963 637 1037 fidem;
658 961 708 1023 sed
730 960 799 1037 quia
820 962 907 1039 longe
929 960 1012 1022 aliter
1032 978 1098 1021 cunr
1119 974 1221 1022 natura

47 1069 157 1133 bumana
178 1074 372 1137 constitutum
393 1072 447 1135 esse
468 1074 599 1150 constat,
621 1072 772 1149 imperium
794 1069 951 1133 necessario
962 1071 1005 1131 ita
1014 1071 1221 1133 instituendum

49 1184 95 1259 est,
113 1203 144 1248 ut
165 1206 286 1265 omnes,
306 1204 365 1251 tam
386 1188 438 1267 qui
459 1204 563 1268 tegunt
585 1207 671 1264 quant
694 1187 747 1265 qui
767 1205 925 1267 reguntur,
946 1186 1039 1249 velint
1059 1184 1172 1262 nolint,
1193 1184 1223 1247 id

49 1312 130 1361 tannen
159 1320 266 1381 agant,
299 1304 380 1379 quod
411 1301 572 1363 communis
605 1300 704 1362 salutis
736 1300 870 1374 interest,
900 1299 959 1359 boc
987 1298 1046 1374 esi,
1065 1313 1100 1360 ut
1121 1315 1223 1360 omnes

51 1408 154 1486 sponte,
186 1416 237 1477 vel
268 1414 315 1490 vi,
347 1414 395 1477 vel
426 1414 608 1488 necessitate,
634 1410 728 1473 consti
749 1410 805 1472 stnt
826 1430 864 1471 ex
886 1409 1026 1471 Rationis
1054 1408 1224 1485 praescripto

52 1520 149 1599 nvere3
177 1529 263 1602 quod
291 1526 339 1601 fit,
367 1525 388 1587 st
417 1525 529 1601 imperii
557 1543 602 1587 res
630 1524 672 1587 ita
701 1524 889 1599 ordinentur,
918 1538 953 1585 ut
974 1522 1063 1598 nibil,
1084 1522 1167 1599 quod
1186 1524 1224 1582 ad

52 1648 214 1697 communem
236 1636 357 1699 salutem
378 1636 504 1714 spectat,
525 1636 613 1699 ullius
634 1636 703 1697 fidei
724 1636 858 1698 absolute
876 1633 1086 1696 committatur.
1125 1633 1222 1727 Nemo

51 1742 111 1803 enim
137 1763 195 1809 tam
225 1747 352 1827 vigilans
381 1748 439 1824 est,
469 1748 521 1825 qui
549 1748 707 1825 aliquando
738 1765 799 1808 non
829 1745 984 1821 dormitet,
1006 1760 1037 1805 et
1057 1760 1144 1805 nemo
1165 1758 1224 1803 tam

50 1858 150 1924 potenti
181 1876 301 1935 tamque
323 1857 447 1937 integro
480 1856 577 1918 animo
610 1856 685 1933 fuit,
718 1855 771 1933 qui
800 1855 976 1932 aliquando,
1006 1870 1038 1913 et
1068 1851 1223 1928 prasertim

52 1971 152 2037 quando
173 1970 300 2033 maxime
323 1968 409 2031 animi
431 1968 607 2031 fortitudine
630 1986 707 2043 opus
729 1968 786 2042 ess,
815 1985 876 2028 non
898 1968 1096 2045 frangeretur,
1117 1984 1151 2026 ac
1171 1984 1224 2042 pa·

51 2090 144 2141 teretur
164 2082 258 2146 vinci.
277 2083 317 2143 Et
338 2080 546 2163 satnc.slultitin
568 2081 626 2158 esi,
647 2083 683 2141 ab
705 2080 763 2141 alio
785 2079 816 2141 id
837 2080 971 2159 exigere,
991 2083 1073 2157 quod
1095 2098 1181 2141 nemo
1202 2100 1219 2141 a

53 2186 73 2245 se
96 2192 154 2267 ipso
182 2197 337 2273 impetrare
365 2196 480 2272 potest,
507 2212 611 2271 nempe
638 2209 673 2255 ut
694 2192 775 2254 alteri
797 2193 1006 2270 potiusquam
1027 2191 1080 2253 fibi
1102 2192 1222 2273 vigilet,

52 2314 77 2357 ιι
95 2320 195 2368 avarus
217 2325 279 2369 non
301 2306 353 2383 stt,
370 2325 465 2384 neque
488 2306 624 2382 invidus,
644 2322 741 2383 neque
762 2304 954 2381 ambitiosus,
974 2320 1048 2380 etc.;
1068 2304 1224 2381 prasertim

54 2408 85 2484 is,
102 2416 150 2492 qui
171 2419 303 2482 omniunt
324 2419 479 2482 assessuum
499 2418 686 2480 incitamenta
708 2416 832 2478 maxima
852 2415 988 2494 quotidie
1008 2415 1106 2479 habet.

83 2524 105 2604 ς.
125 2531 177 2592 tv.
220 2534 263 2594 At
285 2531 466 2608 experientia
488 2547 590 2592 contra
611 2534 717 2593 docere
739 2530 871 2605 videtur,
900 2529 981 2605 pacis
1003 2546 1033 2591 et
1055 2531 1221 2592 concordiae

53 2633 185 2720 interesse,
206 2658 242 2704 ut
263 2644 357 2704 omnis
377 2643 507 2720 potestas
527 2645 563 2704 ad
584 2661 674 2704 unum
694 2643 871 2703 conseratur.
902 2643 978 2702 Nam
998 2643 1108 2703 nullum
1129 2641 1221 2718 impe·

52 2743 110 2808 rium
130 2753 243 2817 tamdiu
264 2755 372 2832 absque
401 2757 459 2816 ulla
487 2755 612 2816 notabili
633 2754 798 2816 mutatione
819 2752 915 2830 stetit,
936 2771 1022 2830 quam
1043 2754 1071 2812 T
1073 2771 1204 2815 orcarum
1210 2799 1221 2830 ,

53 2871 74 2914 ιι
100 2880 201 2928 contra
233 2867 311 2927 nulla
342 2867 437 2928 minus
469 2866 625 2940 diuturna,
655 2885 742 2944 quam
773 2865 926 2943 popularia
948 2865 997 2927 serr
1018 2866 1224 2927 Democratica

54 2967 171 3053 suerunt,
193 2995 250 3038 nec
271 2979 347 3054 ulla,
368 2978 419 3038 ubi
441 2993 488 3040 tot
510 2977 668 3041 seditiones
700 2993 898 3041 moverentur.
939 2977 997 3038 Sed
1017 2976 1038 3036 st
1058 2976 1224 3052 servitium,

52 3077 198 3164 barbaries,
220 3107 250 3150 et
271 3089 401 3152 solitudo
423 3109 481 3166 pax
503 3092 675 3168 appellanda
698 3089 749 3165 stt,
769 3089 841 3150 nihil
860 3088 1028 3150 horninibus
1049 3107 1121 3165 pace
1143 3087 1223 3148 mise-

51 3188 107 3255 rius.
126 3199 226 3262 Plures
250 3201 316 3264 sane
338 3219 368 3264 et
389 3203 553 3266 acerbiores
574 3203 785 3265 contentiones
805 3201 882 3263 inter
899 3217 1034 3276 parentes
1051 3215 1082 3260 et
1098 3200 1225 3277 liberos,

51 3319 123 3374 luam
143 3312 220 3374 inter
241 3314 377 3376 dominos
399 3331 430 3376 et
452 3315 552 3379 servos
574 3315 687 3378 moveri
709 3314 822 3392 solent,
850 3332 905 3375 nec
926 3327 1022 3374 tamen
1044 3311 1223 3374 OEconontiae

52 3409 170 3501 interest,
201 3428 255 3507 Jus
283 3443 435 3504 paternum
464 3427 494 3488 in
523 3427 684 3490 dominium
711 3442 841 3502 mutare,
869 3440 899 3485 et
919 3426 1028 3486 liberos
1047 3424 1168 3501 perinde
1188 3444 1222 3486 ac

52 3521 136 3594 servos
161 3537 277 3599 babere.
319 3538 476 3602 Servitutis
505 3539 610 3618 igitur,
638 3558 699 3600 non
727 3538 826 3616 pacis,
848 3537 980 3614 interest,
1001 3555 1114 3598 omnem
1135 3552 1221 3614 pote-

52 3635 138 3706 statem
166 3653 202 3712 ad
232 3669 321 3712 unum
350 3653 520 3714 transferre:
544 3669 609 3712 narn
630 3671 705 3728 pax,
727 3666 761 3712 ut
778 3650 839 3727 jam
858 3650 1004 3726 diximus,
1023 3667 1083 3710 non
1104 3649 1133 3709 in
1154 3649 1222 3710 belli

52 3751 220 3838 briencione,
240 3762 289 3824 sed
312 3763 341 3824 in
363 3764 523 3826 animorum
544 3763 655 3825 unione
678 3763 738 3826 sive
759 3761 918 3824 concordia
938 3759 1077 3823 consistit.

84 3863 107 3944 ξ.
127 3872 164 3932 V.
205 3875 244 3935 Et
274 3875 357 3952 sane,
385 3877 436 3953 qui
464 3879 587 3938 credunt
614 3874 697 3952 posse
724 3875 804 3949 steri,
831 3891 865 3936 ut
886 3895 963 3937 unus
984 3875 1063 3937 solus
1083 3875 1222 3936 summum

53 3970 176 4046 Civitatis
203 3987 256 4066 Jus
286 3987 437 4065 obtineat,
462 3991 550 4068 longe
571 4004 675 4051 errant.
716 3990 772 4069 Jus
793 3988 869 4050 enim
890 3987 951 4049 sold
971 3987 1107 4065 potentia
1127 3991 1223 4049 deter-

52 4085 178 4174 minatu‘r,
206 4113 239 4160 ut
269 4099 375 4178 Capite
397 4118 426 4162 2.
449 4101 643 4163 ostendimus:
672 4117 702 4163 at
724 4100 958 4164 utriushominis
979 4101 1115 4176 potentia
1135 4101 1224 4180 longe

53 4189 129 4274 inpar
158 4210 197 4270 est
229 4226 318 4272 tantae
351 4213 421 4274 moli
454 4213 635 4276 sustinendae.
678 4217 768 4277 Unde
797 4216 847 4291 sit,
877 4229 929 4289 ut,
956 4232 1042 4290 quem
1064 4213 1224 4274 multitudo

53 4304 149 4390 Regem
170 4321 273 4401 elegit,
295 4323 319 4383 is
342 4322 394 4384 sabi
415 4325 610 4400 Imperatores
632 4342 761 4402 quaerat,
783 4325 835 4386 seu
855 4323 1061 4402 Consrliarios,
1081 4325 1132 4385 seu
1152 4325 1223 4385 ami-

1089 4437 1123 4474 20
