2934 4900
196 353 257 433 486
673 349 914 410 Tractatui

197 533 284 604 dum,
308 529 387 589 hunc
412 525 517 586 librum
542 521 673 601 periisse3
700 526 750 586 vel
777 541 845 584 cum
864 521 1053 598 Pamphraste
1073 519 1218 582 Clialdaeo
1237 521 1390 601 Jonttane

196 635 412 714 insaniendum,
432 651 463 698 et
482 639 572 700 verba
591 635 750 712 Scripturae
771 637 809 696 ad
827 634 946 695 libitum
965 635 1152 712 torquenda:
1172 631 1225 692 nic
1245 629 1392 692 enimliac

197 749 370 813 difficultate
398 765 497 810 motui
522 747 625 808 maluit
652 746 832 823 Scriptutam
863 762 1067 822 corrumpere,
1086 759 1175 821 quain
1194 741 1393 822 ignorantiam

197 857 276 922 suam
302 857 397 920 fateri.
424 860 538 936 Nempe
564 857 628 918 liaec
659 855 724 918 libii
751 855 851 938 Josuae
879 855 970 919 verba
997 855 1084 934 (vide
1104 873 1171 930 cap.
1191 871 1241 932 24
1263 853 1310 915 vs.
1331 853 1394 928 26.)

199 963 331 1048 umbro-i
389 989 475 1046 nain
534 985 629 1044 iem
689 959 785 1042 nien
840 984 973 1042 minin
1027 985 1078 1044 nit
1130 982 1240 1045 nmini
1296 981 1396 1040 :mn

191 1089 365 1170 scripsitque
377 1091 467 1167 Josua
480 1087 540 1149 dac
554 1085 647 1147 verba
660 1091 692 1146 i'n
706 1087 784 1145 libro
797 1087 887 1162 Legis
903 1083 980 1161 Dei,
993 1082 1156 1145 Chaldaice
1176 1082 1215 1144 lic
1229 1082 1397 1157 transtulit,

199 1218 299 1276 nini-i
328 1217 453 1276 aritine
485 1215 581 1272 noni
613 1214 768 1286 punitati
798 1186 894 1286 ibim
926 1213 1056 1270 nmine
1087 1211 1125 1268 n*
1159 1211 1287 1273 nini-ii
1310 1211 1399 1268 :nii

198 1333 226 1380 ei
249 1319 370 1403 fcrlpssi
399 1318 489 1394 Josua
518 1314 578 1376 liaec
608 1312 701 1374 uerba
732 1326 761 1374 et
790 1313 944 1391 wstodi‘vt't
971 1330 1007 1372 ea
1036 1329 1099 1371 euni
1118 1312 1195 1371 libro
1215 1313 1307 1387 Legis
1328 1311 1400 1372 Dei.

199 1427 280 1514 Quid
300 1447 365 1490 cuin
385 1425 442 1488 illis
462 1445 547 1506 agas,
568 1425 620 1504 qui
641 1425 712 1486 nihil
733 1424 857 1502 vident,
875 1422 928 1483 nili
939 1425 1021 1500 quod
1031 1421 1227 1499 lubetiquid
1233 1468 1243 1499 ,
1256 1421 1401 1498 inquam,

198 1543 257 1603 lioc
285 1539 364 1603 aliud
384 1538 441 1614 cll,
462 1557 549 1616 quam
570 1535 659 1614 ipsam
680 1537 861 1613 scripturam
881 1554 1005 1615 negare,
1027 1551 1059 1597 et
1080 1553 1190 1598 novam
1211 1553 1249 1596 ex
1271 1535 1402 1612 proprio

200 1654 320 1712 cerebro
350 1649 479 1712 cudere?
509 1650 575 1711 Nos
606 1647 696 1728 igitur
726 1648 949 1724 concludimus,
978 1649 1059 1710 lianc
1088 1647 1195 1711 librum
1226 1649 1302 1728 legii
1323 1648 1404 1724 Dei,

201 1780 287 1838 quem
313 1759 414 1821 Moses
440 1757 567 1835 scripit,
594 1777 655 1820 non
683 1757 768 1819 fuisse
796 1755 1040 1834 Pentateuchon,
1069 1759 1118 1822 sed
1144 1759 1264 1837 prorsus
1291 1759 1404 1836 adum,

202 1891 288 1950 quein
319 1887 407 1932 autor
436 1869 627 1932 Pentateuchi
655 1869 708 1932 suo
738 1869 822 1945 operi
850 1868 954 1933 ordine
982 1869 1122 1947 inseruit3
1150 1875 1234 1949 quod
1260 1891 1332 1933 cum
1364 1892 1403 1932 ex

202 1984 292 2043 modo
323 1979 424 2056 dietis,
452 1977 515 2042 tum
546 1999 584 2041 ex
612 1980 672 2057 jam
703 1980 837 2042 dicendis
867 1981 1079 2044 evidentili'ime
1109 1983 1251 2060 sequitur.
1278 1985 1405 2060 Nempe

202 2114 268 2158 cuin
299 2095 328 2185 in
356 2093 582 2157 Deuteronomii
600 2095 669 2155 loco
688 2093 748 2170 jani
779 2093 873 2155 citato
904 2111 1053 2172 narratur,
1084 2097 1168 2173 quod
1196 2095 1302 2158 Moses
1323 2098 1405 2176 legis

201 2207 306 2268 librum
327 2206 454 2284 scripsit,
470 2207 552 2269 addit
573 2205 755 2282 Historicui,
775 2207 858 2283 quod
878 2207 981 2269 Mosei
1002 2225 1069 2270 eum
1089 2208 1295 2270 sacerdotibus
1305 2209 1404 2270 tradi·

204 2318 265 2395 dit,
295 2333 326 2380 et
356 2320 438 2394 quod
468 2332 608 2394 practerea
639 2337 692 2379 eoa
718 2317 853 2396 jusserit,
885 2335 919 2382 ut
940 2319 1035 2397 ipsum
1056 2335 1138 2383 certo
1159 2337 1296 2398 tempore
1316 2321 1406 2382 omni

204 2431 318 2509 populo
339 2429 544 2510 praelegetent3
565 2432 648 2507 quod
669 2430 817 2508 ostendit,
835 2431 915 2494 hunc
935 2431 1041 2494 librum
1061 2434 1151 2513 longe
1171 2433 1295 2495 minoris
1311 2435 1407 2497 molis

204 2540 286 2602 fuisse
307 2560 393 2619 quam
414 2542 652 2619 Pentateuchon,
673 2544 915 2621 quandoquidem
937 2544 968 2605 in
990 2564 1050 2606 una
1070 2546 1218 2608 concione
1232 2548 1277 2607 ita
1287 2548 1407 2628 perlegi

206 2668 340 2732 poterat,
361 2669 395 2714 ut
417 2655 452 2713 ab
475 2652 611 2714 omnibus
632 2653 853 2734 intelligeretur.
879 2658 945 2717 Nec
964 2655 1014 2718 liic
1034 2660 1288 2735 praetereundum,
1315 2664 1406 2737 quod

205 2784 243 2827 ex
265 2764 400 2827 omnibus
419 2764 516 2842 libris,
536 2784 613 2843 quos
641 2766 744 2827 Moses
763 2766 892 2844 scripsit,
912 2769 991 2830 hunc
1012 2788 1104 2831 unum
1126 2768 1246 2832 secundi
1268 2772 1349 2847 pasti
1372 2788 1406 2833 et

206 2876 361 2937 Canticum
388 2874 484 2957 (quod
509 2876 609 2953 postea
630 2877 720 2938 etiam
741 2877 870 2955 scripsit,
892 2895 926 2940 ut
947 2881 978 2941 id
1000 2880 1153 2945 universus
1173 2885 1305 2960 populus
1337 2885 1405 2946 edi-

205 2988 311 3068 sceret)
331 2985 466 3067 religiose
486 2988 599 3051 servare
621 3004 652 3049 et
672 2988 818 3050 custodire
843 2989 965 3066 jusserit.
984 2993 1079 3069 Nam,
1101 2992 1172 3070 quia
1193 2994 1287 3070 primo
1309 2998 1405 3071 paflo

207 3118 268 3162 non
299 3098 350 3161 nisi
381 3099 553 3177 praesentes,
584 3100 636 3177 qui
667 3102 803 3175 aderant,
836 3102 1037 3181 obligaverat,
1069 3118 1100 3165 at
1133 3104 1263 3167 secundo
1295 3126 1406 3169 omnes

207 3212 295 3273 etiam
315 3228 415 3272 eorum
435 3212 568 3287 posteros
589 3212 672 3290 (vide
693 3214 784 3275 Deut.
806 3232 871 3290 cap.
893 3232 942 3291 29.
964 3216 1007 3278 vs.
1032 3232 1086 3297 14,
1110 3217 1189 3296 15.),
1209 3216 1280 3278 ideo
1308 3218 1405 3296 hujus

208 3320 326 3384 secundi
352 3322 429 3398 padi
458 3320 562 3383 librum
590 3321 698 3383 futuris
727 3321 840 3385 faculis
872 3325 1006 3405 religiose
1036 3327 1210 3390 servandum
1238 3328 1339 3405 juffit,
1372 3347 1404 3391 et

208 3450 347 3513 praeterea
376 3434 479 3509 etiam,
507 3449 540 3495 ut
569 3433 715 3510 diximus,
743 3434 917 3512 Canticum,
940 3439 1023 3514 quod
1044 3439 1144 3499 sutura
1162 3438 1267 3500 saeeula
1286 3440 1403 3517 potiffe

209 3566 286 3609 muni
316 3545 443 3623 respicit.
474 3543 548 3607 Cum
580 3546 681 3623 itaque
712 3565 773 3608 non
805 3548 937 3625 constet,
967 3548 1073 3611 Mosen
1106 3550 1181 3613 alios
1210 3567 1318 3627 praeter
1344 3556 1404 3615 lios

209 3660 300 3721 libros
330 3654 479 3733 scripsisse,
511 3672 543 3718 et
573 3656 635 3734 ipse
665 3658 777 3719 nullum
807 3659 895 3721 alium
927 3674 1033 3736 praeter
1062 3661 1208 3722 Libellum
1239 3662 1312 3742 legis
1333 3682 1402 3725 cum

210 3772 337 3835 Cantico
358 3770 521 3847 posteritati
550 3769 684 3850 religiose
705 3771 878 3835 servandum
899 3772 1099 3849 mandaverit,
1116 3788 1149 3834 et
1167 3773 1297 3851 denique
1316 3777 1403 3850 plura

210 3886 240 3948 in
262 3883 465 3947 Pentateucho
488 3884 664 3960 occurrant,
680 3903 746 3960 quae
767 3902 783 3945 a
804 3884 891 3947 Mose
912 3885 998 3947 scribi
1018 3903 1080 3947 non
1101 3882 1282 3964 potuerunt3
1302 3884 1402 3964 sequi·

211 4014 274 4075 tur,
302 3996 444 4058 neminem
474 4013 539 4057 cuin
568 3995 777 4073 fundamento,
803 3998 853 4059 sed
874 3999 996 4060 omnino
1017 4012 1120 4059 eontra
1141 3985 1303 4060 Rationim
1323 3998 1402 4061 affir-

211 4128 305 4187 mare,
326 4108 433 4169 Mosen
456 4124 588 4169 autorem
609 4106 664 4169 esse
692 4108 897 4171 Pentateuchi.
938 4110 981 4169 At
1001 4108 1049 4169 liic
1070 4107 1176 4185 aliquis
1196 4108 1295 4170 forsan
1314 4126 1400 4189 roga·

211 4222 273 4297 bit,
304 4238 373 4281 nuni
404 4219 505 4279 Mosei
537 4234 643 4295 praeter
671 4219 735 4281 haec
767 4238 828 4282 non
859 4220 948 4281 etiam
978 4218 1122 4295 scripserit
1141 4220 1239 4299 leges,
1259 4238 1327 4281 cuin
1347 4221 1399 4298 ipsi

213 4334 335 4412 primum
355 4330 573 4393 revelarentur?
594 4331 652 4390 hoc
674 4330 730 4405 est,
752 4350 788 4391 an
808 4331 906 4407 spatio
927 4329 1119 4410 qnadraginta
1141 4348 1285 4391 annorum
1306 4334 1399 4393 nullas
