<?xml version="1.0" encoding="UTF-8"?>
<!DOCTYPE html PUBLIC "-//W3C//DTD XHTML 1.0 Transitional//EN"
    "http://www.w3.org/TR/xhtml1/DTD/xhtml1-transitional.dtd">
<html xmlns="http://www.w3.org/1999/xhtml" xml:lang="en" lang="en">
 <head>
  <title>
</title>
<meta http-equiv="Content-Type" content="text/html;charset=utf-8" />
  <meta name='ocr-system' content='tesseract 3.04.00' />
  <meta name='ocr-capabilities' content='ocr_page ocr_carea ocr_par ocr_line ocrx_word'/>
</head>
<body>
  <div class='ocr_page' id='page_1' title='image "benedictidespin02landgoog_0340.png"; bbox 0 0 2934 4900; ppageno 0'>
   <div class='ocr_carea' id='block_1_1' title="bbox 210 331 1027 407">
    <p class='ocr_par' dir='ltr' id='par_1_1' title="bbox 210 331 1027 407">
     <span class='ocr_line' id='line_1_1' title="bbox 210 331 1027 407; baseline 0.001 -17"><span class='ocrx_word' id='word_1_1' title='bbox 210 332 269 407; x_wconf 83' lang='lat'>316</span> <span class='ocrx_word' id='word_1_2' title='bbox 565 332 803 393; x_wconf 85' lang='lat' dir='ltr'>Tractatus</span> <span class='ocrx_word' id='word_1_3' title='bbox 843 331 1027 392; x_wconf 85' lang='lat' dir='ltr'>Politici</span> 
     </span>
    </p>
   </div>
   <div class='ocr_carea' id='block_1_2' title="bbox 206 505 1410 4059">
    <p class='ocr_par' dir='ltr' id='par_1_2' title="bbox 209 505 1410 1148">
     <span class='ocr_line' id='line_1_2' title="bbox 210 505 1408 585; baseline -0.001 -18"><span class='ocrx_word' id='word_1_4' title='bbox 210 507 295 567; x_wconf 87' lang='lat' dir='ltr'>strare</span> <span class='ocrx_word' id='word_1_5' title='bbox 317 524 460 584; x_wconf 86' lang='lat' dir='ltr'>nequeat,</span> <span class='ocrx_word' id='word_1_6' title='bbox 482 526 535 568; x_wconf 91' lang='lat' dir='ltr'>nec</span> <span class='ocrx_word' id='word_1_7' title='bbox 557 508 667 583; x_wconf 85' lang='lat' dir='ltr'><strong>semper</strong></span> <span class='ocrx_word' id='word_1_8' title='bbox 689 507 814 569; x_wconf 89' lang='lat' dir='ltr'>animum</span> <span class='ocrx_word' id='word_1_9' title='bbox 836 507 1005 583; x_wconf 82' lang='lat' dir='ltr'>praesentem</span> <span class='ocrx_word' id='word_1_10' title='bbox 1025 507 1132 567; x_wconf 90' lang='lat' dir='ltr'>habere</span> <span class='ocrx_word' id='word_1_11' title='bbox 1152 522 1182 567; x_wconf 93' lang='lat' dir='ltr'>et</span> <span class='ocrx_word' id='word_1_12' title='bbox 1202 509 1241 568; x_wconf 88' lang='lat' dir='ltr'>ad</span> <span class='ocrx_word' id='word_1_13' title='bbox 1258 505 1408 585; x_wconf 84' lang='lat' dir='ltr'>cogitan-</span> 
     </span>
     <span class='ocr_line' id='line_1_3' title="bbox 210 617 1410 697; baseline -0.003 -17"><span class='ocrx_word' id='word_1_14' title='bbox 210 623 278 682; x_wconf 90' lang='lat' dir='ltr'>dum</span> <span class='ocrx_word' id='word_1_15' title='bbox 307 619 472 695; x_wconf 90' lang='lat' dir='ltr'>instituere,</span> <span class='ocrx_word' id='word_1_16' title='bbox 499 636 529 681; x_wconf 92' lang='lat' dir='ltr'>et</span> <span class='ocrx_word' id='word_1_17' title='bbox 556 621 630 697; x_wconf 86' lang='lat' dir='ltr'>saepe</span> <span class='ocrx_word' id='word_1_18' title='bbox 660 624 764 680; x_wconf 92' lang='lat' dir='ltr'>morbo</span> <span class='ocrx_word' id='word_1_19' title='bbox 792 635 844 681; x_wconf 92' lang='lat' dir='ltr'>aut</span> <span class='ocrx_word' id='word_1_20' title='bbox 871 619 1035 693; x_wconf 75' lang='lat' dir='ltr'>senectute,</span> <span class='ocrx_word' id='word_1_21' title='bbox 1063 635 1115 681; x_wconf 93' lang='lat' dir='ltr'>aut</span> <span class='ocrx_word' id='word_1_22' title='bbox 1142 618 1207 679; x_wconf 86' lang='lat' dir='ltr'>aliis</span> <span class='ocrx_word' id='word_1_23' title='bbox 1226 620 1263 679; x_wconf 93' lang='lat' dir='ltr'>de</span> <span class='ocrx_word' id='word_1_24' title='bbox 1284 617 1410 691; x_wconf 84' lang='lat' dir='ltr'>caulis,</span> 
     </span>
     <span class='ocr_line' id='line_1_4' title="bbox 210 731 1409 810; baseline -0.003 -18"><span class='ocrx_word' id='word_1_25' title='bbox 210 736 296 793; x_wconf 90' lang='lat' dir='ltr'>rebus</span> <span class='ocrx_word' id='word_1_26' title='bbox 325 750 426 795; x_wconf 87' lang='lat' dir='ltr'>vacare</span> <span class='ocrx_word' id='word_1_27' title='bbox 455 733 579 809; x_wconf 87' lang='lat' dir='ltr'><strong>publicis</strong></span> <span class='ocrx_word' id='word_1_28' title='bbox 611 733 818 809; x_wconf 89' lang='lat' dir='ltr'>prohibeatur;</span> <span class='ocrx_word' id='word_1_29' title='bbox 849 731 959 792; x_wconf 82' lang='lat' dir='ltr'>necesse</span> <span class='ocrx_word' id='word_1_30' title='bbox 987 750 1057 810; x_wconf 92' lang='lat' dir='ltr'>ergo</span> <span class='ocrx_word' id='word_1_31' title='bbox 1083 732 1141 807; x_wconf 87' lang='lat' dir='ltr'>est,</span> <span class='ocrx_word' id='word_1_32' title='bbox 1167 745 1202 791; x_wconf 92' lang='lat' dir='ltr'>ut</span> <span class='ocrx_word' id='word_1_33' title='bbox 1229 731 1409 790; x_wconf 86' lang='lat' dir='ltr'>Monarcha</span> 
     </span>
     <span class='ocr_line' id='line_1_5' title="bbox 211 841 1408 923; baseline -0.003 -18"><span class='ocrx_word' id='word_1_34' title='bbox 211 844 397 907; x_wconf 81' lang='lat' dir='ltr'>Consiliatios</span> <span class='ocrx_word' id='word_1_35' title='bbox 429 846 552 922; x_wconf 89' lang='lat' dir='ltr'>habeat,</span> <span class='ocrx_word' id='word_1_36' title='bbox 583 846 634 923; x_wconf 91' lang='lat' dir='ltr'>qni</span> <span class='ocrx_word' id='word_1_37' title='bbox 664 863 757 907; x_wconf 86' lang='lat' dir='ltr'>rerum</span> <span class='ocrx_word' id='word_1_38' title='bbox 789 846 891 907; x_wconf 86' lang='lat' dir='ltr'>statum</span> <span class='ocrx_word' id='word_1_39' title='bbox 922 844 1061 919; x_wconf 85' lang='lat' dir='ltr'>noscant,</span> <span class='ocrx_word' id='word_1_40' title='bbox 1081 859 1112 904; x_wconf 89' lang='lat' dir='ltr'>et</span> <span class='ocrx_word' id='word_1_41' title='bbox 1132 846 1242 922; x_wconf 84' lang='lat' dir='ltr'>Regem</span> <span class='ocrx_word' id='word_1_42' title='bbox 1271 841 1408 903; x_wconf 81' lang='lat' dir='ltr'>consilio</span> 
     </span>
     <span class='ocr_line' id='line_1_6' title="bbox 209 956 1406 1035; baseline -0.004 -16"><span class='ocrx_word' id='word_1_43' title='bbox 209 958 332 1035; x_wconf 85' lang='lat' dir='ltr'>juvent,</span> <span class='ocrx_word' id='word_1_44' title='bbox 360 974 390 1020; x_wconf 92' lang='lat' dir='ltr'>et</span> <span class='ocrx_word' id='word_1_45' title='bbox 418 958 507 1035; x_wconf 80' lang='lat' dir='ltr'>ipsius</span> <span class='ocrx_word' id='word_1_46' title='bbox 534 961 630 1021; x_wconf 92' lang='lat' dir='ltr'>locum</span> <span class='ocrx_word' id='word_1_47' title='bbox 660 959 735 1035; x_wconf 83' lang='lat' dir='ltr'>saepe</span> <span class='ocrx_word' id='word_1_48' title='bbox 757 960 927 1035; x_wconf 90' lang='lat' dir='ltr'>suppleant;</span> <span class='ocrx_word' id='word_1_49' title='bbox 948 973 1038 1034; x_wconf 90' lang='lat' dir='ltr'>atquc</span> <span class='ocrx_word' id='word_1_50' title='bbox 1059 960 1134 1018; x_wconf 86' lang='lat' dir='ltr'>adeo</span> <span class='ocrx_word' id='word_1_51' title='bbox 1154 957 1221 1030; x_wconf 89' lang='lat' dir='ltr'>fiat,</span> <span class='ocrx_word' id='word_1_52' title='bbox 1243 971 1276 1016; x_wconf 92' lang='lat' dir='ltr'>ut</span> <span class='ocrx_word' id='word_1_53' title='bbox 1297 956 1406 1030; x_wconf 89' lang='lat' dir='ltr'>Impe-</span> 
     </span>
     <span class='ocr_line' id='line_1_7' title="bbox 210 1068 1142 1148; baseline -0.002 -18"><span class='ocrx_word' id='word_1_54' title='bbox 210 1069 282 1130; x_wconf 84' lang='lat' dir='ltr'><strong>rium</strong></span> <span class='ocrx_word' id='word_1_55' title='bbox 305 1070 355 1132; x_wconf 90' lang='lat' dir='ltr'>seu</span> <span class='ocrx_word' id='word_1_56' title='bbox 376 1070 491 1133; x_wconf 89' lang='lat' dir='ltr'>Civitas</span> <span class='ocrx_word' id='word_1_57' title='bbox 512 1076 569 1133; x_wconf 77' lang='lat' dir='ltr'>una</span> <span class='ocrx_word' id='word_1_58' title='bbox 591 1072 701 1147; x_wconf 87' lang='lat' dir='ltr'>semper</span> <span class='ocrx_word' id='word_1_59' title='bbox 721 1074 880 1148; x_wconf 77' lang='lat' dir='ltr'>eidemque</span> <span class='ocrx_word' id='word_1_60' title='bbox 901 1086 999 1131; x_wconf 89' lang='lat' dir='ltr'>mente</span> <span class='ocrx_word' id='word_1_61' title='bbox 1020 1068 1142 1129; x_wconf 87' lang='lat' dir='ltr'>constet.</span> 
     </span>
    </p>

    <p class='ocr_par' dir='ltr' id='par_1_3' title="bbox 206 1180 1405 3593">
     <span class='ocr_line' id='line_1_8' title="bbox 250 1180 1405 1263; baseline -0.004 -20"><span class='ocrx_word' id='word_1_62' title='bbox 250 1182 276 1263; x_wconf 81' lang='lat'>§.</span> <span class='ocrx_word' id='word_1_63' title='bbox 298 1184 351 1244; x_wconf 91' lang='lat' dir='ltr'>lV.</span> <span class='ocrx_word' id='word_1_64' title='bbox 392 1186 449 1245; x_wconf 87' lang='lat' dir='ltr'>Sed</span> <span class='ocrx_word' id='word_1_65' title='bbox 481 1184 549 1261; x_wconf 90' lang='lat' dir='ltr'>quia</span> <span class='ocrx_word' id='word_1_66' title='bbox 580 1203 644 1245; x_wconf 91' lang='lat' dir='ltr'>curn</span> <span class='ocrx_word' id='word_1_67' title='bbox 675 1185 800 1244; x_wconf 91' lang='lat' dir='ltr'>humana</span> <span class='ocrx_word' id='word_1_68' title='bbox 831 1199 934 1244; x_wconf 91' lang='lat' dir='ltr'>natura</span> <span class='ocrx_word' id='word_1_69' title='bbox 964 1182 1006 1243; x_wconf 90' lang='lat' dir='ltr'>ita</span> <span class='ocrx_word' id='word_1_70' title='bbox 1037 1195 1236 1257; x_wconf 90' lang='lat' dir='ltr'>comparatum</span> <span class='ocrx_word' id='word_1_71' title='bbox 1269 1180 1332 1255; x_wconf 88' lang='lat' dir='ltr'>est,</span> <span class='ocrx_word' id='word_1_72' title='bbox 1368 1196 1405 1238; x_wconf 93' lang='lat' dir='ltr'>ut</span> 
     </span>
     <span class='ocr_line' id='line_1_9' title="bbox 210 1292 1404 1371; baseline -0.003 -18"><span class='ocrx_word' id='word_1_73' title='bbox 210 1292 406 1371; x_wconf 83' lang='lat' dir='ltr'>unusquisque</span> <span class='ocrx_word' id='word_1_74' title='bbox 437 1294 518 1356; x_wconf 83' lang='lat' dir='ltr'>sctum</span> <span class='ocrx_word' id='word_1_75' title='bbox 540 1294 684 1371; x_wconf 90' lang='lat' dir='ltr'>privatum</span> <span class='ocrx_word' id='word_1_76' title='bbox 707 1294 778 1356; x_wconf 91' lang='lat' dir='ltr'>utile</span> <span class='ocrx_word' id='word_1_77' title='bbox 799 1295 908 1356; x_wconf 88' lang='lat' dir='ltr'>summo</span> <span class='ocrx_word' id='word_1_78' title='bbox 929 1314 994 1355; x_wconf 91' lang='lat' dir='ltr'>cum</span> <span class='ocrx_word' id='word_1_79' title='bbox 1016 1294 1122 1355; x_wconf 71' lang='lat' dir='ltr'>affectu</span> <span class='ocrx_word' id='word_1_80' title='bbox 1143 1308 1272 1370; x_wconf 86' lang='lat' dir='ltr'>quaerat,</span> <span class='ocrx_word' id='word_1_81' title='bbox 1293 1308 1323 1352; x_wconf 94' lang='lat' dir='ltr'>et</span> <span class='ocrx_word' id='word_1_82' title='bbox 1348 1292 1404 1351; x_wconf 85' lang='grc'><strong>1111</strong></span> 
     </span>
     <span class='ocr_line' id='line_1_10' title="bbox 206 1403 1402 1483; baseline -0.002 -17"><span class='ocrx_word' id='word_1_83' title='bbox 206 1403 271 1480; x_wconf 83' lang='lat' dir='ltr'>jura</span> <span class='ocrx_word' id='word_1_84' title='bbox 301 1406 451 1483; x_wconf 83' lang='lat' dir='ltr'>aequiffima</span> <span class='ocrx_word' id='word_1_85' title='bbox 480 1406 533 1467; x_wconf 86' lang='lat' dir='ltr'>else</span> <span class='ocrx_word' id='word_1_86' title='bbox 558 1406 690 1483; x_wconf 87' lang='lat' dir='ltr'>judicet,</span> <span class='ocrx_word' id='word_1_87' title='bbox 718 1426 783 1483; x_wconf 86' lang='lat' dir='ltr'>quae</span> <span class='ocrx_word' id='word_1_88' title='bbox 810 1406 852 1467; x_wconf 89' lang='lat' dir='ltr'>rei</span> <span class='ocrx_word' id='word_1_89' title='bbox 880 1405 937 1468; x_wconf 88' lang='lat' dir='ltr'>suae</span> <span class='ocrx_word' id='word_1_90' title='bbox 966 1406 1171 1469; x_wconf 73' lang='lat' dir='ltr'>conservandae</span> <span class='ocrx_word' id='word_1_91' title='bbox 1199 1421 1231 1466; x_wconf 90' lang='lat' dir='ltr'>et</span> <span class='ocrx_word' id='word_1_92' title='bbox 1251 1407 1402 1483; x_wconf 79' lang='lat' dir='ltr'>augendae</span> 
     </span>
     <span class='ocr_line' id='line_1_11' title="bbox 210 1514 1401 1594; baseline -0.003 -18"><span class='ocrx_word' id='word_1_93' title='bbox 210 1514 361 1577; x_wconf 86' lang='lat' dir='ltr'>netellaria</span> <span class='ocrx_word' id='word_1_94' title='bbox 389 1517 459 1593; x_wconf 82' lang='lat' dir='ltr'>elle,</span> <span class='ocrx_word' id='word_1_95' title='bbox 488 1533 518 1578; x_wconf 92' lang='lat' dir='ltr'>et</span> <span class='ocrx_word' id='word_1_96' title='bbox 546 1518 664 1579; x_wconf 88' lang='lat' dir='ltr'>alterius</span> <span class='ocrx_word' id='word_1_97' title='bbox 691 1518 803 1580; x_wconf 88' lang='lat' dir='ltr'>causam</span> <span class='ocrx_word' id='word_1_98' title='bbox 832 1534 955 1579; x_wconf 74' lang='lat' dir='ltr'>eatenus</span> <span class='ocrx_word' id='word_1_99' title='bbox 982 1519 1138 1594; x_wconf 83' lang='lat' dir='ltr'>defendat,</span> <span class='ocrx_word' id='word_1_100' title='bbox 1165 1532 1312 1594; x_wconf 87' lang='lat' dir='ltr'>quatenus</span> <span class='ocrx_word' id='word_1_101' title='bbox 1331 1534 1401 1575; x_wconf 88' lang='lat' dir='ltr'>rem</span> 
     </span>
     <span class='ocr_line' id='line_1_12' title="bbox 212 1626 1400 1708; baseline -0.002 -20"><span class='ocrx_word' id='word_1_102' title='bbox 212 1629 289 1689; x_wconf 89' lang='lat' dir='ltr'>suam</span> <span class='ocrx_word' id='word_1_103' title='bbox 317 1648 354 1690; x_wconf 93' lang='lat' dir='ltr'>eo</span> <span class='ocrx_word' id='word_1_104' title='bbox 383 1630 446 1707; x_wconf 90' lang='lat' dir='ltr'>ipso</span> <span class='ocrx_word' id='word_1_105' title='bbox 475 1630 597 1692; x_wconf 88' lang='lat' dir='ltr'>stabilire</span> <span class='ocrx_word' id='word_1_106' title='bbox 626 1630 735 1707; x_wconf 90' lang='lat' dir='ltr'>credit;</span> <span class='ocrx_word' id='word_1_107' title='bbox 763 1631 831 1692; x_wconf 91' lang='lat' dir='ltr'>hinc</span> <span class='ocrx_word' id='word_1_108' title='bbox 860 1630 1004 1708; x_wconf 87' lang='lat' dir='ltr'>sequitur,</span> <span class='ocrx_word' id='word_1_109' title='bbox 1025 1628 1214 1691; x_wconf 79' lang='lat' dir='ltr'>consiliarios</span> <span class='ocrx_word' id='word_1_110' title='bbox 1234 1626 1400 1689; x_wconf 82' lang='lat' dir='ltr'>necelsario</span> 
     </span>
     <span class='ocr_line' id='line_1_13' title="bbox 211 1738 1400 1820; baseline -0.003 -19"><span class='ocrx_word' id='word_1_111' title='bbox 211 1742 315 1801; x_wconf 87' lang='lat' dir='ltr'>debere</span> <span class='ocrx_word' id='word_1_112' title='bbox 347 1740 430 1820; x_wconf 84' lang='lat' dir='ltr'>eligi,</span> <span class='ocrx_word' id='word_1_113' title='bbox 463 1761 586 1819; x_wconf 89' lang='lat' dir='ltr'>qnorum</span> <span class='ocrx_word' id='word_1_114' title='bbox 618 1742 739 1820; x_wconf 81' lang='lat' dir='ltr'>privatae</span> <span class='ocrx_word' id='word_1_115' title='bbox 770 1760 817 1803; x_wconf 83' lang='lat' dir='ltr'>res</span> <span class='ocrx_word' id='word_1_116' title='bbox 847 1759 877 1803; x_wconf 92' lang='lat' dir='ltr'>et</span> <span class='ocrx_word' id='word_1_117' title='bbox 910 1742 1023 1803; x_wconf 88' lang='lat' dir='ltr'>utilitas</span> <span class='ocrx_word' id='word_1_118' title='bbox 1049 1761 1065 1802; x_wconf 90' lang='lat' dir='ltr'>a</span> <span class='ocrx_word' id='word_1_119' title='bbox 1094 1739 1240 1802; x_wconf 91' lang='lat' dir='ltr'>communi</span> <span class='ocrx_word' id='word_1_120' title='bbox 1261 1738 1400 1799; x_wconf 91' lang='lat' dir='ltr'>omnium</span> 
     </span>
     <span class='ocr_line' id='line_1_14' title="bbox 211 1851 1400 1931; baseline -0.002 -20"><span class='ocrx_word' id='word_1_121' title='bbox 211 1851 301 1912; x_wconf 91' lang='lat' dir='ltr'>salure</span> <span class='ocrx_word' id='word_1_122' title='bbox 323 1868 352 1913; x_wconf 88' lang='lat' dir='ltr'>et</span> <span class='ocrx_word' id='word_1_123' title='bbox 373 1872 445 1929; x_wconf 85' lang='lat' dir='ltr'>pace</span> <span class='ocrx_word' id='word_1_124' title='bbox 474 1856 636 1929; x_wconf 89' lang='lat' dir='ltr'>pendeant;</span> <span class='ocrx_word' id='word_1_125' title='bbox 661 1869 750 1931; x_wconf 88' lang='lat' dir='ltr'>atquc</span> <span class='ocrx_word' id='word_1_126' title='bbox 772 1856 845 1915; x_wconf 89' lang='lat' dir='ltr'>adeo</span> <span class='ocrx_word' id='word_1_127' title='bbox 867 1870 966 1929; x_wconf 89' lang='lat' dir='ltr'>patet,</span> <span class='ocrx_word' id='word_1_128' title='bbox 987 1856 1087 1930; x_wconf 92' lang='lat' dir='ltr'>quod,</span> <span class='ocrx_word' id='word_1_129' title='bbox 1107 1852 1128 1913; x_wconf 83' lang='lat' dir='ltr'>st</span> <span class='ocrx_word' id='word_1_130' title='bbox 1148 1872 1186 1913; x_wconf 86' lang='lat' dir='ltr'>ex</span> <span class='ocrx_word' id='word_1_131' title='bbox 1207 1870 1400 1928; x_wconf 87' lang='lat' dir='ltr'>unoquoque</span> 
     </span>
     <span class='ocr_line' id='line_1_15' title="bbox 211 1962 1399 2044; baseline -0.001 -21"><span class='ocrx_word' id='word_1_132' title='bbox 211 1962 319 2025; x_wconf 91' lang='lat' dir='ltr'>civium</span> <span class='ocrx_word' id='word_1_133' title='bbox 350 1982 454 2043; x_wconf 85' lang='lat' dir='ltr'>genere</span> <span class='ocrx_word' id='word_1_134' title='bbox 486 1964 545 2027; x_wconf 80' lang='lat' dir='ltr'>sive</span> <span class='ocrx_word' id='word_1_135' title='bbox 577 1966 660 2027; x_wconf 83' lang='lat' dir='ltr'>classe</span> <span class='ocrx_word' id='word_1_136' title='bbox 693 1964 808 2042; x_wconf 85' lang='lat' dir='ltr'>aliquot</span> <span class='ocrx_word' id='word_1_137' title='bbox 839 1966 997 2044; x_wconf 91' lang='lat' dir='ltr'>eligantur,</span> <span class='ocrx_word' id='word_1_138' title='bbox 1027 1965 1057 2026; x_wconf 95' lang='lat' dir='ltr'>id</span> <span class='ocrx_word' id='word_1_139' title='bbox 1085 1965 1187 2041; x_wconf 83' lang='lat' dir='ltr'>majori</span> <span class='ocrx_word' id='word_1_140' title='bbox 1208 1963 1399 2026; x_wconf 88' lang='lat' dir='ltr'>subditorum</span> 
     </span>
     <span class='ocr_line' id='line_1_16' title="bbox 211 2074 1399 2155; baseline 0.001 -22"><span class='ocrx_word' id='word_1_141' title='bbox 211 2075 285 2151; x_wconf 87' lang='lat' dir='ltr'>parti</span> <span class='ocrx_word' id='word_1_142' title='bbox 307 2074 377 2135; x_wconf 92' lang='lat' dir='ltr'>utile</span> <span class='ocrx_word' id='word_1_143' title='bbox 399 2074 469 2151; x_wconf 90' lang='lat' dir='ltr'>erit,</span> <span class='ocrx_word' id='word_1_144' title='bbox 491 2078 572 2152; x_wconf 89' lang='lat' dir='ltr'>quod</span> <span class='ocrx_word' id='word_1_145' title='bbox 593 2076 622 2137; x_wconf 92' lang='lat' dir='ltr'>in</span> <span class='ocrx_word' id='word_1_146' title='bbox 643 2076 702 2138; x_wconf 89' lang='lat' dir='ltr'>hoc</span> <span class='ocrx_word' id='word_1_147' title='bbox 723 2077 860 2138; x_wconf 84' lang='lat' dir='ltr'>Concilio</span> <span class='ocrx_word' id='word_1_148' title='bbox 882 2076 1003 2153; x_wconf 87' lang='lat' dir='ltr'>plurima</span> <span class='ocrx_word' id='word_1_149' title='bbox 1022 2077 1158 2137; x_wconf 89' lang='lat' dir='ltr'>habuerit</span> <span class='ocrx_word' id='word_1_150' title='bbox 1178 2074 1321 2155; x_wconf 87' lang='lat' dir='ltr'>suffragia.</span> <span class='ocrx_word' id='word_1_151' title='bbox 1354 2076 1399 2135; x_wconf 84' lang='lat' dir='ltr'>Et</span> 
     </span>
     <span class='ocr_line' id='line_1_17' title="bbox 212 2188 1397 2268; baseline -0.001 -20"><span class='ocrx_word' id='word_1_152' title='bbox 212 2188 345 2263; x_wconf 90' lang='lat' dir='ltr'>quamvis</span> <span class='ocrx_word' id='word_1_153' title='bbox 366 2189 423 2248; x_wconf 93' lang='lat' dir='ltr'>hoc</span> <span class='ocrx_word' id='word_1_154' title='bbox 446 2188 627 2264; x_wconf 86' lang='lat' dir='ltr'><strong>Concilium,</strong></span> <span class='ocrx_word' id='word_1_155' title='bbox 655 2192 737 2266; x_wconf 92' lang='lat' dir='ltr'>quod</span> <span class='ocrx_word' id='word_1_156' title='bbox 759 2210 795 2251; x_wconf 86' lang='lat' dir='ltr'>ex</span> <span class='ocrx_word' id='word_1_157' title='bbox 817 2194 891 2251; x_wconf 87' lang='lat' dir='ltr'>adeo</span> <span class='ocrx_word' id='word_1_158' title='bbox 912 2209 1017 2268; x_wconf 89' lang='lat' dir='ltr'>magno</span> <span class='ocrx_word' id='word_1_159' title='bbox 1038 2189 1148 2252; x_wconf 90' lang='lat' dir='ltr'>civium</span> <span class='ocrx_word' id='word_1_160' title='bbox 1168 2206 1289 2249; x_wconf 91' lang='lat' dir='ltr'>numero</span> <span class='ocrx_word' id='word_1_161' title='bbox 1311 2208 1397 2248; x_wconf 91' lang='lat' dir='ltr'>com·</span> 
     </span>
     <span class='ocr_line' id='line_1_18' title="bbox 211 2300 1398 2380; baseline 0.001 -21"><span class='ocrx_word' id='word_1_162' title='bbox 211 2300 347 2375; x_wconf 90' lang='lat' dir='ltr'>ponitur,</span> <span class='ocrx_word' id='word_1_163' title='bbox 365 2300 541 2377; x_wconf 85' lang='lat' dir='ltr'>frequentari</span> <span class='ocrx_word' id='word_1_164' title='bbox 560 2300 714 2361; x_wconf 84' lang='lat' dir='ltr'>necellario</span> <span class='ocrx_word' id='word_1_165' title='bbox 734 2304 839 2362; x_wconf 90' lang='lat' dir='ltr'>debeat</span> <span class='ocrx_word' id='word_1_166' title='bbox 851 2322 866 2363; x_wconf 91' lang='lat' dir='ltr'>a</span> <span class='ocrx_word' id='word_1_167' title='bbox 879 2302 977 2362; x_wconf 90' lang='lat' dir='ltr'>multis</span> <span class='ocrx_word' id='word_1_168' title='bbox 998 2301 1062 2362; x_wconf 93' lang='lat' dir='ltr'>rudi</span> <span class='ocrx_word' id='word_1_169' title='bbox 1083 2304 1239 2363; x_wconf 83' lang='lat' dir='ltr'>admodum</span> <span class='ocrx_word' id='word_1_170' title='bbox 1261 2302 1398 2380; x_wconf 90' lang='lat' dir='ltr'>ingenio,</span> 
     </span>
     <span class='ocr_line' id='line_1_19' title="bbox 211 2411 1397 2494; baseline 0 -22"><span class='ocrx_word' id='word_1_171' title='bbox 211 2411 268 2472; x_wconf 91' lang='lat' dir='ltr'>hoc</span> <span class='ocrx_word' id='word_1_172' title='bbox 297 2426 392 2473; x_wconf 87' lang='lat' dir='ltr'>tamen</span> <span class='ocrx_word' id='word_1_173' title='bbox 420 2428 529 2474; x_wconf 91' lang='lat' dir='ltr'>certum</span> <span class='ocrx_word' id='word_1_174' title='bbox 558 2413 615 2489; x_wconf 89' lang='lat' dir='ltr'>est,</span> <span class='ocrx_word' id='word_1_175' title='bbox 642 2432 876 2492; x_wconf 87' lang='lat' dir='ltr'>unumquemque</span> <span class='ocrx_word' id='word_1_176' title='bbox 904 2414 934 2475; x_wconf 92' lang='lat' dir='ltr'>in</span> <span class='ocrx_word' id='word_1_177' title='bbox 961 2413 1106 2494; x_wconf 91' lang='lat' dir='ltr'>negotiis,</span> <span class='ocrx_word' id='word_1_178' title='bbox 1127 2433 1192 2492; x_wconf 84' lang='lat' dir='ltr'>quae</span> <span class='ocrx_word' id='word_1_179' title='bbox 1214 2413 1266 2477; x_wconf 94' lang='lat' dir='ltr'>diu</span> <span class='ocrx_word' id='word_1_180' title='bbox 1287 2432 1397 2492; x_wconf 85' lang='lat' dir='ltr'>magno</span> 
     </span>
     <span class='ocr_line' id='line_1_20' title="bbox 211 2525 1398 2607; baseline 0.001 -23"><span class='ocrx_word' id='word_1_181' title='bbox 211 2542 276 2584; x_wconf 91' lang='lat' dir='ltr'>cum</span> <span class='ocrx_word' id='word_1_182' title='bbox 298 2525 403 2587; x_wconf 78' lang='lat' dir='ltr'>alledu</span> <span class='ocrx_word' id='word_1_183' title='bbox 426 2525 573 2601; x_wconf 87' lang='lat' dir='ltr'>exercuit,</span> <span class='ocrx_word' id='word_1_184' title='bbox 594 2525 663 2586; x_wconf 91' lang='lat' dir='ltr'>satis</span> <span class='ocrx_word' id='word_1_185' title='bbox 685 2527 819 2587; x_wconf 88' lang='lat' dir='ltr'>callidum</span> <span class='ocrx_word' id='word_1_186' title='bbox 840 2543 930 2603; x_wconf 91' lang='lat' dir='ltr'>atque</span> <span class='ocrx_word' id='word_1_187' title='bbox 950 2526 1074 2587; x_wconf 89' lang='lat' dir='ltr'>astutum</span> <span class='ocrx_word' id='word_1_188' title='bbox 1096 2525 1160 2586; x_wconf 85' lang='lat' dir='ltr'>elle.</span> <span class='ocrx_word' id='word_1_189' title='bbox 1192 2527 1398 2607; x_wconf 87' lang='lat' dir='ltr'>Quapropter,</span> 
     </span>
     <span class='ocr_line' id='line_1_21' title="bbox 212 2635 1396 2718; baseline 0.001 -23"><span class='ocrx_word' id='word_1_190' title='bbox 212 2635 230 2695; x_wconf 88' lang='lat' dir='ltr'>st</span> <span class='ocrx_word' id='word_1_191' title='bbox 254 2635 323 2696; x_wconf 93' lang='lat' dir='ltr'>nulli</span> <span class='ocrx_word' id='word_1_192' title='bbox 353 2636 400 2696; x_wconf 90' lang='lat' dir='ltr'>alii</span> <span class='ocrx_word' id='word_1_193' title='bbox 429 2637 573 2715; x_wconf 82' lang='lat' dir='ltr'>eligantur</span> <span class='ocrx_word' id='word_1_194' title='bbox 600 2637 650 2698; x_wconf 85' lang='lat' dir='ltr'>nist</span> <span class='ocrx_word' id='word_1_195' title='bbox 673 2638 710 2712; x_wconf 91' lang='lat' dir='ltr'>ii,</span> <span class='ocrx_word' id='word_1_196' title='bbox 732 2637 783 2713; x_wconf 88' lang='lat' dir='ltr'>qui</span> <span class='ocrx_word' id='word_1_197' title='bbox 804 2642 839 2700; x_wconf 90' lang='lat' dir='ltr'>ad</span> <span class='ocrx_word' id='word_1_198' title='bbox 862 2637 1129 2718; x_wconf 86' lang='lat' dir='ltr'>qttinquagciimum</span> <span class='ocrx_word' id='word_1_199' title='bbox 1157 2638 1253 2698; x_wconf 84' lang='lat' dir='ltr'>aetatis</span> <span class='ocrx_word' id='word_1_200' title='bbox 1284 2657 1396 2697; x_wconf 85' lang='lat' dir='ltr'>annttm</span> 
     </span>
     <span class='ocr_line' id='line_1_22' title="bbox 213 2746 1396 2828; baseline 0.001 -20"><span class='ocrx_word' id='word_1_201' title='bbox 213 2746 302 2823; x_wconf 88' lang='lat' dir='ltr'>usqne</span> <span class='ocrx_word' id='word_1_202' title='bbox 330 2747 449 2826; x_wconf 89' lang='lat' dir='ltr'>negotia</span> <span class='ocrx_word' id='word_1_203' title='bbox 478 2748 526 2809; x_wconf 86' lang='lat' dir='ltr'>sua</span> <span class='ocrx_word' id='word_1_204' title='bbox 556 2748 613 2809; x_wconf 88' lang='lat' dir='ltr'>stne</span> <span class='ocrx_word' id='word_1_205' title='bbox 642 2747 801 2828; x_wconf 88' lang='lat' dir='ltr'>ignominia</span> <span class='ocrx_word' id='word_1_206' title='bbox 830 2766 1040 2823; x_wconf 81' lang='lat' dir='ltr'>exercuerunt,</span> <span class='ocrx_word' id='word_1_207' title='bbox 1061 2749 1129 2810; x_wconf 87' lang='lat' dir='ltr'>satis</span> <span class='ocrx_word' id='word_1_208' title='bbox 1151 2749 1212 2825; x_wconf 90' lang='lat' dir='ltr'>apti</span> <span class='ocrx_word' id='word_1_209' title='bbox 1233 2764 1337 2824; x_wconf 89' lang='lat' dir='ltr'>erunt,</span> <span class='ocrx_word' id='word_1_210' title='bbox 1360 2764 1396 2809; x_wconf 95' lang='lat' dir='ltr'>ut</span> 
     </span>
     <span class='ocr_line' id='line_1_23' title="bbox 211 2860 1397 2940; baseline 0.002 -18"><span class='ocrx_word' id='word_1_211' title='bbox 211 2860 329 2922; x_wconf 78' lang='lat' dir='ltr'>consilia</span> <span class='ocrx_word' id='word_1_212' title='bbox 350 2880 395 2923; x_wconf 85' lang='lat' dir='ltr'>res</span> <span class='ocrx_word' id='word_1_213' title='bbox 416 2862 481 2924; x_wconf 89' lang='lat' dir='ltr'>suas</span> <span class='ocrx_word' id='word_1_214' title='bbox 502 2863 708 2925; x_wconf 86' lang='lat' dir='ltr'>concernentia</span> <span class='ocrx_word' id='word_1_215' title='bbox 728 2867 795 2924; x_wconf 88' lang='lat' dir='ltr'>dare</span> <span class='ocrx_word' id='word_1_216' title='bbox 813 2865 933 2940; x_wconf 83' lang='lat' dir='ltr'>poiltnt;</span> <span class='ocrx_word' id='word_1_217' title='bbox 955 2863 1111 2940; x_wconf 82' lang='lat' dir='ltr'>pracsertim</span> <span class='ocrx_word' id='word_1_218' title='bbox 1133 2863 1152 2923; x_wconf 82' lang='lat' dir='ltr'>ss</span> <span class='ocrx_word' id='word_1_219' title='bbox 1174 2863 1204 2923; x_wconf 92' lang='lat' dir='ltr'>in</span> <span class='ocrx_word' id='word_1_220' title='bbox 1225 2865 1312 2924; x_wconf 83' lang='lat' dir='ltr'>rebus</span> <span class='ocrx_word' id='word_1_221' title='bbox 1335 2883 1397 2924; x_wconf 86' lang='lat' dir='ltr'>ma·</span> 
     </span>
     <span class='ocr_line' id='line_1_24' title="bbox 208 2973 1397 3054; baseline 0.002 -20"><span class='ocrx_word' id='word_1_222' title='bbox 208 2973 282 3050; x_wconf 84' lang='lat' dir='ltr'>joris</span> <span class='ocrx_word' id='word_1_223' title='bbox 304 2975 442 3050; x_wconf 90' lang='lat' dir='ltr'>ponderis</span> <span class='ocrx_word' id='word_1_224' title='bbox 463 2990 579 3052; x_wconf 88' lang='lat' dir='ltr'>tempus</span> <span class='ocrx_word' id='word_1_225' title='bbox 601 2979 636 3036; x_wconf 89' lang='lat' dir='ltr'>ad</span> <span class='ocrx_word' id='word_1_226' title='bbox 658 2977 855 3037; x_wconf 88' lang='lat' dir='ltr'>meditandum</span> <span class='ocrx_word' id='word_1_227' title='bbox 877 2979 1065 3038; x_wconf 86' lang='lat' dir='ltr'>concedatur.</span> <span class='ocrx_word' id='word_1_228' title='bbox 1096 2978 1182 3037; x_wconf 80' lang='lat' dir='ltr'>Adde</span> <span class='ocrx_word' id='word_1_229' title='bbox 1202 2979 1285 3052; x_wconf 87' lang='lat' dir='ltr'>quod</span> <span class='ocrx_word' id='word_1_230' title='bbox 1304 2978 1397 3054; x_wconf 82' lang='lat' dir='ltr'>longe</span> 
     </span>
     <span class='ocr_line' id='line_1_25' title="bbox 212 3085 1397 3164; baseline 0.001 -18"><span class='ocrx_word' id='word_1_231' title='bbox 212 3085 306 3160; x_wconf 87' lang='lat' dir='ltr'>abest,</span> <span class='ocrx_word' id='word_1_232' title='bbox 334 3102 367 3147; x_wconf 90' lang='lat' dir='ltr'>ut</span> <span class='ocrx_word' id='word_1_233' title='bbox 396 3087 578 3160; x_wconf 92' lang='lat' dir='ltr'>Concilium,</span> <span class='ocrx_word' id='word_1_234' title='bbox 606 3091 686 3164; x_wconf 90' lang='lat' dir='ltr'>quod</span> <span class='ocrx_word' id='word_1_235' title='bbox 709 3087 810 3163; x_wconf 87' lang='lat' dir='ltr'>paucis</span> <span class='ocrx_word' id='word_1_236' title='bbox 832 3087 961 3162; x_wconf 85' lang='lat' dir='ltr'>constat,</span> <span class='ocrx_word' id='word_1_237' title='bbox 981 3108 997 3149; x_wconf 96' lang='lat' dir='ltr'>a</span> <span class='ocrx_word' id='word_1_238' title='bbox 1018 3086 1155 3148; x_wconf 83' lang='lat' dir='ltr'>fimilibus</span> <span class='ocrx_word' id='word_1_239' title='bbox 1175 3107 1234 3147; x_wconf 92' lang='lat' dir='ltr'>non</span> <span class='ocrx_word' id='word_1_240' title='bbox 1255 3088 1397 3164; x_wconf 91' lang='lat' dir='ltr'>frequen·</span> 
     </span>
     <span class='ocr_line' id='line_1_26' title="bbox 212 3197 1396 3275; baseline 0.001 -18"><span class='ocrx_word' id='word_1_241' title='bbox 212 3213 300 3258; x_wconf 88' lang='lat' dir='ltr'>tetur.</span> <span class='ocrx_word' id='word_1_242' title='bbox 321 3200 395 3258; x_wconf 91' lang='lat' dir='ltr'>Nam</span> <span class='ocrx_word' id='word_1_243' title='bbox 418 3215 520 3258; x_wconf 89' lang='lat' dir='ltr'>contra</span> <span class='ocrx_word' id='word_1_244' title='bbox 541 3197 663 3259; x_wconf 87' lang='lat' dir='ltr'>maxima</span> <span class='ocrx_word' id='word_1_245' title='bbox 686 3198 749 3275; x_wconf 85' lang='lat' dir='ltr'>ejus</span> <span class='ocrx_word' id='word_1_246' title='bbox 769 3218 835 3275; x_wconf 89' lang='lat' dir='ltr'>pars</span> <span class='ocrx_word' id='word_1_247' title='bbox 857 3218 894 3259; x_wconf 84' lang='lat' dir='ltr'>ex</span> <span class='ocrx_word' id='word_1_248' title='bbox 914 3199 1082 3260; x_wconf 91' lang='lat' dir='ltr'>hominibus</span> <span class='ocrx_word' id='word_1_249' title='bbox 1103 3198 1244 3275; x_wconf 90' lang='lat' dir='ltr'>ejusmodi</span> <span class='ocrx_word' id='word_1_250' title='bbox 1264 3199 1396 3259; x_wconf 88' lang='lat' dir='ltr'>constat:</span> 
     </span>
     <span class='ocr_line' id='line_1_27' title="bbox 212 3309 1397 3387; baseline 0.002 -19"><span class='ocrx_word' id='word_1_251' title='bbox 212 3309 449 3386; x_wconf 86' lang='lat' dir='ltr'>quandoquidem</span> <span class='ocrx_word' id='word_1_252' title='bbox 473 3309 668 3387; x_wconf 87' lang='lat' dir='ltr'>unusquisque</span> <span class='ocrx_word' id='word_1_253' title='bbox 690 3311 731 3371; x_wconf 92' lang='lat' dir='ltr'>ibi</span> <span class='ocrx_word' id='word_1_254' title='bbox 749 3311 872 3371; x_wconf 85' lang='lat' dir='ltr'>maxime</span> <span class='ocrx_word' id='word_1_255' title='bbox 890 3327 1015 3371; x_wconf 87' lang='lat' dir='ltr'>conatur</span> <span class='ocrx_word' id='word_1_256' title='bbox 1032 3311 1128 3373; x_wconf 82' lang='lat' dir='ltr'>socios</span> <span class='ocrx_word' id='word_1_257' title='bbox 1145 3312 1250 3372; x_wconf 87' lang='lat' dir='ltr'>habere</span> <span class='ocrx_word' id='word_1_258' title='bbox 1268 3312 1397 3385; x_wconf 89' lang='lat' dir='ltr'>bardos,</span> 
     </span>
     <span class='ocr_line' id='line_1_28' title="bbox 212 3420 1394 3502; baseline 0.003 -22"><span class='ocrx_word' id='word_1_259' title='bbox 212 3421 263 3498; x_wconf 92' lang='lat' dir='ltr'>qui</span> <span class='ocrx_word' id='word_1_260' title='bbox 295 3423 331 3480; x_wconf 90' lang='lat' dir='ltr'>ab</span> <span class='ocrx_word' id='word_1_261' title='bbox 362 3420 448 3496; x_wconf 81' lang='lat' dir='ltr'>ipsius</span> <span class='ocrx_word' id='word_1_262' title='bbox 481 3439 530 3480; x_wconf 91' lang='lat' dir='ltr'>ore</span> <span class='ocrx_word' id='word_1_263' title='bbox 562 3425 725 3498; x_wconf 89' lang='lat' dir='ltr'>pendeant,</span> <span class='ocrx_word' id='word_1_264' title='bbox 753 3425 836 3498; x_wconf 87' lang='lat' dir='ltr'>quod</span> <span class='ocrx_word' id='word_1_265' title='bbox 861 3421 890 3482; x_wconf 94' lang='lat' dir='ltr'>in</span> <span class='ocrx_word' id='word_1_266' title='bbox 919 3423 1030 3502; x_wconf 85' lang='lat' dir='ltr'>magnis</span> <span class='ocrx_word' id='word_1_267' title='bbox 1050 3422 1194 3484; x_wconf 88' lang='lat' dir='ltr'>Conciliis</span> <span class='ocrx_word' id='word_1_268' title='bbox 1214 3425 1311 3483; x_wconf 91' lang='lat' dir='ltr'>locum</span> <span class='ocrx_word' id='word_1_269' title='bbox 1332 3443 1394 3483; x_wconf 93' lang='lat' dir='ltr'>non</span> 
     </span>
     <span class='ocr_line' id='line_1_29' title="bbox 210 3533 309 3593; baseline -0.01 -1"><span class='ocrx_word' id='word_1_270' title='bbox 210 3533 309 3593; x_wconf 89' lang='lat' dir='ltr'>habet.</span> 
     </span>
    </p>

    <p class='ocr_par' dir='ltr' id='par_1_4' title="bbox 210 3643 1394 4059">
     <span class='ocr_line' id='line_1_30' title="bbox 251 3643 1393 3725; baseline 0.004 -23"><span class='ocrx_word' id='word_1_271' title='bbox 251 3643 278 3722; x_wconf 55' lang='grc' dir='ltr'>ᾗ.</span> <span class='ocrx_word' id='word_1_272' title='bbox 300 3645 338 3702; x_wconf 93' lang='lat' dir='ltr'>V.</span> <span class='ocrx_word' id='word_1_273' title='bbox 390 3645 530 3705; x_wconf 88' lang='lat' dir='ltr'>Praeterea</span> <span class='ocrx_word' id='word_1_274' title='bbox 563 3661 673 3706; x_wconf 88' lang='lat' dir='ltr'>certum</span> <span class='ocrx_word' id='word_1_275' title='bbox 704 3647 766 3721; x_wconf 84' lang='lat' dir='ltr'>est,</span> <span class='ocrx_word' id='word_1_276' title='bbox 797 3665 1033 3724; x_wconf 86' lang='lat' dir='ltr'>unumquemque</span> <span class='ocrx_word' id='word_1_277' title='bbox 1063 3650 1146 3707; x_wconf 88' lang='lat' dir='ltr'>malle</span> <span class='ocrx_word' id='word_1_278' title='bbox 1176 3665 1274 3725; x_wconf 92' lang='lat' dir='ltr'>regere</span> <span class='ocrx_word' id='word_1_279' title='bbox 1305 3666 1393 3722; x_wconf 88' lang='lat' dir='ltr'>quam</span> 
     </span>
     <span class='ocr_line' id='line_1_31' title="bbox 210 3755 1393 3834; baseline 0.002 -18"><span class='ocrx_word' id='word_1_280' title='bbox 210 3755 280 3834; x_wconf 91' lang='lat' dir='ltr'>regi.</span> <span class='ocrx_word' id='word_1_281' title='bbox 301 3759 397 3816; x_wconf 90' lang='lat' dir='ltr'>Nemo</span> <span class='ocrx_word' id='word_1_282' title='bbox 419 3756 494 3817; x_wconf 91' lang='lat' dir='ltr'>enim</span> <span class='ocrx_word' id='word_1_283' title='bbox 517 3758 620 3818; x_wconf 89' lang='lat' dir='ltr'>volens</span> <span class='ocrx_word' id='word_1_284' title='bbox 641 3756 791 3834; x_wconf 90' lang='lat' dir='ltr'>imperium</span> <span class='ocrx_word' id='word_1_285' title='bbox 813 3758 895 3819; x_wconf 88' lang='lat' dir='ltr'>alteri</span> <span class='ocrx_word' id='word_1_286' title='bbox 916 3760 1070 3834; x_wconf 91' lang='lat' dir='ltr'>concedit,</span> <span class='ocrx_word' id='word_1_287' title='bbox 1089 3774 1123 3819; x_wconf 91' lang='lat' dir='ltr'>ut</span> <span class='ocrx_word' id='word_1_288' title='bbox 1143 3760 1232 3819; x_wconf 89' lang='lat' dir='ltr'>habet</span> <span class='ocrx_word' id='word_1_289' title='bbox 1251 3759 1393 3820; x_wconf 87' lang='lat' dir='ltr'>Salustius</span> 
     </span>
     <span class='ocr_line' id='line_1_32' title="bbox 212 3868 1392 3947; baseline 0.002 -18"><span class='ocrx_word' id='word_1_290' title='bbox 212 3869 241 3929; x_wconf 94' lang='lat' dir='ltr'>in</span> <span class='ocrx_word' id='word_1_291' title='bbox 263 3868 352 3943; x_wconf 89' lang='lat' dir='ltr'>prima</span> <span class='ocrx_word' id='word_1_292' title='bbox 374 3871 409 3930; x_wconf 88' lang='lat' dir='ltr'>ad</span> <span class='ocrx_word' id='word_1_293' title='bbox 430 3869 570 3930; x_wconf 80' lang='lat' dir='ltr'>Caesarem</span> <span class='ocrx_word' id='word_1_294' title='bbox 592 3869 768 3930; x_wconf 79' lang='lat' dir='ltr'>oratione*</span> <span class='ocrx_word' id='word_1_295' title='bbox 798 3871 843 3930; x_wconf 81' lang='lat' dir='ltr'>Ac</span> <span class='ocrx_word' id='word_1_296' title='bbox 865 3869 988 3946; x_wconf 92' lang='lat' dir='ltr'>proinde</span> <span class='ocrx_word' id='word_1_297' title='bbox 1010 3885 1109 3946; x_wconf 77' lang='lat' dir='ltr'>prater,</span> <span class='ocrx_word' id='word_1_298' title='bbox 1129 3873 1210 3947; x_wconf 88' lang='lat' dir='ltr'>quod</span> <span class='ocrx_word' id='word_1_299' title='bbox 1232 3871 1392 3931; x_wconf 86' lang='lat' dir='ltr'>multitudo</span> 
     </span>
     <span class='ocr_line' id='line_1_33' title="bbox 213 3981 1394 4059; baseline 0 -17"><span class='ocrx_word' id='word_1_300' title='bbox 213 3981 324 4058; x_wconf 87' lang='lat' dir='ltr'>integra</span> <span class='ocrx_word' id='word_1_301' title='bbox 354 3999 499 4058; x_wconf 89' lang='lat' dir='ltr'>nunquam</span> <span class='ocrx_word' id='word_1_302' title='bbox 525 3981 575 4058; x_wconf 80' lang='lat' dir='ltr'>J&#39;ns</span> <span class='ocrx_word' id='word_1_303' title='bbox 601 3981 682 4043; x_wconf 90' lang='lat' dir='ltr'>suurn</span> <span class='ocrx_word' id='word_1_304' title='bbox 711 3982 741 4043; x_wconf 92' lang='lat' dir='ltr'>in</span> <span class='ocrx_word' id='word_1_305' title='bbox 769 4001 881 4059; x_wconf 89' lang='lat' dir='ltr'>paucos</span> <span class='ocrx_word' id='word_1_306' title='bbox 902 4000 952 4046; x_wconf 92' lang='lat' dir='ltr'>aut</span> <span class='ocrx_word' id='word_1_307' title='bbox 974 4002 1062 4044; x_wconf 88' lang='lat' dir='ltr'>unum</span> <span class='ocrx_word' id='word_1_308' title='bbox 1084 3984 1256 4057; x_wconf 79' lang='lat' dir='ltr'>transferet,</span> <span class='ocrx_word' id='word_1_309' title='bbox 1276 3982 1296 4042; x_wconf 90' lang='lat' dir='ltr'>st</span> <span class='ocrx_word' id='word_1_310' title='bbox 1317 3983 1394 4043; x_wconf 84' lang='lat' dir='ltr'>inter</span> 
     </span>
    </p>
   </div>
   <div class='ocr_carea' id='block_1_3' title="bbox 216 4149 491 4160">
    <p class='ocr_par' dir='ltr' id='par_1_5' title="bbox 216 4149 491 4160">
     <span class='ocr_line' id='line_1_34' title="bbox 216 4149 491 4160; baseline -0.004 -2"><span class='ocrx_word' id='word_1_311' title='bbox 216 4149 491 4160; x_wconf 60' lang='grc' dir='ltr'>..μ-</span> 
     </span>
    </p>
   </div>
   <div class='ocr_carea' id='block_1_4' title="bbox 213 4245 1392 4397">
    <p class='ocr_par' dir='ltr' id='par_1_6' title="bbox 213 4245 1392 4397">
     <span class='ocr_line' id='line_1_35' title="bbox 248 4245 1392 4320; baseline 0.003 -24"><span class='ocrx_word' id='word_1_312' title='bbox 248 4249 260 4276; x_wconf 75' lang='grc'><strong><em>*</em></strong></span> <span class='ocrx_word' id='word_1_313' title='bbox 295 4245 354 4298; x_wconf 85' lang='lat' dir='ltr'>Sive</span> <span class='ocrx_word' id='word_1_314' title='bbox 380 4245 485 4310; x_wconf 83' lang='lat' dir='ltr'>epistola</span> <span class='ocrx_word' id='word_1_315' title='bbox 511 4247 541 4296; x_wconf 86' lang='lat' dir='ltr'>de</span> <span class='ocrx_word' id='word_1_316' title='bbox 560 4249 625 4310; x_wconf 83' lang='lat' dir='ltr'>Rep.</span> <span class='ocrx_word' id='word_1_317' title='bbox 642 4245 798 4309; x_wconf 79' lang='lat' dir='ltr'>ordinando,</span> <span class='ocrx_word' id='word_1_318' title='bbox 817 4263 892 4311; x_wconf 79' lang='lat' dir='ltr'>quam</span> <span class='ocrx_word' id='word_1_319' title='bbox 910 4247 971 4298; x_wconf 91' lang='lat' dir='ltr'>olim</span> <span class='ocrx_word' id='word_1_320' title='bbox 989 4248 1106 4300; x_wconf 80' lang='lat' dir='ltr'>Sallustio</span> <span class='ocrx_word' id='word_1_321' title='bbox 1124 4248 1283 4320; x_wconf 78' lang='lat' dir='ltr'>tribuebant,</span> <span class='ocrx_word' id='word_1_322' title='bbox 1300 4264 1326 4312; x_wconf 84' lang='lat' dir='ltr'>p.</span> <span class='ocrx_word' id='word_1_323' title='bbox 1343 4263 1392 4312; x_wconf 82' lang='lat'>500</span> 
     </span>
     <span class='ocr_line' id='line_1_36' title="bbox 213 4326 1325 4397; baseline 0.004 -18"><span class='ocrx_word' id='word_1_324' title='bbox 213 4327 347 4390; x_wconf 86' lang='lat' dir='ltr'>editionis,</span> <span class='ocrx_word' id='word_1_325' title='bbox 364 4343 419 4392; x_wconf 80' lang='lat' dir='ltr'>quae</span> <span class='ocrx_word' id='word_1_326' title='bbox 437 4343 504 4378; x_wconf 90' lang='lat' dir='ltr'>anno</span> <span class='ocrx_word' id='word_1_327' title='bbox 524 4326 586 4391; x_wconf 87' lang='lat'><strong>1665</strong></span> <span class='ocrx_word' id='word_1_328' title='bbox 605 4329 721 4397; x_wconf 89' lang='lat' dir='ltr'>Lugduni</span> <span class='ocrx_word' id='word_1_329' title='bbox 740 4331 892 4382; x_wconf 78' lang='lat' dir='ltr'>Batavorum</span> <span class='ocrx_word' id='word_1_330' title='bbox 909 4346 942 4382; x_wconf 82' lang='lat' dir='ltr'>en</span> <span class='ocrx_word' id='word_1_331' title='bbox 959 4331 1058 4384; x_wconf 79' lang='lat' dir='ltr'>officina</span> <span class='ocrx_word' id='word_1_332' title='bbox 1075 4331 1203 4384; x_wconf 76' lang='lat' dir='ltr'>Htcltitnt</span> <span class='ocrx_word' id='word_1_333' title='bbox 1219 4329 1325 4397; x_wconf 77' lang='lat' dir='ltr'>prodiit.</span> 
     </span>
    </p>
   </div>
   <div class='ocr_carea' id='block_1_5' title="bbox 0 0 1472 4900">
    <p class='ocr_par' dir='ltr' id='par_1_7' title="bbox 0 0 1472 4900">
     <span class='ocr_line' id='line_1_37' title="bbox 0 0 1472 4900; baseline 0 1"><span class='ocrx_word' id='word_1_334' title='bbox 0 0 1472 4900; x_wconf 95' lang='lat' dir='ltr'> </span> 
     </span>
    </p>
   </div>
  </div>
 </body>
</html>
