2934 4900
184 331 224 400 54
593 304 774 367 Ethicee
804 300 873 362 Pars
892 300 916 359 1.

564 490 921 542 conoreaarurr
953 471 990 531 ΙΙ.

224 600 363 679 Sequitur
383 598 451 673 11⁰,
471 596 566 657 Deum
588 590 701 671 causam
723 586 779 649 esse
800 604 852 662 per
872 584 920 659 se,
940 600 1000 643 non
1022 598 1094 643 vero
1116 595 1167 655 per
1188 574 1334 638 accidens.

561 746 918 799 conoeuanrunt
950 728 1002 788 ils.

223 858 362 937 Sequitur
382 856 464 930 111⁰„
485 854 580 914 Deum
603 848 657 911 esse
678 846 813 911 absolute
835 841 950 903 causam
972 837 1102 913 primam.

554 1006 887 1077 PROPOSITIO
918 1004 1013 1065 XVII.

227 1159 306 1219 Deus
326 1172 363 1211 cx
376 1148 449 1227 solis
463 1145 528 1223 sue
548 1156 663 1203 natura
685 1137 795 1213 legibus
800 1179 811 1211 ,
832 1148 860 1193 er
879 1152 900 1193 a
919 1133 1027 1191 nemine
1045 1128 1156 1189 crassus
1175 1128 1250 1199 agit.

587 1294 985 1348 nemonsrnarro

227 1411 273 1473 Ex
303 1408 362 1469 sola
391 1404 498 1466 divinae
528 1415 638 1461 naturae
667 1393 850 1464 necessitate,
879 1388 927 1449 vei
956 1384 1052 1466 (quod
1078 1382 1153 1443 idem
1173 1378 1227 1459 esi)
1249 1397 1286 1439 ex
1307 1376 1381 1438 solis

138 1572 142 1581 .
189 1523 318 1600 ejusdem
350 1532 459 1577 nartrrae
489 1512 620 1591 legibus,
651 1504 765 1567 infinita
796 1500 930 1563 absolute
962 1496 1061 1574 sequi,
1091 1495 1182 1554 modo
1210 1492 1301 1569 Prop.
1332 1491 1379 1547 16.

189 1632 384 1703 ostendimus;
412 1642 443 1687 et
470 1626 559 1703 Prop.
585 1632 630 1697 ις.
659 1613 937 1687 demonstravimus,
966 1608 1038 1670 nihii
1065 1607 1123 1667 fine
1151 1606 1218 1665 Deo
1244 1600 1302 1663 esse
1321 1619 1379 1660 nec

75 1782 78 1791 =
189 1743 307 1820 concipi
336 1739 433 1819 posse,
462 1736 511 1798 sed
541 1732 638 1796 omnia
666 1731 696 1791 in
719 1730 786 1790 Deo
807 1725 880 1801 esie3
902 1740 990 1801 quare
1011 1719 1083 1782 nihil
1103 1734 1186 1779 extra
1206 1713 1298 1791 ipsum
1318 1711 1379 1772 eise

190 1856 401 1935 potest,aquo
423 1852 460 1911 ad
480 1848 623 1927 agendum
644 1840 853 1905 determinetur
873 1838 921 1902 uei
941 1848 1074 1914 cogatur,
1094 1847 1183 1907 atque
1204 1830 1280 1889 adeo
1298 1827 1385 1886 Deus

194 1988 230 2030 ex
252 1965 320 2028 solis
342 1964 399 2026 sure
421 1975 531 2023 naturae
553 1956 667 2037 legibus
688 1970 718 2014 et
741 1972 757 2014 a
779 1948 894 2013 nemine
915 1950 1034 2009 coaetus
1056 1943 1126 2023 agit.
1157 1944 1189 2019 Q.
1211 1942 1249 2001 E.
1270 1941 1310 2000 D.

582 2112 935 2163 cononennrum
968 2094 990 2153 1.

235 2222 312 2282 Hinc
336 2216 465 2295 sequitur
485 2214 542 2290 1⁰„
563 2214 668 2275 nullam
697 2209 757 2270 dari
786 2207 919 2281 causam,
949 2224 1014 2282 quae
1035 2206 1130 2265 Deum
1153 2198 1313 2263 extrinsece
1336 2199 1385 2259 uel

195 2334 365 2409 intrinsece,
386 2345 491 2407 praeter
511 2326 599 2404 ipsius
621 2339 731 2385 naturae
753 2318 979 2397 persedionenr,
1000 2316 1104 2378 incitet
1124 2318 1162 2375 ad
1182 2314 1336 2392 agendum.

579 2483 929 2530 conouuanrum
961 2444 999 2524 sl.

233 2589 371 2666 Sequitur
392 2585 463 2660 11⁰„
486 2585 577 2645 solum
598 2583 694 2642 Deum
723 2577 778 2640 esse
799 2577 913 2639 causam
933 2576 1062 2635 liberam.
1103 2575 1186 2634 Deus
1207 2572 1283 2632 enim
1305 2569 1387 2630 solus

194 2721 231 2764 ex
259 2701 319 2762 sola
349 2700 405 2760 strae
435 2711 546 2758 naturae
576 2695 740 2754 necessitate
769 2689 868 2751 existit
898 2690 971 2768 (per
999 2689 1088 2766 Prop.
1114 2701 1159 2744 rr.
1180 2699 1209 2744 er
1230 2684 1335 2742 Corosl.
1361 2698 1387 2740 ι.

195 2817 284 2894 Prop.
299 2813 376 2892 14),
397 2826 427 2871 et
449 2827 486 2869 ex
508 2808 568 2868 sola
589 2805 647 2866 suae
669 2819 780 2865 naturae
803 2803 968 2862 necessitate
986 2799 1047 2878 agit
1058 2798 1130 2878 (per
1139 2799 1228 2876 Prop.
1236 2796 1387 2875 praeced).

196 2925 342 3001 Adeoque
363 2919 434 3002 (prr
454 2918 550 2998 Defin.
572 2914 613 2996 7.)
635 2914 713 2976 solus
735 2913 777 2974 cst
799 2911 883 2974 causa
903 2911 1003 2974 libera.
1032 2913 1064 2988 Q.
1087 2911 1123 2971 E.
1144 2912 1185 2972 D.

663 3075 918 3119 SCHOLIUM.

236 3193 296 3255 Alii
318 3206 441 3268 putant,
464 3191 556 3250 Deum
579 3185 636 3247 esse
657 3185 771 3246 causant
800 3185 918 3245 liberant
940 3199 1094 3261 propterea
1115 3185 1198 3260 quod
1218 3180 1333 3258 potest,
1353 3195 1389 3239 ut

197 3323 322 3385 putant,
343 3303 474 3377 efficere,
503 3317 537 3362 ut
558 3319 609 3375 ea,
638 3317 703 3375 quae
727 3317 763 3357 ex
785 3296 849 3373 ejus
870 3312 973 3357 natura
995 3296 1075 3374 sequi
1096 3295 1240 3369 diximus,
1266 3293 1325 3352 iroc
1347 3291 1390 3350 est

197 3435 262 3495 quae
293 3416 321 3476 in
352 3413 415 3490 ejus
444 3413 590 3488 potestate
622 3409 705 3484 sunt,
726 3427 787 3469 non
809 3409 897 3483 liant,
917 3407 977 3468 srve
999 3424 1031 3469 ut
1052 3411 1088 3467 ab
1109 3407 1173 3482 ipso
1194 3424 1254 3465 non
1276 3406 1389 3480 produ-

198 3544 311 3590 cantur.
351 3527 409 3586 Sed
430 3525 488 3584 hoc
511 3524 586 3584 idern
609 3523 649 3582 est
671 3540 703 3582 ac
726 3521 746 3581 sr
768 3521 917 3595 dicerent,
939 3523 1021 3597 quod
1040 3521 1123 3580 Deus
1144 3518 1239 3595 potest
1257 3517 1392 3590 efficere,

198 3657 232 3701 ut
259 3657 296 3700 ex
324 3653 428 3700 natura
455 3635 591 3715 trianguli
620 3653 680 3696 non
713 3633 859 3710 sequatur,
880 3633 945 3708 ejus
964 3648 1023 3693 tres
1043 3632 1166 3711 angulos
1187 3631 1314 3707 aequales
1335 3627 1391 3688 esse

198 3753 317 3813 duobus
344 3749 445 3824 redis3
474 3748 533 3808 srve
563 3762 597 3807 ut
625 3765 662 3806 ex
691 3749 758 3806 data
787 3743 872 3805 causa
901 3763 962 3804 non
991 3743 1128 3820 sequatur
1146 3743 1285 3817 effecius,
1306 3743 1391 3817 quod

197 3864 237 3925 est
258 3861 422 3923 absurdum.
464 3861 555 3946 Porro
577 3859 651 3919 infra
674 3858 783 3934 absque
805 3875 863 3932 ope
884 3855 973 3933 hujus
994 3853 1206 3932 Proposrtionis
1224 3853 1393 3926 ostendam,

197 3977 232 4036 ad
255 3973 310 4036 Dei
333 3989 465 4034 naturam
487 3991 581 4048 neque
604 3969 782 4031 inteneuum
803 3987 900 4045 neque
921 3970 1107 4030 voluntatem
1129 3967 1285 4044 pertinere.
1324 3965 1395 4026 Scio

198 4086 333 4164 equidem
363 4087 460 4161 plures
489 4082 561 4159 esic,
586 4082 637 4160 qui
661 4097 769 4157 putant
790 4080 819 4142 se
840 4080 920 4158 posse
942 4081 1152 4156 demonstrare,
1172 4083 1208 4142 ad
1229 4081 1285 4142 Dei
1307 4098 1394 4142 natu-

198 4219 256 4262 ram
279 4199 418 4261 summum
441 4197 618 4260 inteilesium
641 4212 670 4256 et
691 4195 811 4256 liberam
834 4196 1018 4257 voluntatem
1039 4192 1204 4270 pertinere;
1225 4190 1297 4252 nihil
1318 4193 1395 4252 enim

200 4310 358 4388 persertim
388 4308 565 4390 cognoscere
595 4306 653 4368 sese
682 4305 782 4383 ajunt,
811 4308 893 4385 quod
913 4307 980 4368 Deo
1001 4304 1128 4367 tribuere
1149 4302 1287 4382 possunt,
1307 4322 1394 4381 quam
