2934 4900
629 286 811 347 Ethices
841 286 910 347 Pars
930 286 953 346 1.

579 462 908 525 PROPOSITIO
933 464 1017 524 xxi.

245 578 364 651 Omnia,
394 594 457 653 quae
486 594 522 635 ert
548 575 680 653 absoluta
706 588 818 634 natum
841 576 964 651 alleujus
982 574 1125 635 attributi
1143 577 1201 636 Dei
1213 576 1395 652 sequuntur,

195 688 312 769 semper
331 702 359 749 et
377 690 497 769 infinita
518 690 640 768 ext'stcre
659 687 833 764 debuerunt,
847 686 909 764 five
926 689 1069 766 peridem
1095 688 1272 748 attributum
1280 702 1397 747 aterna

201 814 229 859 et
247 800 366 873 Infinita
380 801 462 878 suut.
1076 785 1094 819 ⁹

604 935 999 990 oumouarnnato.

243 1030 395 1107 Concipe,
416 1032 435 1092 st
456 1031 516 1092 fieri
547 1030 646 1107 potest
676 1028 828 1111 (siquidem
859 1027 977 1107 neges),
1007 1028 1118 1105 aliquid
1146 1028 1177 1088 in
1205 1028 1304 1105 aliquo
1333 1028 1393 1089 Dei

203 1144 349 1207 attributo
371 1164 408 1205 ex
430 1143 518 1221 ipsius
538 1142 672 1205 absoluta
695 1158 798 1205 natura
819 1142 916 1219 sequi,
937 1145 1020 1218 quod
1041 1140 1153 1202 finitum
1175 1141 1224 1217 stt,
1244 1156 1273 1201 et
1294 1143 1394 1202 deter-

203 1258 339 1319 minatam
366 1260 472 1319 habeat
500 1256 683 1318 existentiam
715 1256 773 1319 five
802 1256 1004 1330 durationem,
1030 1274 1077 1316 ex.
1097 1272 1139 1333 gr.
1161 1254 1255 1316 ideam
1282 1254 1339 1314 Dei
1361 1254 1393 1313 in

203 1346 396 1450 cogitatione.
418 1372 460 1430 At
483 1368 647 1449 cogitatio,
669 1368 909 1446 quandoquidem
930 1368 986 1429 Dei
1007 1367 1179 1428 attributum
1199 1366 1397 1442 supponitur,

204 1485 245 1545 est
273 1484 427 1546 necessario
456 1484 527 1566 (per
548 1486 635 1564 Prop.
663 1481 721 1563 11.)
743 1483 793 1545 sui
813 1486 916 1545 natura
936 1483 1059 1545 infinita.
1099 1486 1225 1558 Verum,
1245 1498 1397 1560 quatenus

202 1597 262 1674 ipsa
294 1598 387 1659 ideam
418 1588 474 1659 Dei
505 1597 612 1673 habet,
643 1596 725 1657 finita
753 1595 938 1673 supponitur.
980 1598 1023 1657 At
1042 1594 1113 1676 (per
1132 1596 1226 1676 Datin.
1248 1594 1289 1677 2.)
1309 1596 1396 1656 finita

202 1710 319 1789 concipi
348 1730 408 1773 noa
437 1712 552 1787 potest,
581 1709 632 1771 nist
660 1709 821 1785 peripsam
844 1708 1054 1787 cogitationem
1076 1706 1293 1769 determinetur.
1334 1709 1395 1767 Sed

202 1842 336 1905 nonper
357 1824 446 1899 ipsam
468 1822 698 1903 cogitationem,
721 1837 869 1899 quatenus
889 1820 983 1882 ideam
1003 1820 1059 1881 Dei
1080 1819 1250 1894 constituit;
1268 1834 1395 1879 eatenus

204 1935 280 1997 enim
307 1934 388 1995 finita
418 1934 594 2011 supponitur
615 1933 685 1994 eise:
707 1934 787 2013 Ergo
810 1953 861 2009 per
881 1931 1109 2011 cogitationem,
1130 1946 1277 2008 quatenus
1297 1930 1394 1990 ideam

204 2046 261 2109 Dei
291 2066 351 2108 non
383 2046 552 2121 constitui13
584 2066 650 2124 quae
683 2062 780 2107 tamen
809 2043 881 2125 (per
902 2047 991 2125 Prop.
1017 2042 1250 2126 11.)neceisario
1272 2041 1395 2102 existere

205 2163 309 2223 debet:
331 2163 426 2222 Datur
446 2160 535 2240 igitur
556 2160 701 2240 cogitatio
720 2180 780 2221 nou
799 2160 982 2221 constituens
999 2159 1092 2220 ideam
1110 2158 1165 2220 Dei
1172 2178 1224 2233 ,ac
1236 2174 1395 2235 propterea

205 2292 242 2333 ex
264 2272 328 2347 eius
349 2288 466 2349 natura,
487 2288 633 2351 quatenus
652 2273 693 2334 est
711 2271 844 2333 absoluta
863 2271 1023 2351 cogitatio,
1040 2290 1100 2333 non
1121 2272 1250 2348 sequitur
1265 2272 1395 2333 necessa·

204 2384 248 2444 rio
271 2383 335 2445 idea
356 2384 421 2445 Dei.
462 2383 653 2467 (Concipitur
675 2382 752 2444 enim
773 2382 867 2444 ideam
888 2382 944 2444 Dei
967 2382 1166 2460 constituent,
1187 2398 1217 2443 et
1238 2402 1298 2443 non
1320 2402 1394 2443 con-

205 2494 349 2576 stituens.)
389 2499 479 2579 Quod
508 2498 548 2557 est
576 2512 678 2558 contra
705 2495 893 2575 hypothestn.
935 2499 1032 2578 Quare
1053 2495 1073 2555 st
1095 2495 1160 2556 idea
1180 2495 1238 2555 Dei
1259 2495 1289 2555 in
1310 2495 1394 2574 cogi·

205 2607 336 2684 tatione,
363 2625 414 2670 aut
442 2608 551 2686 aliquid
580 2607 712 2690 (perinde
743 2608 800 2683 est,
826 2606 967 2684 quicquid
989 2608 1132 2683 sumatur,
1152 2607 1393 2684 quandoquidem

206 2721 412 2782 demonstratio
445 2720 613 2782 universalis
644 2718 698 2801 est)
729 2720 759 2780 in
788 2719 888 2796 aliquo
917 2719 974 2780 Dei
1002 2719 1147 2780 attributo
1169 2739 1205 2779 ex
1227 2720 1395 2780 necestitate

206 2830 345 2893 absolutae
378 2848 486 2893 naturae
518 2832 606 2908 ipsius
638 2831 773 2894 attributi
802 2831 955 2908 sequatur,
983 2829 1013 2892 id
1041 2834 1130 2892 debet
1157 2831 1314 2892 necessario
1338 2833 1394 2892 esse

205 2943 359 3005 insanitum.
387 2947 477 3027 Quod
498 2961 559 3006 erat
579 2944 712 3020 primum.

246 3055 360 3116 Deinde
381 3056 431 3131 id,
452 3059 534 3134 quod
554 3075 591 3116 ex
612 3057 778 3117 necesitate
800 3072 911 3117 nature
934 3055 1057 3132 alicujus
1078 3055 1212 3117 attributi
1233 3055 1274 3115 ita
1296 3053 1393 3131 seqan-

208 3184 271 3244 tur,
302 3187 361 3228 non
394 3169 490 3244 potest
522 3167 741 3230 determinatam
769 3170 875 3230 habere
898 3167 1091 3229 durationem.
1132 3169 1224 3241 Nam,
1245 3165 1265 3225 st
1287 3185 1396 3245 neges,

207 3281 390 3357 supponatur
410 3297 466 3355 res,
487 3300 551 3356 quae
574 3299 611 3340 ex
633 3282 799 3340 necessitate
821 3296 931 3341 natura:
953 3279 1078 3356 alicujus
1098 3279 1232 3340 attributi
1254 3278 1397 3355 seqnitur,

207 3391 267 3453 dari
290 3393 319 3453 in
341 3392 439 3468 aliquo
461 3392 517 3453 Dei
539 3393 705 3465 attributo,
732 3411 779 3452 cx.
802 3410 843 3470 gr.
864 3391 929 3452 idea
950 3389 1007 3451 Dei
1029 3390 1057 3450 in
1079 3389 1279 3468 cogitatione,
1300 3409 1395 3466 eaque

208 3504 390 3579 supponatur
417 3505 575 3581 aliquando
597 3523 657 3565 non
679 3503 833 3576 exstitisse,
853 3505 901 3566 vel
922 3522 983 3564 non
1004 3503 1151 3564 exstitura.
1193 3503 1267 3564 Cum
1295 3520 1396 3564 autem

208 3615 352 3694 cogitatio
375 3615 431 3677 Dei
452 3616 626 3679 attributum
647 3616 842 3693 supponatur,
861 3620 950 3678 debet
971 3633 1000 3678 et
1021 3615 1195 3692 necessario,
1211 3632 1242 3677 et
1260 3616 1395 3678 immuta·

207 3726 274 3788 bilis
302 3728 423 3789 existere
450 3727 519 3810 (per
546 3732 636 3809 Prap.
668 3747 713 3791 11.
740 3744 770 3790 et
797 3731 900 3792 Caroli,
928 3749 956 3791 2.
977 3733 1067 3810 Prop.
1087 3727 1158 3810 ao).
1199 3731 1298 3811 Quare
1318 3730 1395 3790 ultra

206 3839 313 3900 limites
334 3841 498 3902 durationis
520 3841 592 3902 ideae
611 3842 667 3904 Dei
685 3841 876 3922 (supponitur
892 3843 968 3903 enim
986 3844 1143 3919 aliquando
1163 3860 1223 3904 non
1240 3840 1395 3916 exstitisse,

208 3967 260 4013 aut
288 3971 348 4012 non
377 3951 528 4034 exstitura)
555 3953 700 4033 cogitatio
728 3953 787 4016 stne
815 3953 880 4016 idea
907 3955 964 4015 Dei
985 3953 1106 4015 existere
1125 3954 1257 4016 debebit.
1297 3955 1393 4030 Atqui

209 4065 266 4124 hoc
298 4062 339 4123 est
370 4077 472 4124 contra
503 4063 695 4143 hypothesim
727 4064 904 4141 supponitur
934 4064 1028 4140 enim,
1054 4084 1091 4124 ex
1119 4067 1188 4126 data
1208 4065 1394 4144 cogitatione

209 4174 365 4236 necessario
393 4175 474 4252 sequi
502 4175 595 4238 ideam
622 4177 688 4238 Dei.
729 4179 809 4257 Ergo
830 4177 895 4239 idea
915 4178 971 4239 Dei
992 4177 1022 4239 in
1043 4177 1246 4257 cogitatione,
1267 4193 1319 4240 aut
1340 4179 1393 4242 ati-

208 4284 297 4363 quid,
326 4288 408 4363 quod
436 4285 593 4348 necessario
622 4307 659 4348 ex
687 4289 820 4351 absoluta
847 4306 949 4351 natura
971 4289 1095 4367 alicujus
1115 4290 1250 4352 attributi
1270 4291 1328 4352 Dei
1350 4292 1392 4356 se·
