2934 4900
419 280 970 361 Theologico·Politicu1n.
1239 286 1299 362 ⁶¹7

113 465 198 542 quod
216 458 369 538 Beniamin
399 459 431 521 in
461 457 565 520 ultimo
593 456 682 534 hujus
712 457 957 538 peregrinationis
986 476 1063 521 anno
1085 475 1172 522 natus
1193 461 1299 538 fuerit3

112 575 173 638 hoc
193 574 249 651 est,
270 591 308 634 ex
328 589 430 634 eorum
448 569 623 650 hypothefi,
643 587 722 631 anno
743 569 909 634 nativitatis
926 569 1047 650 Josephi
1067 571 1298 650 decimoquinto

114 703 167 750 aut
191 684 411 749 decimosexto
432 699 485 746 aut
504 683 628 744 circiter.
648 683 725 744 Nam
744 685 874 764 Jacobua
895 700 973 744 anno
995 701 1011 743 a
1032 682 1190 746 nativitate
1210 683 1300 762 ipfius

112 799 234 884 Josephi
264 798 313 834 *⁴*
341 812 371 874 7.
400 797 524 858 Labano
554 794 715 872 valedixit3
747 811 778 856 at
808 813 846 856 ex
878 814 955 856 anno
986 811 1030 872 17.
1064 797 1161 859 aetatia
1179 797 1299 878 Josephi

114 909 208 988 usque
228 912 267 972 ad
286 927 392 970 annum
413 908 471 986 ζ’,
488 925 549 984 quo
570 905 631 984 ipse
652 906 815 983 patriarcha
833 908 997 988 AEgyptum
1017 926 1137 988 peregre
1154 909 1299 986 ivit,non

114 1022 213 1098 plures
243 1038 330 1099 quam
360 1019 467 1099 viginti
497 1021 558 1080 duo
590 1018 658 1079 anni
689 1033 894 1096 numerantur,
923 1034 957 1080 ut
978 1019 1007 1080 in
1029 1019 1087 1080 hoc
1107 1019 1171 1096 ipso
1193 1021 1299 1098 Capite

114 1135 310 1212 ostendimus3
340 1133 513 1212 adeoque†
540 1131 690 1207 Beniamin
721 1133 825 1193 eodem
856 1132 894 1212 ††
926 1148 1075 1209 tempore,
1106 1151 1166 1211 quo
1189 1133 1300 1196 scilicet

114 1251 279 1328 AEgyptutn
310 1247 460 1323 profedus
490 1244 547 1321 est,
578 1243 685 1323 viginti
716 1260 776 1305 tren
798 1260 850 1305 aut
870 1242 978 1322 viginti
999 1259 1129 1320 quatuor
1149 1263 1242 1308 annos
1262 1249 1299 1310 ad

114 1359 254 1421 summum
281 1358 409 1419 habebat
436 1354 512 1436 ’μὴ
540 1371 602 1432 quo
633 1355 729 1416 etatis
751 1356 821 1416 flore
842 1371 967 1432 nepotes
992 1373 1057 1416 eum
1076 1356 1207 1419 habuisse
1227 1377 1299 1420 con·

115 1471 170 1532 stat
196 1469 280 1552 (vide
308 1468 384 1530 Gen.
413 1484 460 1542 cp.
489 1469 538 1547 46.
559 1465 602 1529 vs.
623 1482 689 1544 21„
714 1484 801 1543 quem
829 1466 932 1527 confer
951 1485 1017 1527 cum
1037 1467 1080 1529 vs.
1102 1468 1157 1544 38,
1178 1485 1231 1546 39,
1250 1487 1300 1548 40.

117 1601 162 1658 cp.
181 1585 231 1642 26.
251 1583 340 1642 Num.
361 1595 392 1640 et
412 1597 478 1640 curn
498 1578 540 1640 vs.
565 1595 591 1638 1.
612 1593 642 1640 et
663 1578 743 1656 seqq.
765 1597 811 1654 cp.
834 1578 861 1638 8.
881 1579 901 1638 l.
927 1595 951 1638 r.
972 1578 1121 1658 Paralip.).
1151 1576 1223 1661 [LB,
1244 1581 1299 1642 M:

115 1696 191 1756 Nam
221 1692 309 1754 Belah
329 1691 490 1768 Benjamini
518 1690 731 1770 primogenitus
761 1692 837 1752 duos
855 1690 914 1768 jam
934 1690 1028 1766 filios,
1047 1692 1111 1752 Ard
1131 1707 1161 1752 et
1181 1691 1299 1772 Nahga·

116 1824 200 1881 man,
226 1801 388 1885 genuerat]
419 1803 510 1884 Quod
531 1801 598 1863 sane
619 1820 680 1863 non
701 1801 796 1862 minus
817 1819 833 1861 a
854 1801 984 1862 Ratione
1005 1801 1131 1864 alienum
1151 1803 1192 1863 est
1213 1821 1299 1880 quam

116 1917 237 1999 §quod
263 1916 341 1978 Dina
368 1915 517 1992 septennis
544 1915 605 1977 vim
632 1913 710 1991 paffa
737 1914 842 1990 fuerit,
870 1929 901 1976 et
921 1915 1047 1992 reliqua,
1069 1934 1133 1992 quae
1155 1935 1192 1977 ex
1212 1915 1300 1993 hujus

118 2027 244 2088 historie
266 2026 368 2088 ordine
389 2025 425 2107 §§
446 2025 630 2088 deduximus.
652 2028 754 2103 Atque
775 2029 849 2088 adeo
871 2042 1008 2104 apparet,
1029 2025 1162 2088 homines
1183 2026 1299 2104 imperi·

116 2155 183 2215 tot,
210 2140 279 2200 dum
307 2140 404 2200 nodos
429 2137 542 2202 solvere
570 2138 706 2214 student,
733 2139 764 2200 in
793 2138 867 2200 alios
894 2137 1037 2215 incidere,
1064 2156 1182 2216 remque
1209 2138 1299 2220 magia

116 2251 253 2314 intricare
274 2266 305 2312 et
325 2249 481 2312 dilacerare
502 2248 566 2330 §§§.

149 2396 163 2428 ‘
192 2397 287 2464 Quod.
304 2428 312 2445 .
329 2428 338 2446 .
354 2395 466 2445 dixerim
492 2394 616 2445 omittunt
641 2395 682 2445 LB
708 2405 735 2445 et
759 2395 805 2458 M;
829 2405 855 2446 at
880 2393 921 2446 hic
939 2393 995 2461 post
1021 2393 1090 2446 Nara
1109 2395 1176 2463 quod
1195 2395 1297 2463 quidem

116 2480 203 2533 addit:
221 2480 261 2546 (a.
278 2495 300 2530 t.
316 2478 387 2529 Aben
404 2478 542 2545 ngzre).

150 2566 179 2596 ⁴·
196 2562 285 2628 Pejori
302 2595 310 2612 .
327 2594 336 2613 .
352 2596 361 2612 .
378 2570 462 2612 ettam
479 2560 603 2612 omittunt
620 2562 661 2612 Lu
680 2574 706 2612 et
722 2563 761 2613 M.

150 2648 193 2679 Ψ
210 2646 314 2695 Deciano
332 2645 419 2711 quinto
436 2678 444 2694 .
461 2678 470 2695 .
487 2678 496 2695 .
512 2644 618 2710 Josephi
636 2643 733 2695 omittit
750 2646 787 2695 Μ.

149 2731 193 2791 *Β
209 2730 261 2791 Lu,
276 2731 319 2779 Mt
337 2728 414 2794 usque
432 2743 478 2793 qun
496 2725 605 2786 lacobus
623 2727 763 2795 AEgyprtern
781 2728 1074 2795 migravit,nonp1us.

147 2813 238 2879 †LBt
257 2826 327 2878 ergo.
343 2812 372 2861 M
390 2810 495 2861 omittit.
562 2810 595 2877 ἢ
613 2812 663 2871 LB,
680 2812 723 2861 Mt
742 2825 779 2861 eo.
844 2810 1300 2877 †‡†Lu,n1:annosnatuserae.

149 2896 236 2959 §Lssa
255 2910 329 2960 quant
342 2893 444 2959 sumere
461 2894 534 2959 quod.
550 2895 593 2943 M:
611 2909 684 2959 quam
699 2894 811 2957 statuere
831 2893 904 2957 quod.
988 2893 1018 2957 §i
1035 2894 1085 2954 LB,
1102 2894 1146 2943 Mt
1161 2892 1217 2957 filo.

149 2978 194 3043 §55
211 2978 261 3038 LB,
276 2979 319 3027 Mt
336 2976 421 3043 Atque
438 2977 501 3027 adeo
519 2985 644 3043 apparet,
663 2975 730 3043 ipsos
749 2980 775 3026 tn
793 2975 904 3040 Scyllam
923 2976 1050 3037 incidere,
1066 2976 1195 3042 cupientes
1212 2976 1300 3028 nitere

118 3060 284 3124 Charybdim.

682 3216 740 3275 XV

598 3372 645 3440 (ad
663 3389 721 3441 net·
737 3375 813 3441 494)-

158 3536 231 3603 C'eli
250 3536 271 3595 ὸ
290 3536 354 3595 dire
373 3556 407 3595 en
437 3536 567 3595 deterres
593 3550 711 3610 termes,
731 3550 759 3596 et
778 3538 852 3597 dans
871 3556 911 3597 un
930 3550 1016 3597 autre
1035 3537 1139 3615 ordre,
1159 3539 1247 3615 qu’t'ls
1264 3559 1298 3597 ne

107 3650 146 3726 se
166 3660 300 3711 trouvent
320 3667 360 3709 au
381 3649 459 3708 livre
478 3648 624 3725 delusae.

673 3856 746 3918 XVI

596 3998 643 4064 (ad
660 4013 717 4066 rae·
733 3998 809 4065 anai·

155 4168 215 4231 LB.
246 4168 368 4231 Mune..
401 4168 499 4230 Rabbi
528 4169 604 4231 Levi
635 4172 692 4230 ben
723 4170 836 4232 Gerson
868 4187 898 4232 et
928 4171 977 4231 alii
1004 4172 1144 4248 credunt,
1171 4170 1228 4233 hoa
1248 4190 1297 4251 40.

115 4299 230 4356 annos,
260 4298 338 4357 quoe
368 4280 516 4359 Scriptura
547 4281 588 4343 ait
618 4281 649 4343 in
678 4282 813 4345 libertate
844 4286 1022 4359 attinendos,
1052 4284 1167 4347 initium
1201 4302 1298 4346 tamen
