2934 4900
541 352 756 413 Ptaefatio.
1179 374 1233 433 371

48 540 114 605 cap.
140 544 185 586 10.
205 531 308 606 optime
334 526 463 604 notavit)
496 525 567 586 nihil
598 526 746 587 efficacius
778 526 992 589 multitudinem
1026 528 1118 607 regit,
1150 546 1235 605 quam

49 638 235 716 superstiti0;
255 641 328 700 unde
346 640 399 718 fit,
426 652 460 698 ut
472 636 565 714 facile
580 640 675 718 specie
697 641 843 715 religionis
864 642 1029 716 inducatur,
1050 660 1123 700 nunc
1144 642 1236 717 Reges

44 754 114 827 suos
143 766 281 829 tanquam
307 754 384 812 Deos
410 752 551 827 adorare,
580 764 607 811 et
629 754 735 829 rursus
755 754 860 829 eosdem
881 758 1029 830 execrari,
1051 768 1079 815 et
1099 769 1236 831 tanquam

51 883 217 924 ssnnmunem
233 868 350 940 generis
370 862 490 924 humani
505 863 607 943 pestem
627 864 772 942 detestari.
813 866 874 925 Hoc
893 885 960 941 ergo
978 868 1083 926 malam
1102 878 1136 926 ut
1155 868 1234 926 vita-

52 991 146 1050 retur,
166 980 267 1051 ingens
280 977 407 1055 studium
427 974 589 1035 adhibitum
609 975 647 1053 es
667 977 710 1036 ad
726 978 904 1052 religionem,
926 996 1026 1037 veram
1047 992 1099 1038 aut
1120 996 1236 1053 vanam,

53 1089 130 1147 scilta
151 1101 179 1147 et
198 1101 348 1167 apparatu
367 1092 412 1148 ita
439 1089 652 1163 adornandum,
674 1102 706 1148 ut
726 1092 801 1147 omni
820 1104 951 1149 momento
969 1092 1097 1165 gravior
1117 1088 1236 1150 liabere-

51 1216 110 1275 tvr,
126 1202 296 1278 summique
316 1200 505 1278 observantid
522 1200 560 1260 ab
581 1201 707 1260 omnibus
720 1201 837 1280 semper
857 1202 1012 1274 coleretur,-
1033 1204 1109 1279 quod
1126 1205 1236 1280 quidem

56 1314 162 1372 Tarcis
177 1311 332 1394 selicifflme
352 1314 438 1394 eefflt,
459 1318 510 1391 qui
528 1317 615 1373 etiam
635 1314 788 1392 disputare
808 1312 891 1389 nefas
912 1312 1032 1389 habent,
1054 1328 1081 1374 et
1095 1315 1236 1390 judicium

46 1424 273 1503 aniuscujusque
294 1439 335 1485 tot
349 1425 529 1504 prejudiciis
550 1438 744 1504 occupant,ut
766 1426 872 1484 nullum
891 1428 923 1483 in
943 1438 1032 1485 mente
1052 1426 1138 1485 locvm
1152 1427 1236 1503 sana

43 1528 187 1609 Ratioai,
208 1556 242 1594 ne
261 1538 303 1596 ad
319 1536 507 1595 dubitandum
528 1538 653 1613 quidem,
675 1538 851 1613 relinquant.

89 1648 200 1707 Verum
230 1651 371 1706 enimvero
396 1648 423 1725 s
452 1651 601 1724 regiminis
632 1648 819 1709 Monarcdici
843 1650 984 1725 summurn
1007 1649 1047 1726 st
1077 1667 1233 1724 arcanum,

43 1761 167 1837 ejusque
186 1764 295 1819 omnino
314 1760 442 1837 interst,
464 1758 587 1821 leomines
608 1762 733 1840 deceptos
755 1760 878 1839 dobere,
900 1776 927 1823 et
946 1777 1068 1838 mettim,
1090 1782 1142 1840 quo
1163 1767 1234 1823 reti-

44 1877 116 1933 neri
146 1874 261 1947 debent,
285 1875 412 1952 specioso
443 1874 602 1948 Religionis
631 1877 740 1932 nornine
771 1874 962 1948 adumbrare,
989 1889 1022 1934 ut
1038 1889 1093 1955 pro
1108 1877 1235 1952 servitio

46 2001 190 2062 tanquam
217 1998 273 2063 pro
298 1985 397 2061 salute
423 1997 571 2063 pugnent,
602 1998 628 2043 et
652 2004 687 2043 ne
711 1998 810 2063 turpe,
834 1984 892 2061 sed
909 1990 1063 2047 maximum
1083 1989 1164 2047 decus
1184 1987 1235 2065 ese

43 2110 167 2175 putent,
187 2100 219 2155 in
239 2100 325 2156 unius
344 2094 466 2157 dominis
478 2096 664 2171 jaiiationem
678 2098 851 2174 sanguinem
871 2102 1050 2176 animamque
1064 2101 1236 2178 impendere,

45 2208 130 2268 nihil
147 2209 392 2268 eontraialibera
413 2208 560 2288 republica
578 2213 753 2284 excogitari,
774 2230 822 2269 nes
842 2208 986 2285 infelicius
1007 2214 1118 2270 tentari
1133 2211 1235 2291 potes,-

47 2321 276 2397 quandoquidem
296 2325 431 2380 communi
451 2320 584 2381 libertati
603 2324 710 2381 omnino
730 2334 888 2400 repugnat,
914 2322 1034 2382 liberum
1055 2322 1234 2399 uniuscujus-

49 2452 106 2510 que
119 2432 261 2507 judicium
277 2433 457 2513 prejudiciis
477 2445 626 2512 occupare,
647 2434 697 2492 vel
714 2434 810 2510 aliquo
833 2434 909 2494 modo
930 2438 1062 2495 coe'rcere.
1099 2434 1141 2494 Et
1161 2435 1237 2511 quod

47 2546 92 2603 ad
113 2545 269 2621 seditiones
299 2548 420 2621 attinet,
452 2562 514 2622 qua
538 2547 634 2624 specte
665 2546 814 2622 religionis
842 2551 1030 2625 concitantur,
1051 2565 1089 2607 ece
1106 2548 1234 2627 prosedo

46 2657 117 2715 inde
141 2669 253 2716 tantum
277 2660 422 2732 oriuntur,
449 2659 525 2734 quod
546 2659 620 2733 leges
645 2661 680 2718 ele
705 2657 790 2718 rebus
805 2660 996 2740 speculativis
1017 2662 1185 2736 conduntur,
1207 2675 1235 2721 et

48 2770 127 2846 quod
148 2773 289 2848 opiniones
314 2784 451 2846 tanquam
470 2771 583 2847 scelera
604 2784 660 2850 pro
686 2775 805 2830 crimine
830 2771 973 2832 habentur
999 2785 1026 2832 et
1046 2773 1235 2845 damnantur,-

48 2899 174 2958 quarum
200 2880 360 2958 defensores
387 2895 415 2942 et
441 2883 547 2960 asecle
566 2901 621 2941 non
637 2883 760 2962 publica
775 2884 887 2960 saluti,
901 2883 959 2959 sed
977 2886 1038 2944 odio
1058 2903 1092 2944 ae
1105 2883 1233 2960 sevitia

47 2991 288 3068 adversariorum
313 3004 425 3052 tantum
448 2993 641 3052 immolantur.
684 2993 767 3069 Quod
783 2993 810 3070 s
834 2993 1089 3072 exjareimperii
1109 2994 1235 3071 nonnis

48 3105 125 3165 faiis
150 3120 354 3183 arguerentur,
381 3120 411 3164 et
436 3103 513 3165 dieta
538 3103 655 3180 impune
682 3103 789 3180 effent,
814 3105 894 3163 nulla
915 3105 997 3178 juris
1017 3107 1113 3183 specie
1128 3103 1233 3182 smiles

40 3217 200 3294 seditiones
224 3219 329 3276 ornari
348 3215 472 3295 posent,
497 3235 546 3274 nec
571 3214 766 3293 controversie
797 3219 829 3274 in
853 3215 1009 3291 seditiones
1039 3229 1233 3276 verterentur.

49 3329 122 3388 Cum
150 3333 250 3407 itaque
279 3328 359 3387 nobis
389 3325 448 3388 isac
479 3347 554 3387 rara
578 3326 711 3403 felicitas
742 3331 915 3404 contigerit,
946 3342 979 3388 ut
1009 3332 1040 3387 in
1075 3329 1233 3408 Republica

47 3446 200 3516 vivamus,
227 3439 278 3500 abi
302 3442 452 3517 unintique
471 3439 626 3514 judicandi
653 3439 775 3498 libertas
799 3443 934 3514 integra,
960 3451 988 3498 et
1012 3439 1103 3499 Deum
1128 3459 1164 3498 esc
1178 3441 1233 3516 suo

46 3557 160 3630 ingenio
190 3555 278 3612 colere
308 3553 477 3625 conceditur,
498 3564 527 3611 et
547 3549 599 3610 ubi
625 3547 703 3609 niltil
730 3550 866 3610 libertate
896 3547 1015 3610 charius
1045 3570 1094 3610 nec
1124 3551 1233 3610 dulcius

48 3663 186 3736 habmus,-
212 3683 254 3722 me
281 3681 341 3722 rem
367 3683 421 3722 non
446 3666 597 3737 ingratam
623 3681 711 3739 oeque
738 3663 867 3722 inutilem
889 3659 1040 3736 sudatum
1068 3661 1233 3738 credidi,fi

48 3777 234 3853 ostenderem,
262 3773 336 3836 dane
363 3775 525 3835 libertatem
551 3793 605 3833 non
633 3787 746 3834 tantum
766 3773 859 3850 salva
882 3775 993 3852 pietate
1012 3786 1040 3831 et
1059 3771 1232 3852 Reipublicae

43 3902 115 3966 pace
134 3889 258 3963 concedi,
279 3888 338 3965 sed
358 3888 488 3965 insuper,
507 3888 621 3947 eandem
641 3906 694 3946 non
714 3883 768 3963 nifi
788 3903 849 3945 cvm
878 3883 944 3964 ipsa
964 3899 1036 3966 pace
1056 3884 1231 3964 Respublica

47 4019 82 4059 ac
98 4003 208 4080 pietate
227 3999 288 4059 tolli
303 3999 387 4078 pasc.
409 3997 506 4075 Atque
525 3996 576 4058 lsoc
591 4001 770 4077 precipuum
791 3998 844 4075 est,
867 3997 943 4074 quod
958 3999 990 4056 in
1011 3995 1062 4057 doc
1089 3997 1229 4057 Tradatu

48 4111 237 4189 demonstrare
263 4112 392 4189 constitui
398 4133 410 4182 ,·
436 4111 478 4169 ad
502 4111 579 4187 quod
601 4113 733 4189 apprime
760 4109 860 4188 neeeffe
878 4108 961 4185 fuit,
978 4111 1129 4187 precipua
1151 4111 1229 4167 circa

48 4223 221 4297 Religionem
243 4220 434 4300 prejudicio,
461 4219 512 4281 lsoc
531 4220 570 4299 es
587 4225 716 4299 antiqua
738 4223 898 4298 servitutis
918 4221 1058 4300 vestigia,
1080 4221 1230 4292 indicare,-

50 4347 106 4392 tum
134 4337 222 4393 etiam
248 4334 423 4413 prejudicio
453 4337 532 4393 circa
556 4333 737 4410 summarum
763 4333 933 4413 potestatum
955 4332 1024 4408 jus,
1054 4333 1130 4410 quod
1149 4333 1233 4390 multi
