2934 4900
308 310 900 399 Theologico·PolitlciCap.
922 310 976 381 v'1.
1180 330 1241 399 449

50 514 82 559 et
103 498 254 559 limitatam
275 498 439 575 potentiam
460 496 620 575 exprimat,
639 512 751 557 certum
771 496 828 576 est,
848 514 904 558 nos
927 514 964 557 ex
986 494 1037 556 tali
1059 495 1165 557 effeslu
1178 512 1240 557 non

50 611 133 687 posse
160 612 337 673 concludere
365 609 547 675 existentiam
575 608 685 686 causae,
713 608 798 687 cujus
820 608 955 686 potentia
978 607 1012 668 stt
1035 606 1165 683 infinita,
1192 608 1241 669 sed

51 728 88 785 ad
120 724 258 785 summum
290 723 400 801 causae,
430 722 516 800 cujus
547 724 683 799 potentia
714 722 808 800 major
839 721 882 782 stt.
914 722 991 785 Dico
1024 724 1066 783 ad
1076 721 1240 799 summum,-

51 835 150 911 potesi
179 834 255 897 enim
287 837 375 897 etiarn
406 834 548 911 consequi
578 854 616 897 ex
645 834 745 897 multis
775 835 866 897 causis
895 836 976 897 stmul
996 836 1240 897 concurrentibus

52 966 130 1023 opus
160 947 297 1023 aliquod,
328 946 413 1025 cujus
444 947 563 1025 quidem
603 948 648 1010 vis
681 963 711 1009 et
744 949 880 1024 potentia
912 948 1006 1011 minor
1038 948 1072 1010 stt
1104 949 1241 1025 potentia

51 1059 183 1121 omnium
221 1059 369 1121 causarum
406 1060 502 1136 simul,
534 1076 565 1120 at
585 1061 601 1095 *
625 1061 714 1139 longe
735 1060 827 1137 major
848 1060 985 1137 potentia
1008 1059 1239 1138 uniuscuiusque

51 1170 155 1231 causae.
185 1172 228 1231 At
255 1172 394 1248 quoniam
415 1174 536 1233 Natutae
556 1174 636 1252 leges
657 1172 705 1251 (ut
723 1172 783 1249 jam
806 1172 998 1251 ostendimus)
1020 1175 1057 1233 nd
1076 1172 1190 1233 infinita
1211 1170 1240 1232 se

51 1284 238 1357 extendunt,
267 1297 297 1343 et
325 1282 377 1343 sub
407 1285 530 1359 quadam
559 1282 655 1358 specie
676 1282 851 1343 aternitatis
872 1302 888 1343 a
909 1283 996 1344 nobis
1017 1282 1241 1359 concipiuntur,

51 1409 82 1453 et
110 1396 223 1455 Natura
254 1394 412 1455 secundum
445 1413 493 1455 eas
524 1410 606 1455 certo
636 1410 727 1471 atque
759 1393 929 1456 immutabili
959 1395 1059 1457 ordine
1080 1398 1241 1473 procedat,

51 1505 122 1581 ipsae
143 1505 232 1567 nobis
251 1522 374 1568 eatenus
401 1506 457 1568 Dei
478 1506 669 1583 infinitatem,
690 1506 901 1583 eternitatem,
922 1522 952 1567 et
975 1506 1238 1568 immutabilitatem

51 1618 152 1695 aliquo
173 1621 263 1682 modo
284 1618 425 1680 indicant.
467 1618 679 1681 concludimus
700 1619 820 1697 itaque,
840 1638 896 1681 nos
916 1638 969 1697 per
988 1619 1123 1680 miracula
1134 1620 1240 1696 Deum,

51 1730 173 1807 ejusque
194 1730 375 1792 existentiam
397 1747 427 1792 et
448 1732 683 1809 providentiam,
703 1732 880 1811 cognoscere
908 1750 967 1793 non
990 1730 1087 1808 posse,
1107 1731 1157 1792 sed
1177 1732 1239 1792 haec

50 1844 141 1921 longe
170 1842 275 1905 melius
305 1843 443 1905 concludi
474 1862 512 1903 ex
542 1846 663 1905 Natura
702 1844 763 1905 lixo
795 1860 884 1920 atque
924 1842 1096 1904 immutabili
1127 1842 1240 1905 ordine.

52 1955 177 2031 Loquor
196 1954 226 2015 iu
247 1955 302 2015 hac
330 1955 516 2016 conclusione
537 1958 574 2017 de
594 1955 752 2032 muaculo,
778 1972 923 2033 quatenus
944 1956 1047 2034 perid
1069 1955 1140 2017 nihil
1160 1956 1239 2017 aliud

52 2062 242 2143 intelligitur,
269 2084 355 2141 quam
385 2082 478 2141 opus,
505 2067 587 2141 quod
607 2065 758 2126 hominum
788 2080 905 2141 captum
927 2064 1061 2141 superat,
1082 2081 1132 2126 aut
1154 2064 1238 2141 supe·

51 2194 114 2236 rare
135 2176 280 2253 creditur;
301 2196 367 2239 nam
388 2192 535 2255 quatenus
562 2176 777 2255 supponeretur
802 2177 932 2239 ordinem
953 2180 1074 2239 Naturae
1096 2178 1239 2239 destruere

51 2288 111 2350 five
141 2288 367 2366 interrumpere,
397 2307 449 2352 aut
479 2290 543 2367 ejus
573 2290 688 2369 legibus
718 2308 897 2369 repugnare,
929 2305 1049 2353 eatenus
1081 2290 1130 2369 (ut
1148 2292 1238 2350 modo

52 2401 245 2483 ostendimus)
276 2422 336 2466 non
366 2419 481 2466 tantum
512 2403 618 2464 nullam
649 2402 706 2465 Dei
738 2402 938 2483 cognitionem
967 2406 1035 2465 darc
1055 2401 1169 2480 posset,
1190 2401 1239 2463 sed

50 2530 155 2576 contra
186 2515 280 2594 illam,
311 2536 397 2594 quam
426 2515 597 2578 naturaliter
616 2517 773 2593 habemus,
794 2517 949 2594 adimeret,
970 2533 999 2578 et
1022 2537 1077 2580 nos
1098 2520 1134 2579 de
1154 2519 1238 2593 Deo,

50 2643 81 2688 et
104 2629 259 2706 omnibus,
279 2630 413 2692 dubitare
441 2631 561 2690 faceret.
592 2631 698 2706 Neque
718 2629 767 2690 hic
788 2631 874 2692 ullam
896 2630 1023 2710 agnosco
1045 2630 1237 2692 differentiam

48 2741 127 2802 inter
157 2760 234 2818 opus
264 2757 367 2804 contra
396 2745 554 2818 Naturam,
585 2758 616 2803 et
646 2761 723 2819 opus
755 2741 837 2818 supra
867 2744 1008 2802 Naturam
1030 2741 1102 2820 (hoc
1123 2742 1182 2818 est,
1204 2755 1238 2802 ut

48 2853 171 2932 quidam
200 2855 300 2932 ajunt,
332 2875 424 2932 opus,
453 2858 535 2932 quod
564 2853 682 2932 quidem
702 2855 824 2915 Naturae
846 2871 906 2914 non
928 2868 1089 2932 repugnat,
1109 2867 1237 2913 attamen

48 2969 88 3026 ab
115 2967 177 3042 ipsa
207 2987 268 3030 non
299 2967 397 3044 potest
427 2967 552 3044 produci
582 2982 635 3028 aut
665 2965 773 3045 effici);
804 2983 868 3026 nam
901 2983 967 3026 cum
988 2964 1155 3026 miraculum
1176 2981 1236 3024 non

47 3093 135 3140 extra
163 3082 321 3156 Naturam,
352 3079 402 3142 sed
433 3079 463 3140 in
495 3079 556 3155 ipsa
587 3082 701 3140 Natura
731 3078 799 3153 liat,
832 3075 969 3153 quamvis
990 3076 1074 3151 supra
1094 3077 1236 3136 Naturam

47 3191 213 3265 statuatur,
239 3206 336 3253 tamen
357 3190 469 3252 necesse
491 3192 549 3268 est,
570 3207 604 3252 ut
625 3193 747 3252 Naturae
769 3189 899 3252 ordinem
921 3188 1130 3264 interrumpat,
1150 3205 1236 3264 quem

48 3300 123 3362 alias
149 3303 238 3364 lixum
267 3319 356 3380 atque
384 3303 592 3365 immutabilem
612 3322 650 3364 ex
671 3302 728 3364 Dei
750 3300 876 3364 decretis
899 3299 1092 3376 concipimus.
1112 3298 1142 3359 si
1164 3298 1237 3376 quid

48 3413 142 3493 igitur
168 3413 197 3474 in
225 3417 338 3478 Natura
365 3417 462 3492 fieret,
489 3418 571 3493 quod
599 3435 636 3476 ex
664 3415 753 3492 ipfius
779 3414 893 3494 legibus
920 3432 980 3474 non
1001 3412 1185 3490 sequeretur,
1206 3410 1236 3472 id

48 3523 208 3588 necessario
236 3528 350 3604 ordini,
377 3547 462 3605 quem
490 3529 572 3590 Deus
593 3528 623 3591 in
645 3543 784 3590 aeternum
806 3546 858 3604 per
878 3528 956 3605 leges
976 3528 1096 3588 Naturae
1118 3524 1235 3586 univer·

48 3637 123 3700 sales
154 3638 184 3698 in
212 3641 326 3702 Natura
356 3639 475 3716 statuit,
505 3656 700 3720 repugnaret,
732 3642 866 3717 adeoque
899 3637 929 3700 id
960 3651 1063 3698 contra
1093 3639 1235 3699 Naturam

48 3750 172 3828 ejusque
202 3752 282 3829 leges
312 3751 402 3828 esset,
433 3767 464 3812 et
497 3751 712 3830 consequenter
748 3751 811 3828 ejus
843 3752 916 3812 fides
946 3769 1001 3812 nos
1031 3753 1068 3812 de
1100 3748 1236 3810 omnibus

48 3862 186 3926 dubitare
218 3864 343 3939 faceret,
375 3879 406 3925 et
437 3867 474 3926 ad
505 3863 687 3926 Atheismum
715 3866 846 3926 duceret.
877 3863 917 3922 Et
945 3861 990 3922 his
1018 3876 1093 3938 puto
1118 3879 1163 3921 me
1188 3861 1236 3935 id,

49 3976 134 4052 quod
171 3974 299 4036 secundo
338 3975 545 4051 intendebam,
583 3975 653 4037 satis
682 3975 771 4036 firmis
801 3973 967 4036 rationibus
999 3971 1166 4048 ostendisse;
1198 3991 1235 4032 ex

48 4087 159 4164 quibus
180 4091 216 4148 de
238 4105 321 4150 novo
348 4090 524 4150 concludere
556 4087 722 4164 possumus,
753 4088 920 4148 miraculum
952 4085 1011 4150 stne
1042 4102 1143 4147 contra
1174 4087 1234 4145 Na·

47 4214 164 4272 turam,
193 4196 252 4259 stve
285 4199 369 4276 supra
400 4202 559 4277 Naturam,
590 4219 698 4261 merum
730 4197 785 4260 elle
817 4198 986 4274 absurdum;
1018 4212 1047 4258 et
1079 4211 1235 4272 propterea

84 4368 97 4398 ⁸
133 4367 181 4417 lid.
198 4368 258 4416 ΡΜ
275 4382 314 4418 ac.
1102 4405 1134 4464 29
