2934 4900
336 322 832 401 Theologico-Poiitici
873 326 946 402 Cap.
972 330 994 388 l.
1195 334 1255 409 387

67 500 134 558 hoc
156 497 197 557 est
217 511 324 558 ventus
351 497 509 558 sactissimus
532 514 561 557 et
582 498 689 557 fatalis.
718 499 758 558 Et
780 500 929 561 Geneseos
950 521 1013 578 capa.
1038 521 1063 564 1.
1085 507 1157 567 vers.
1180 526 1207 568 2.
1229 516 1257 567 et

68 617 176 670 trenlus
195 611 253 670 Dei
273 608 346 688 (sive
374 625 481 672 ventus
510 610 689 689 fortissimus)
711 612 876 673 mouebatur
891 616 985 694 super
1005 637 1119 695 aptium.
1140 620 1254 683 Deinde

70 722 218 801 significat
256 722 380 783 animum
419 742 568 802 magnum,
606 722 750 784 Gideonis
788 725 863 785 enim
900 742 930 787 et
967 730 1111 791 samsonis
1144 735 1255 797 animus

71 850 223 898 vocantur
249 835 279 895 in
306 836 400 895 Sacris
427 835 535 895 Literis
563 853 640 908 mina
672 854 734 907 mm
755 837 883 914 Spiritus
909 841 983 915 Dei,
1003 842 1060 903 hoc
1083 844 1123 903 est
1144 846 1255 909 animus

73 948 276 1011 audacissimus
297 965 327 1010 et
348 952 385 1011 ad
406 950 518 1025 quaevis
540 968 667 1026 paratus.
688 950 736 1011 Sic
766 951 853 1010 etiam
876 972 1059 1031 quaecunque
1082 958 1175 1020 virtus
1198 960 1256 1022 save

76 1064 126 1126 vis
153 1062 237 1138 supra
265 1082 445 1123 communem
473 1080 599 1125 vocatur
627 1082 704 1136 mna
736 1077 797 1136 mm
826 1064 954 1143 Spiritus
982 1066 1032 1127 seu
1059 1072 1157 1129 curtas
1184 1073 1257 1149 Dei,

77 1197 114 1241 ut
136 1182 164 1240 m
185 1181 281 1242 axau.
310 1201 373 1256 can·
395 1198 442 1257 31·
470 1181 543 1243 vers·
567 1200 593 1258 a·
615 1170 722 1255 amhn
744 1200 805 1255 rna
831 1198 907 1257 anan
929 1172 1035 1256 siam
1059 1200 1086 1244 u
1102 1188 1258 1267 adimplebo

76 1298 173 1375 ipsum
200 1296 318 1375 (nempe
345 1298 550 1375 Betzaleelem)
579 1298 699 1376 Spiritu
725 1301 800 1373 Dei,
820 1300 877 1359 hoc
900 1300 940 1359 est
962 1300 1009 1377 (ut
1030 1299 1089 1376 ipsa
1111 1300 1259 1375 Scriptura

76 1408 221 1486 explieat)
253 1408 371 1486 ingenio
402 1422 431 1468 et
464 1424 525 1468 arte
556 1408 639 1484 supra
672 1428 852 1471 communem
885 1411 1033 1472 hominum
1066 1410 1179 1471 sortem.
1212 1410 1258 1470 Sic

75 1521 170 1581 Esaiae
192 1540 255 1595 cap.
276 1522 312 1580 ll.
334 1520 406 1583 vers.
428 1539 454 1580 2.
488 1538 562 1594 fliam
586 1540 649 1592 mm
674 1511 742 1600 mSp
765 1539 844 1598 :arm
866 1539 894 1584 et
914 1526 1036 1601 quiescet
1051 1526 1148 1602 supra
1167 1524 1260 1601 ipsum

77 1638 213 1715 Spiritus
231 1638 304 1711 Dei,
324 1637 381 1697 hoc
403 1638 457 1712 est,
480 1655 512 1698 ut
532 1639 592 1715 ipse
614 1640 776 1715 Propheta,
808 1658 886 1700 more
908 1639 937 1699 in
959 1638 1053 1699 Sacris
1074 1637 1182 1698 Literis
1204 1636 1259 1697 usr-

75 1749 213 1809 ratissimo
220 1793 230 1823 ,
251 1748 444 1825 particulatim
466 1750 565 1825 postea
587 1751 617 1812 id
638 1752 813 1827 explicando
837 1754 963 1814 declarat
970 1752 1086 1828 ‚virtus
1097 1750 1260 1826 sapientia,

78 1858 208 1934 consilii,
244 1859 444 1934 fortitudinis,
483 1878 539 1921 ete.
580 1862 628 1922 Sic
666 1862 754 1923 etiam
793 1863 981 1924 melancholia
1013 1861 1106 1922 Saulis
1138 1876 1262 1923 vocatur

81 1991 152 2049 :apa
176 1961 283 2045 nath&
305 1990 366 2043 mm
395 1975 454 2034 Dei
473 1974 606 2052 Spiritus
626 1976 733 2050 malus,
756 1975 785 2037 id
808 1976 848 2037 est
868 1974 1057 2035 melancholia
1079 1973 1260 2049 profrmdiffi-

80 2108 144 2163 ma3
172 2086 246 2150 servi
277 2087 352 2148 enim
383 2089 493 2163 Saulis,
525 2090 576 2166 qui
609 2091 672 2167 ejus
703 2092 921 2152 melancholiam
954 2091 1010 2153 Dei
1042 2089 1261 2150 melancholiam

80 2205 247 2277 vocabant,
275 2202 301 2262 ei
328 2204 446 2263 fuerunt
478 2203 633 2279 authores,
660 2218 693 2265 ut
715 2204 840 2280 aliquem
861 2206 897 2265 ad
919 2204 947 2263 se
969 2202 1104 2264 muhcum
1125 2216 1263 2277 vocaret,

80 2314 133 2391 qui
164 2313 270 2374 fidibus
303 2317 435 2374 canendo
468 2312 559 2389 ipsum
591 2331 749 2389 recrearet,
780 2318 861 2391 quod
893 2314 1035 2386 ostendit,
1063 2330 1115 2373 eos
1136 2328 1188 2387 per
1206 2313 1265 2372 Dei

78 2424 294 2488 melancholiam
314 2428 472 2488 naturalem
493 2426 712 2488 melancholiam
733 2425 912 2488 intellexisse.
953 2425 1137 2504 significator
1158 2426 1263 2488 deinde

78 2559 133 2616 per
163 2553 241 2611 mma
264 2553 325 2609 mm
352 2541 411 2598 Dei
437 2540 584 2617 Spiritum
604 2538 665 2614 ipsa
686 2538 812 2599 hominis
834 2556 930 2612 mens,
952 2537 1034 2599 sicuti
1056 2537 1086 2598 in
1107 2540 1175 2618 Job.
1198 2556 1261 2612 cap.

80 2673 130 2730 27.
152 2654 224 2716 vers.
247 2675 273 2733 3.
301 2670 384 2729 lun]
407 2646 476 2728 nh&
498 2672 576 2727 maa
603 2669 632 2714 ct
657 2657 787 2735 Spiritus
806 2659 865 2717 Del
891 2661 923 2716 ia
949 2659 1112 2734 mafortea,
1134 2657 1264 2717 alludens

80 2773 118 2832 ad
150 2772 196 2848 id,
228 2776 310 2848 quod
339 2773 462 2833 habetur
492 2772 521 2831 in
553 2770 673 2845 Genesi,
704 2789 807 2847 nempe
830 2775 910 2848 quod
932 2773 1014 2832 Deus
1040 2771 1122 2832 flavit
1143 2771 1263 2831 animam

81 2883 154 2944 vitae
185 2884 214 2943 in
246 2885 315 2945 naso
336 2886 352 2919 *
372 2883 508 2944 hominis.
549 2883 597 2944 Sic
626 2882 782 2959 Ezechiel,
810 2883 935 2944 mortuis
966 2881 1191 2959 prophetizans,
1224 2883 1264 2942 ait

83 3013 148 3068 cap.
170 3010 217 3070 37.
240 2995 312 3058 vers.
337 3013 382 3075 14.
409 3012 524 3069 mmm
547 3013 615 3068 rm
637 3010 712 3066 *nin
735 3009 825 3068 *nnn
854 3009 882 3054 et
907 2994 978 3054 dubo
1005 3013 1092 3052 meum
1120 2993 1265 3072 Spiritum

82 3109 180 3184 trabis,
210 3124 238 3169 et
266 3115 389 3186 vinctim
428 3112 458 3172 id
489 3109 548 3186 est,
581 3111 671 3174 vitam
703 3110 791 3174 vobis
823 3109 978 3170 restituam.
1019 3109 1058 3168 Et
1089 3109 1146 3169 hoc
1183 3108 1265 3169 sensu

82 3222 192 3282 ascitur
220 3224 290 3302 Jom
321 3244 384 3300 can·
418 3244 464 3304 34·
496 3225 569 3287 vers.
604 3241 648 3303 14·
683 3240 804 3297 inmun
837 3240 912 3294 amaa
942 3212 996 3296 mh
1021 3210 1090 3294 ahs
1113 3238 1192 3294 nau*
1216 3239 1265 3294 mn

84 3354 188 3433 mamm*
213 3327 326 3416 νὸκβ
345 3343 416 3401 velit
437 3342 555 3419 (nempe
576 3343 683 3419 Deus),
705 3343 847 3420 Spiritum
861 3343 949 3417 sumu
971 3340 1041 3418 (hoc
1064 3339 1103 3399 est
1124 3355 1266 3414 mentem,

84 3471 171 3529 quam
199 3453 286 3514 nobis
312 3455 407 3533 dedit)
433 3469 461 3514 et
480 3458 606 3515 unimam
628 3457 715 3532 suam
731 3455 788 3532 fibi
808 3455 959 3528 recolliget.
981 3453 1028 3514 Sic
1051 3453 1135 3513 etiam
1159 3452 1266 3512 intelli·

84 3567 197 3642 genuus
228 3565 269 3624 est
303 3565 408 3625 Genes-
441 3585 505 3642 cap.
536 3569 565 3627 6·
597 3567 670 3629 vars.
704 3585 732 3643 s·
773 3555 874 3645 aare&
905 3583 996 3639 nana
1026 3581 1101 3636 *naa
1130 3579 1189 3651 nm
1223 3553 1266 3638 nh

85 3699 160 3754 am]
182 3697 245 3753 satra
269 3699 362 3755 mm
381 3703 436 3741 noa
457 3684 683 3743 ratiocinabitur
705 3683 771 3761 (aut
793 3703 853 3744 non
875 3683 1024 3762 decernet)
1046 3683 1175 3762 Spiritus
1192 3699 1267 3741 meus

83 3799 115 3854 ia
135 3795 245 3856 iumine
263 3817 404 3875 uuquam,
425 3801 557 3875 quoniam
577 3817 644 3857 caro
665 3797 722 3876 cst‚·
744 3797 800 3856 hoc
822 3796 877 3872 est,
889 3796 977 3857 homo
990 3795 1108 3872 posthac
1120 3814 1156 3854 ex
1169 3799 1267 3856 deere-

85 3907 124 3968 tis
146 3907 256 3984 cantis,
277 3925 306 3969 et
329 3929 388 3970 non
411 3911 533 3986 mentis,
555 3929 641 3987 qnam
663 3910 733 3986 ipsa,
755 3927 787 3970 ut
812 3911 848 3970 de
870 3912 951 3969 bono
974 3907 1163 3982 discerneret,
1184 3907 1267 3982 ticeli,

84 4034 162 4097 aget.
183 4019 230 4080 Sic
252 4020 338 4082 etiam
359 4022 461 4092 Psalmi
483 4036 530 4098 51.
554 4024 595 4085 vs.
620 4041 666 4098 12,
691 4041 737 4099 13.
759 4037 836 4092 nial
860 4011 967 4093 ΜΒΝ
987 4010 1018 4091 ³5
1039 4037 1106 4092 &nl
1123 4036 1210 4092 ‘lim
1227 4008 1267 4092 35

87 4154 163 4209 *aaa
190 4155 263 4231 npn
290 4127 334 4211 hs
358 4156 455 4237 pam
485 4156 562 4210 mm
588 4127 707 4236 Troia
730 4125 867 4210 *tahan
883 4123 926 4208 is
950 4153 958 4210 t
979 4153 1086 4228 ’ΞᾪΞ
1107 4151 1183 4208 ’tt-tn
1206 4151 1268 4223 ΓΞ]

0 4368 1 4371 ,
120 4323 132 4354 ⁸
168 4321 208 4372 Sic
226 4321 274 4372 lid.
291 4323 331 4372 Pr.
