2934 4900
375 356 688 420 Emendatione
718 360 965 421 Tractatut.
1245 374 1264 438 5

111 528 259 593 Permtrlta
276 528 355 591 enim
374 529 488 591 exstant
506 531 638 606 exempla
656 548 773 609 eorum,
791 532 843 608 qui
861 532 1093 609 persecutionem
1111 537 1148 596 ad
1165 554 1263 597 necem

74 638 162 715 usque
190 641 260 715 paffi
288 641 356 702 sunt
385 657 508 718 propter
534 640 662 718 ipsorum
684 642 820 718 divitias,
843 658 873 704 et
895 644 982 705 etiam
1002 663 1120 721 eorum,
1141 645 1209 722 qui,
1230 662 1264 715 ut

74 767 148 825 opes
172 766 396 827 compararent,
422 767 469 814 tot
497 752 634 829 periculis
661 752 721 814 sese
750 753 968 830 exposuerunt,
998 771 1033 817 ut
1064 759 1180 817 tandem
1202 756 1265 819 vita

74 878 191 937 punam
211 865 327 925 luerent
348 863 406 925 sue
428 863 567 927 stultitiae.
608 867 715 942 Neque
744 884 846 927 eorum
866 866 1006 941 pauciora
1026 866 1093 928 sunt
1113 870 1263 945 exempla,

74 973 147 1049 qui,
186 990 221 1036 ut
259 975 400 1039 honorem
437 975 652 1053 assequerentur
689 991 741 1039 aut
772 954 981 1051 defenderent,
1011 977 1164 1040 miserrime
1194 982 1263 1056 paffi

74 1084 152 1146 sunt
193 1086 404 1149 Innumeranda
429 1086 557 1165 denique
586 1102 689 1149 extant
718 1090 851 1164 exempla
879 1106 997 1163 eorum,
1025 1090 1076 1167 qui
1096 1108 1155 1166 prae
1176 1091 1262 1153 nimia

73 1198 198 1261 libidine
225 1216 346 1262 mortem
374 1200 427 1261 sibi
455 1201 700 1264 acceleraverunt.
741 1200 926 1262 Videbantur
953 1219 1042 1277 porto
1070 1220 1107 1263 ex
1135 1222 1172 1263 eo
1200 1203 1262 1265 bec

73 1325 140 1371 orta
169 1308 224 1371 eise
251 1313 339 1387 mala,
367 1314 448 1388 quod
476 1327 543 1372 tota
571 1310 696 1373 felicitat
724 1327 775 1374 aut
803 1312 960 1374 infelicitas
987 1312 1018 1373 in
1047 1312 1106 1375 hoc
1126 1313 1189 1375 solo
1209 1314 1262 1376 sita

73 1422 133 1495 est,
165 1422 322 1497 videlicet,
353 1422 384 1483 in
415 1423 557 1499 qualitate
588 1422 696 1500 objecti
709 1452 723 1498 ,·
750 1423 798 1485 cui
830 1424 1008 1485 aditaeremua
1039 1443 1146 1486 amore.
1186 1428 1261 1487 Nam

73 1548 199 1609 propter
225 1534 311 1611 illud,
340 1538 422 1612 quod
450 1554 510 1597 non
532 1551 661 1611 amatur,
682 1554 831 1612 nunquam
851 1535 984 1598 orientur
1004 1536 1088 1611 lites,
1109 1538 1186 1599 nulla
1206 1537 1262 1600 erit

72 1641 207 1717 tristitia,
227 1643 246 1704 ii
267 1659 384 1719 pereat,
406 1646 483 1705 nulla
504 1643 634 1719 invidia,
654 1644 674 1705 fi
696 1645 732 1705 ab
754 1643 812 1705 alio
834 1646 1027 1720 poffideatur,
1047 1647 1143 1707 nullut
1164 1646 1262 1721 timor,

73 1756 183 1817 nullum
211 1755 329 1829 odium,
356 1772 405 1831 et,
426 1770 460 1817 ut
482 1758 574 1818 verbo
595 1754 706 1831 dicam,
726 1757 812 1816 nuilae
833 1755 1049 1818 commotiones
1069 1756 1173 1834 animi;
1194 1776 1260 1835 quae

71 1866 191 1943 quidem
218 1867 316 1928 omnia
344 1866 522 1945 contingunt
550 1866 580 1927 in
602 1884 698 1929 amore
719 1884 838 1941 eorum,
859 1886 925 1943 quae
946 1868 1040 1944 petire
1060 1868 1194 1945 possunt,
1215 1870 1260 1933 uti

71 1980 135 2039 ltaec
165 1979 281 2052 omnia,
312 1982 349 2041 de
381 1978 490 2055 quibua
521 1981 611 2041 modo
642 1978 736 2039 locuti
767 1978 873 2040 sumus.
913 1980 972 2040 Sed
999 1997 1079 2041 amor
1106 1998 1173 2061 erga
1200 1999 1259 2043 rem

72 2106 208 2151 retentam
227 2106 258 2151 et
277 2090 419 2152 infinitam
437 2090 496 2153 sola
514 2089 617 2151 latitia
637 2089 729 2165 pascit
747 2089 889 2165 animum,
900 2089 1020 2167 ipsaque
1030 2091 1125 2153 omnia
1135 2091 1258 2155 tristitie

71 2202 111 2261 est
129 2218 252 2278 erpera3
270 2205 352 2279 quod
369 2204 455 2265 valde
473 2201 514 2264 est
532 2202 767 2276 desiderandum,
785 2200 920 2279 totisque
931 2200 1044 2264 viribus
1061 2206 1259 2279 querendum.

70 2314 180 2373 Verum
201 2330 263 2373 non
284 2312 393 2389 absque
414 2312 529 2374 ratione
550 2312 618 2375 usus
640 2311 699 2373 sum
720 2312 768 2373 hit
789 2313 904 2375 verbis:
931 2315 1008 2373 ando
1023 2315 1127 2394 poffetn
1147 2317 1163 2349 *
1177 2317 1259 2392 serio
1328 2380 1334 2405 Ι

69 2424 240 2486 deliberare.
257 2426 334 2486 Nam
351 2424 485 2502 quamvis
502 2424 564 2486 haec
582 2440 679 2488 mente
697 2426 773 2487 adeo
790 2426 866 2486 clare
880 2425 1147 2505 perciperem,non
1168 2443 1255 2504 pote·

69 2553 127 2596 ram
144 2551 242 2598 tamen
263 2535 332 2598 ideo
349 2555 463 2598 omnem
481 2537 648 2612 avaritiam,
666 2536 833 2613 libidinem,
850 2553 940 2614 atque
955 2537 1077 2615 gloriam
1098 2541 1257 2615 deponere.

109 2647 177 2708 Hoc
206 2665 295 2709 unum
323 2646 475 2722 videbam,
503 2651 600 2725 quod,
628 2648 768 2726 quamdiu
788 2666 869 2710 mena
888 2647 964 2710 circa
983 2648 1036 2710 hat
1057 2648 1257 2729 cogitationen

70 2757 257 2830 versabatur,
283 2759 395 2822 tamdiu
422 2759 469 2822 illa
490 2759 676 2823 aversabatur
696 2775 726 2821 et
747 2760 823 2821 serio
844 2763 881 2821 de
902 2777 985 2822 novo
1005 2759 1156 2839 cogitabat
1177 2761 1257 2823 insti·

68 2887 154 2949 tuto;
184 2875 267 2949 quod
294 2889 399 2952 magno
427 2871 497 2934 mihi
528 2872 585 2934 suit
613 2871 727 2933 solatio.
769 2873 844 2932 Nam
871 2871 1007 2934 videbam
1035 2871 1083 2932 illa
1103 2874 1176 2934 mala
1196 2892 1257 2936 non

67 2983 123 3044 effe
154 2983 225 3044 talia
255 2983 454 3058 conditionis,
485 2999 518 3044 ut
549 2983 683 3044 remediis
716 2984 828 3044 nollent
858 2985 971 3044 cedere.
1010 2982 1051 3044 Et
1072 2982 1206 3060 quamvis
1226 2983 1257 3045 in

67 3095 158 3157 initio
187 3095 251 3156 haec
276 3095 427 3158 intervalla
448 3093 537 3156 essent
558 3113 635 3169 rara,
657 3110 686 3154 et
708 3112 761 3170 per
780 3095 937 3175 admodum
958 3093 1096 3172 exiguum
1115 3093 1256 3170 temporis

66 3205 195 3282 spatium
223 3207 376 3281 durarent,
404 3206 556 3282 postquam
585 3221 679 3267 tamen
709 3223 810 3268 vemm
839 3205 951 3266 bonum
982 3203 1073 3283 magia
1103 3223 1137 3265 ac
1165 3204 1256 3282 tnagis

64 3317 136 3377 milti
165 3316 316 3391 innotuit,
343 3313 494 3380 intervalla
523 3318 573 3378 ista
600 3317 799 3395 frequentiora
823 3331 855 3377 et
874 3314 1007 3396 longiora
1027 3316 1162 3392 fuemnt;
1182 3335 1256 3393 prae·

63 3427 165 3490 sertim
196 3427 350 3504 postquam
381 3429 444 3490 vidi
479 3446 660 3490 nummorum
697 3428 918 3506 acquisitionem
952 3441 1004 3488 aut
1038 3426 1187 3489 libidinem
1224 3445 1255 3491 et

63 3539 187 3620 gloriam
209 3539 323 3601 tamdiu
343 3538 456 3614 obelie,
482 3539 622 3615 quamdiu
643 3555 764 3616 propter
785 3540 831 3614 se,
850 3555 881 3600 et
902 3557 963 3600 non
990 3554 1129 3615 tanquam
1159 3541 1254 3602 media

65 3655 102 3712 ad
135 3651 191 3712 alia
220 3665 405 3728 quamntur;
432 3649 545 3714 {ivero
566 3667 703 3728 tanquam
725 3651 819 3712 media
839 3666 1025 3727 quaentntur,
1044 3653 1162 3712 modum
1181 3668 1254 3715 tune

67 3763 238 3837 habebunt,
265 3778 296 3825 et
323 3761 440 3824 minime
467 3765 610 3839 oberunt3
638 3763 686 3824 sed
715 3779 818 3825 contra
838 3765 875 3823 ad
895 3763 998 3838 linem,
1026 3778 1147 3838 propter
1166 3783 1253 3840 quem

67 3890 256 3951 quaeruntur,
277 3877 398 3938 militum
419 3879 604 3950 conducent,
625 3891 658 3936 ut
679 3875 730 3936 suo
751 3876 819 3935 ioco
841 3874 1034 3935 ostendemus.

109 3987 167 4048 Hic
188 4003 303 4049 tantum
329 3987 459 4051 breviter
480 3988 590 4062 dicam,
611 3987 682 4065 quid
704 4005 755 4064 per
775 4004 875 4050 verum
897 3989 1007 4049 bonum
1027 3986 1201 4067 intelligam,
1223 4005 1253 4052 et

68 4099 151 4161 srmttl
171 4099 244 4176 quid
265 4099 300 4160 stt
321 4099 460 4160 summum
480 4101 599 4161 bonum.
621 4101 711 4182 Quod
733 4113 767 4161 ut
787 4101 863 4160 rede
883 4097 1073 4177 intelligatur,
1090 4103 1252 4163 notandum

68 4210 128 4285 est,
148 4213 231 4288 quod
250 4212 361 4272 bonum
390 4227 420 4271 et
447 4213 550 4272 malum
581 4229 659 4288 non,
685 4210 737 4273 nist
757 4209 934 4287 respective,
952 4207 1102 4286 dicantur3
1123 4213 1197 4274 adeo
1218 4227 1253 4276 ut

104 4353 117 4378 ⁶
152 4349 228 4401 Vera.
241 4348 312 4420 belg.
327 4375 360 4386 -
377 4348 426 4400 Ed.
444 4349 499 4400 lna
515 4351 607 4419 pofftat.
