2934 4900
232 322 289 398 338
587 321 825 381 Tractatus
866 319 1053 380 Politici

230 514 341 571 creare,
363 496 410 557 vel
430 496 466 557 nd
487 496 594 573 vitam,
616 511 648 556 ut
670 495 798 570 Veneti,
820 498 867 559 vel
888 498 923 557 nd
945 512 1078 572 tempus,
1100 513 1133 558 ut
1154 496 1350 573 Genuenscs;
1370 496 1419 557 sed

231 622 311 668 tanta
339 626 404 667 cum
433 606 587 683 cautione,
615 623 648 669 ut
677 609 746 670 satis
773 624 930 685 appareat,
958 609 988 669 id
1009 626 1070 669 non
1090 609 1149 669 stne
1169 628 1274 687 magno
1297 610 1421 685 imperii

230 719 359 795 periculo
388 720 458 780 sieri.
498 721 537 779 Et
566 720 631 780 sanc
660 720 794 780 dubitare
822 740 883 781 non
905 720 1072 796 possumus,
1091 721 1162 797 quin
1183 722 1342 797 imperium
1364 724 1422 781 hac

229 830 342 891 ratione
374 835 410 892 nd
440 831 660 893 Monarclricum
693 834 829 907 accedat;
861 847 892 893 et
923 847 1067 908 quantum
1095 851 1133 893 etr
1161 852 1261 894 eorum
1281 834 1420 893 historiis

230 943 374 1018 conjicere
397 943 556 1019 possumus,
578 946 655 1005 nulla
673 944 726 1003 alin
747 948 782 1006 de
802 944 887 1005 causa
905 945 935 1005 id
953 946 1060 1006 sadum
1078 946 1134 1020 esi,
1151 964 1238 1021 quam
1256 945 1329 1021 quia
1348 964 1419 1005 ante

230 1056 387 1117 constituta
418 1057 480 1117 baec
510 1056 644 1117 Concilia
676 1056 728 1117 sub
761 1058 888 1118 Reslorc
917 1058 965 1119 vel
993 1059 1094 1132 Duce,
1122 1058 1216 1119 ueluti
1238 1058 1289 1118 sub
1312 1060 1418 1135 Rege,

229 1168 355 1242 fuerant;
377 1182 465 1243 atque
487 1170 561 1228 adeo
583 1168 718 1228 neuoris
740 1168 850 1228 creatio
869 1167 975 1229 Gentis
994 1169 1127 1244 quidem,
1149 1169 1198 1229 sed
1219 1186 1280 1229 non
1298 1168 1416 1243 imperii

227 1278 425 1341 Aristocratici
447 1281 579 1341 absolute
601 1280 982 1356 considerati,requis1tum
1004 1280 1188 1342 necessarium
1211 1282 1260 1341 eli.

268 1392 294 1471 ς.
315 1392 393 1453 ΧΙΧ.
434 1394 591 1468 Attamen,
620 1394 688 1469 quia
714 1394 822 1454 summa
843 1393 932 1470 hujus
952 1394 1064 1469 imperii
1085 1395 1214 1470 poteslas
1234 1413 1328 1470 penes
1349 1394 1414 1454 uni·

228 1502 338 1565 versum
368 1503 426 1562 lroc
458 1502 639 1576 Concilium,
671 1520 731 1563 non
765 1517 862 1562 autent
894 1520 986 1577 penes
1018 1506 1250 1579 unumquodque
1282 1504 1413 1578 ejusdem

226 1615 382 1674 membrum
403 1613 444 1673 est
465 1614 543 1691 (nam
566 1613 636 1673 alias
657 1628 754 1674 coetus
774 1612 843 1673 elset
861 1613 1035 1675 inordinatae
1053 1614 1282 1693 multitudinis),
1298 1614 1414 1675 necesse

226 1744 295 1803 ergo
318 1727 374 1800 esl,
396 1741 428 1786 ut
449 1724 567 1785 Patricii
589 1744 690 1785 omncs
712 1724 843 1804 Legibus
864 1724 906 1785 ita
928 1725 1134 1803 astringantur,
1152 1740 1186 1785 ut
1207 1744 1297 1786 unum
1320 1726 1414 1788 veluti

226 1855 349 1912 corpus,
370 1840 451 1913 quod
473 1855 530 1899 una
551 1836 661 1915 regitur
681 1853 795 1912 mente,
822 1853 1013 1913 componant.
1056 1840 1099 1898 At
1120 1839 1199 1916 leges
1221 1837 1323 1912 perse
1345 1838 1413 1896 sola·

226 1950 360 2009 inualidae
389 1949 471 2023 sunt,
500 1964 529 2009 et
557 1949 641 2009 facile
663 1950 845 2028 franguntur,
867 1950 918 2009 ubi
938 1967 1035 2009 earum
1056 1948 1189 2010 vindices
1210 1948 1230 2007 ii
1251 1948 1304 2023 ipfi
1327 1948 1411 2021 sunt,

226 2060 277 2137 qui
309 2078 428 2135 peccare
460 2060 594 2136 poliunt,
633 2060 743 2138 quique
776 2060 829 2121 soli
860 2061 1025 2135 exemplum
1056 2078 1094 2119 ex
1126 2059 1271 2134 supplicio
1304 2078 1408 2135 capere

226 2175 353 2247 debent,
374 2188 404 2233 et
425 2174 551 2252 collegas
572 2191 605 2232 ea
627 2174 664 2233 de
685 2172 770 2233 causa
791 2172 915 2247 punire,
938 2186 971 2231 ut
992 2171 1074 2233 suum
1095 2171 1259 2247 appetitum
1282 2170 1409 2248 ejusdem

226 2283 359 2359 supplicii
391 2300 470 2345 metu
501 2286 633 2359 frenent,
664 2287 746 2363 quod
778 2302 912 2361 magnum
944 2282 985 2343 est
1016 2282 1187 2357 absurdum,
1215 2299 1306 2358 atque
1335 2286 1409 2343 adeo

227 2394 351 2456 medium
372 2398 557 2472 querendum
579 2396 639 2476 cst,
661 2414 721 2472 quo
744 2394 868 2472 supremi
888 2394 977 2472 hujus
998 2393 1126 2455 Concilii
1149 2396 1222 2455 ordo
1243 2408 1275 2454 et
1296 2394 1408 2471 imperii

222 2506 287 2583 jura
318 2505 459 2570 inviolata
491 2509 656 2584 serventur;
687 2507 728 2568 ita
757 2523 872 2581 tamen,
898 2522 933 2568 ut
962 2507 1039 2567 inter
1067 2506 1210 2566 Patricius
1238 2506 1407 2582 aequalitts,

227 2633 335 2692 quanta
355 2619 416 2678 dari
438 2620 551 2696 potest,
572 2618 616 2680 stt.

266 2728 294 2808 §.
313 2729 377 2790 XX.
419 2729 492 2791 Corn
522 2745 618 2790 autem
645 2748 682 2790 ert
711 2748 770 2791 uno
799 2733 926 2791 Restore
947 2731 995 2792 vel
1022 2729 1172 2804 Principe,
1193 2728 1244 2804 qui
1265 2729 1355 2790 etiam
1376 2730 1403 2788 in

226 2839 367 2901 Conciliis
395 2841 558 2922 suffragium
587 2845 659 2903 serre
681 2843 794 2918 potest,
816 2861 918 2921 magna
941 2840 1098 2902 necessario
1120 2840 1189 2902 oriri
1209 2843 1317 2901 debeat
1338 2842 1406 2900 ina-

226 2952 364 3029 qualitas,
382 2953 537 3029 presertim
559 2959 598 3016 ob
620 2955 800 3030 potentiam,
821 2974 886 3031 quae
909 2953 962 3029 ipsi
983 2953 1142 3014 necessario
1160 2953 1284 3013 concedi
1301 2956 1408 3024 debet,

227 3079 259 3124 ut
288 3065 340 3126 suo
368 3065 469 3125 officio
496 3067 623 3128 securius
650 3067 733 3144 fungi
755 3068 856 3142 ponit,
877 3065 961 3126 Nihil
981 3082 1067 3144 ergo,
1089 3065 1107 3124 fi
1128 3062 1226 3125 omnia
1247 3067 1324 3126 rede
1344 3083 1406 3140 pcr-

227 3179 401 3252 pendamus,
429 3177 575 3238 communi
603 3177 687 3239 saluti
716 3176 819 3238 utilius
846 3176 957 3236 institui
986 3175 1100 3251 potest,
1129 3193 1215 3251 quam
1237 3179 1321 3252 quod
1341 3177 1403 3236 nuic

226 3287 358 3362 supremo
380 3288 516 3350 Concilio
538 3289 616 3350 aliud
637 3288 843 3351 subordinatur
864 3307 902 3349 ex
923 3288 1096 3364 quibusdam
1116 3287 1267 3363 Patriciis,
1284 3307 1403 3365 quorum

227 3397 355 3460 officium
383 3399 565 3461 solummodo
594 3399 628 3460 srt
656 3401 826 3473 observare,
847 3415 882 3461 ut
903 3399 1015 3475 imperii
1033 3399 1117 3475 jura,
1137 3417 1202 3475 quae
1223 3398 1358 3460 Concilia
1378 3415 1404 3458 ct

226 3509 337 3584 imperii
368 3509 517 3572 Ministros
548 3527 750 3586 concenrunt,
787 3510 931 3573 inviolata
962 3511 1132 3585 serventur3
1171 3509 1223 3586 qui
1254 3526 1404 3585 propterea

226 3619 397 3693 potestatem
415 3621 556 3697 habeant,
574 3623 793 3700 delinquentem
811 3641 1016 3698 quemcunque
1031 3621 1145 3697 imperii
1163 3620 1345 3696 Ministrum,
1358 3622 1403 3698 qui

226 3729 335 3792 scilicet
363 3747 465 3793 contra
489 3733 570 3808 jura,
600 3753 665 3811 qua
694 3734 784 3810 ipsius
811 3733 997 3796 ministerium
1027 3750 1227 3809 concernunt,
1257 3736 1403 3809 peccavit,

227 3859 321 3902 coram
350 3843 402 3904 suo
425 3844 541 3920 judicio
570 3846 712 3922 vocandi,
741 3862 772 3906 et
796 3846 953 3908 secundum
975 3846 1134 3908 constituta
1150 3845 1217 3922 jura
1237 3848 1401 3922 damnandi;

228 3968 316 4029 atque
338 3953 393 4015 lros
415 3953 598 4030 imposterum
620 3957 765 4034 Syndicos
786 3958 1008 4033 appellabimus.

268 4063 294 4144 §.
315 4065 394 4127 XXI.
434 4069 536 4144 Atque
566 4053 611 4128 hi'
627 4071 663 4130 ad
696 4070 786 4131 vitam
817 4071 944 4149 eligendi
976 4071 1053 4133 sunt.
1094 4073 1169 4132 Nam
1190 4070 1209 4131 sr
1230 4074 1267 4132 ad
1294 4087 1401 4147 tempus

228 4177 417 4254 eligerentur,
445 4178 485 4239 ita
515 4195 548 4240 ut
569 4181 668 4256 postea
692 4185 727 4242 ad
749 4183 804 4242 alia
825 4183 937 4259 imperii
960 4183 1056 4243 officia
1079 4184 1178 4247 uocari
1201 4183 1355 4258 pollent*,
1374 4185 1398 4243 in

263 4317 276 4346 ⁸
311 4315 357 4365 Ed.
375 4317 432 4366 aa:
454 4315 557 4380 posint,
