2934 4900
373 321 430 382 De
470 320 701 383 Libertate
743 323 938 385 Humana.
1195 326 1255 399 265

64 494 132 555 huic
162 510 211 555 tot
241 495 432 572 inadequatre
461 496 533 557 idea:
563 513 648 573 quam
677 495 718 556 illi
746 494 851 570 intint,
873 495 964 575 tnagis
984 510 1081 558 tamen
1102 515 1154 573 per
1174 496 1257 573 illas,

65 626 130 682 quae
158 607 292 669 humanae
320 606 425 670 virtuti
452 606 639 683 tribuuntur,
670 624 757 683 quam
778 624 831 682 per
851 607 921 683 itas,
942 626 1008 683 quae
1028 607 1182 670 humanam
1203 608 1255 669 im·

65 720 231 794 potentiam
253 736 394 799 arguunt,
415 719 612 799 dignoscatur.
634 718 749 781 Deinde
768 720 945 795 notandum,
963 719 1050 782 animi
1068 719 1257 799 aegritudines

65 849 95 893 et
116 832 281 895 infortunia
302 832 476 909 potiffimum
500 832 642 911 originem
664 832 778 893 trahere
800 850 838 893 ex
858 831 948 893 nimio
970 833 1079 894 Amore
1099 850 1167 913 erga
1185 852 1256 912 rem,

67 964 131 1019 quae
161 945 262 1007 multis
290 944 504 1007 variationibus
533 944 574 1005 est
604 944 754 1019 obnoxia,
776 959 805 1005 et
827 944 911 1021 cuius
931 962 1079 1021 nunquam
1101 963 1257 1023 compotes

67 1058 121 1117 esse
155 1057 313 1135 poiiumus.
354 1060 430 1119 Nam
461 1075 547 1119 nemo
577 1059 613 1118 de
643 1076 673 1117 re
702 1058 779 1131 ulla,
809 1056 861 1117 nist
890 1076 976 1135 quam
997 1075 1091 1135 amat,
1111 1059 1254 1123 sollicitus

68 1169 209 1231 anxiusve
237 1170 294 1245 est;
322 1188 418 1247 neque
447 1169 578 1246 injurie,
606 1169 804 1246 suspiciones,
826 1168 1003 1246 inimicitiae,
1024 1184 1082 1230 etc.
1103 1170 1255 1248 oriuntur,

67 1281 115 1339 niii
149 1300 186 1341 ex
219 1282 328 1341 Amore
359 1299 425 1359 erga
456 1300 518 1358 res,
551 1300 672 1359 quarum
700 1300 786 1341 nemo
808 1281 905 1357 potest
925 1300 1025 1343 revera
1045 1280 1099 1342 eise
1121 1300 1254 1359 compos.

66 1393 111 1452 En
132 1392 179 1453 his
200 1394 302 1471 itaque
327 1394 412 1453 facile
434 1392 636 1470 concipimus,
658 1393 730 1471 quid
752 1395 827 1455 clara
848 1411 878 1454 et
899 1391 1030 1455 distincta
1051 1392 1202 1473 cognitio,
1223 1410 1254 1457 et

66 1506 214 1581 praecipue
242 1504 360 1567 tertium
387 1506 459 1566 iliud
487 1505 669 1585 cognitionis
697 1524 793 1585 genus
822 1506 871 1584 (de
891 1525 944 1583 quo
964 1507 1032 1566 vide
1052 1504 1143 1567 Sedol.
1164 1507 1252 1586 Prop.

67 1634 113 1695 47.
137 1631 171 1698 p.
192 1619 255 1698 m),
285 1618 369 1694 cujus
401 1620 621 1680 fundamentum
651 1618 691 1678 est
719 1618 781 1695 ipsa
810 1617 866 1679 Dei
895 1617 1049 1697 cognitio,
1076 1618 1107 1679 in
1134 1619 1254 1681 affectus

69 1732 180 1807 potest3
211 1750 287 1808 quos
316 1750 439 1807 nempe,
460 1748 607 1808 quatenus
629 1733 772 1808 passiones
793 1730 878 1806 sunt,
899 1730 919 1791 sr
941 1749 1001 1791 non
1022 1730 1155 1793 absolute
1175 1732 1255 1793 tollit

68 1844 148 1912 (uide
167 1846 258 1923 Prop.
280 1862 308 1921 3.
328 1862 389 1903 curn
409 1844 500 1905 Sclrol.
524 1846 613 1923 Prop.
624 1864 652 1924 4.
664 1842 766 1923 dusius)
773 1889 783 1920 ,
805 1843 904 1904 saltem
926 1842 1034 1918 efficit,
1054 1860 1088 1905 ut
1108 1844 1253 1905 minimam

68 1954 180 2017 Mentis
202 1972 312 2031 partem
333 1956 514 2018 constituant
536 1957 617 2035 (vide
639 1958 726 2035 Prop.
752 1973 796 2035 14.
818 1955 928 2035 hujus).
969 1956 1085 2017 Deinde
1116 1958 1253 2017 Amorem

69 2066 160 2145 gignit
183 2085 249 2146 erga
277 2084 336 2127 tem
365 2067 570 2128 immutabilem
594 2084 623 2127 et
645 2084 781 2128 aeternam
803 2068 885 2146 (vide
905 2068 994 2147 Prop.
1018 2080 1063 2143 15.
1084 2067 1201 2148 liujus),
1222 2084 1254 2130 et

69 2177 152 2253 cujus
181 2196 281 2240 revera
311 2178 407 2240 sumus
436 2194 591 2255 compotes
620 2181 701 2257 (vide
721 2182 811 2259 Prop.
832 2190 880 2258 45.
898 2192 930 2258 p.
952 2179 1012 2258 2.);
1040 2197 1070 2241 et
1098 2196 1253 2256 propterea

68 2292 154 2350 nullis
185 2290 284 2365 vitiis,
316 2308 380 2367 quae
413 2290 442 2351 in
475 2292 622 2353 communi
654 2292 764 2353 Amore
796 2291 911 2366 insunt,
942 2290 1104 2368 inquinari,
1131 2291 1180 2353 sed
1202 2293 1254 2370 qui

68 2402 176 2479 semper
197 2402 343 2480 majorae
364 2403 457 2480 major
477 2401 531 2464 eise
552 2403 650 2480 potest
673 2402 745 2484 (per
765 2404 854 2484 Prop.
879 2415 925 2480 15.
947 2401 1066 2483 liujus),
1087 2420 1116 2466 et
1139 2405 1252 2468 Mentis

68 2515 217 2574 maximam
248 2529 360 2591 partem
391 2531 537 2590 occupare
569 2515 642 2594 (per
669 2516 757 2595 Prop.
783 2519 827 2577 16.
849 2514 970 2596 hujus),
989 2517 1107 2593 lateque
1128 2517 1252 2580 afficere.

69 2629 168 2704 ritque
199 2627 244 2688 his
276 2627 389 2703 omnia,
420 2645 485 2704 quae
519 2627 689 2702 ptaesentem
721 2628 796 2688 hanc
828 2627 919 2689 vitam
951 2628 1098 2706 spedant,
1129 2630 1252 2693 absolvi.

68 2739 142 2798 Nam
174 2741 256 2816 quod
287 2739 316 2800 in
347 2738 435 2815 hujus
465 2739 576 2799 Scholii
610 2738 758 2815 principio
792 2737 871 2815 dixi,
902 2759 947 2800 me
968 2740 1013 2802 his
1033 2741 1135 2817 paucis
1156 2741 1255 2803 omnia

70 2851 223 2912 affediuum
244 2851 368 2913 remedia
390 2854 554 2927 amplexum
576 2850 649 2925 eise,
679 2850 765 2912 facile
787 2851 899 2926 potcrit
920 2850 1118 2929 unusquisque
1138 2853 1254 2929 videre,

71 2964 119 3038 qui
141 2966 177 3024 ad
199 2963 278 3038 haec,
299 2983 364 3040 quae
387 2963 416 3024 iu
438 2965 496 3024 hoc
518 2963 639 3025 Scholio
663 2963 807 3040 diximus,
834 2979 865 3024 et
887 2963 966 3025 irmui
987 2967 1023 3025 ad
1045 2964 1157 3026 Mentis
1178 2965 1253 3042 ejus-

72 3093 126 3148 que
158 3075 312 3135 aiieciuum
344 3073 548 3150 definitiones,
580 3090 609 3135 et
642 3073 770 3150 denique
803 3077 839 3136 ad
870 3075 1089 3151 Proposttiones
1120 3093 1144 3136 1.
1173 3092 1202 3135 et
1225 3094 1253 3154 3.

72 3187 161 3247 Partis
183 3205 210 3264 3.
232 3187 400 3248 attenderit.
441 3188 574 3262 Tempus
605 3186 695 3264 igitur
721 3185 782 3262 jam
811 3185 869 3260 est,
897 3201 931 3247 ut
959 3189 996 3247 ad
1023 3187 1070 3247 ilia
1097 3188 1254 3261 transeam,

72 3316 134 3372 quae
156 3299 193 3358 ad
215 3296 327 3358 Mentis
349 3297 531 3359 durationem
555 3297 612 3358 fine
635 3297 777 3358 relatione
799 3300 836 3358 ad
856 3297 975 3374 Corpus
996 3299 1153 3375 pertinent.

437 3478 766 3538 PROPOSITIO
808 3480 887 3539 XXI.

108 3607 195 3667 Mens
216 3605 293 3666 m'lu'l
310 3609 472 3682 imaginari
488 3605 594 3685 potest,
623 3626 709 3684 neque
731 3625 829 3667 rerum
845 3612 1067 3686 praeteritarum
1088 3610 1253 3682 recordari,

71 3719 118 3794 rufi
137 3719 264 3778 durante
286 3719 419 3797 Corpore.

461 3880 859 3926 nmmonsrnnrlm

107 3977 193 4036 Meus
217 3974 355 4036 astualem
377 3973 419 4036 sui
442 3975 583 4052 Corporis
604 3975 787 4037 existentiam
805 3996 864 4038 non
884 3977 1034 4054 exprimit,
1052 3997 1147 4057 neque
1164 3981 1251 4041 etiam

72 4087 211 4164 Corporis
240 4087 409 4148 affetiiones
432 4103 464 4148 ut
487 4090 612 4150 aditiales
640 4087 791 4165 concipit,
811 4090 861 4150 nist
883 4093 1006 4152 durante
1027 4092 1161 4169 Corpore
1182 4093 1254 4172 (per

76 4200 172 4260 Foroll.
194 4201 284 4278 Prop.
308 4200 335 4260 8.
352 4213 384 4280 p.
401 4201 461 4279 2.);
483 4215 513 4260 et
535 4201 750 4276 consequenter
771 4201 841 4280 (prr
860 4205 949 4282 Prop.
969 4206 1018 4263 26.
1035 4217 1067 4282 p.
1079 4206 1122 4282 2.)
1143 4206 1253 4265 nullum

77 4331 177 4390 corpus
198 4329 232 4375 ut
252 4313 317 4374 adu
336 4313 463 4374 existens
482 4311 629 4390 concipit,
647 4313 699 4373 nist
716 4316 839 4375 durante
858 4313 910 4376 suo
927 4315 1074 4392 Corpore3
1086 4335 1119 4376 ac
1130 4316 1253 4393 proinde
