2934 4900
212 322 271 402 578
371 280 377 292 ⁵
689 315 928 384 Tractatut

1455 409 1456 444 l

212 503 338 579 debant,
358 499 427 563 uide
447 498 547 565 Psalm
568 515 635 578 139.
653 497 888 578 verlar,aa.);
909 497 982 560 nihil
1002 497 1094 578 magia
1113 495 1270 559 abhorrere
1293 510 1402 573 potue·
1453 455 1456 550 i

212 629 297 691 runt,
327 632 413 691 quam
443 611 474 673 in
503 612 590 673 fidem
620 609 745 688 alicujus
776 610 908 670 extranei
935 608 1049 687 jurare,
1079 609 1166 687 eique
1198 607 1403 670 obedientiam

211 725 398 804 promittere;
418 741 472 785 nec
492 721 586 800 majus
605 721 765 802 flagitium,
791 739 845 782 nec
866 721 938 799 quid
958 721 1049 800 magia
1069 723 1287 796 execrandum,
1312 737 1402 781 exco-

212 835 298 916 gitari
318 837 398 913 apud
418 833 499 911 ipsos
520 847 654 911 poterat,
676 849 764 910 quam
785 831 925 909 patriam,
943 832 1001 893 hoc
1019 832 1061 892 est
1078 831 1171 909 ipsum
1188 849 1314 910 regnum
1334 829 1405 904 Dei,

213 965 300 1026 quem
320 947 498 1022 adorabant,
517 947 652 1022 prodere.
672 946 736 1006 lmo
757 944 857 1022 aliquo
878 959 960 1006 extra
975 945 1098 1022 patriam
1108 958 1223 1006 tantum
1234 942 1405 1004 habitatum

212 1057 255 1120 ire
275 1075 330 1135 pru
350 1057 465 1136 flagitio
484 1057 664 1140 habebatur,
689 1056 761 1133 quia
779 1056 838 1119 Dei
858 1058 975 1133 cultus,
994 1073 1056 1134 quo
1076 1055 1188 1133 semper
1207 1057 1406 1128 tenebantur,

214 1189 276 1233 non
295 1169 348 1231 niu
368 1169 399 1230 in
419 1167 517 1246 patrio
536 1167 600 1230 solo
622 1167 751 1230 exerceri
772 1170 1003 1246 concedebatur;
1015 1182 1123 1245 utpote
1144 1185 1210 1245 quae
1232 1166 1296 1228 sola
1318 1167 1407 1227 tellus

213 1282 326 1361 sanda,
352 1281 464 1359 reliqua
490 1295 588 1342 autem
615 1280 763 1342 immunda
784 1295 815 1342 et
835 1282 960 1356 profana
987 1281 1151 1342 haberetur.
1192 1279 1265 1342 ldeo
1287 1279 1406 1354 David,

215 1396 285 1472 quia
304 1395 423 1456 exulare
443 1395 615 1472 cogebatur,
633 1393 673 1454 uc
694 1411 790 1454 coram
811 1393 900 1455 Saulo
922 1393 1122 1470 conqueritur:
1140 1394 1174 1453 m·
1189 1396 1242 1470 qui
1257 1407 1286 1452 te
1304 1408 1406 1452 contra

214 1525 258 1566 me
282 1505 441 1584 instigant,
467 1503 591 1566 donum
610 1506 703 1582 sunt,
729 1505 874 1566 maledicit
895 1506 986 1582 sunt,
1013 1509 1084 1584 quia
1110 1523 1153 1565 nte
1172 1505 1349 1582 secludunt,
1375 1523 1406 1560 ne

208 1619 329 1697 spatier
347 1618 381 1675 t'n
399 1617 458 1678 Dei
477 1613 661 1692 decedente,
674 1616 735 1693 sed
751 1616 865 1676 dicunt:
884 1618 960 1677 vade
979 1631 1008 1678 et
1026 1618 1102 1679 Deos
1120 1619 1226 1678 alieno
1246 1617 1314 1677 oole.
1325 1616 1343 1648 *
1368 1614 1406 1674 Et

215 1729 270 1790 bac
291 1726 379 1788 etiam
399 1730 437 1789 de
457 1725 543 1787 caula
563 1727 661 1788 nulus
681 1726 757 1792 civis
764 1772 774 1804 ,
795 1730 878 1804 quod
898 1727 946 1789 hic
967 1730 1096 1808 apprime
1117 1731 1304 1804 notandum,
1327 1727 1408 1788 exilii

216 1841 420 1904 damnabatur:
441 1856 508 1900 nam
525 1838 577 1916 qui
594 1853 714 1916 peccat,
730 1838 876 1916 supplicio
895 1841 1014 1918 quidem
1031 1841 1137 1920 dignus
1154 1841 1209 1918 est,
1227 1857 1287 1900 non
1308 1853 1407 1900 autem

216 1950 340 2030 flagitio.
371 1952 464 2011 Amor
484 1967 555 2030 ergo
576 1950 768 2012 Hebraeorum
791 1970 859 2031 erga
879 1952 1001 2030 patriam
1022 1971 1083 2015 non
1102 1952 1222 2029 fimplex
1243 1969 1339 2028 amor,
1359 1951 1408 2012 sed

217 2062 412 2139 pietatem,
432 2059 601 2139 quaefimul
626 2075 658 2122 et
683 2061 784 2124 odium
804 2062 835 2124 in
856 2063 982 2142 reliquae
1006 2065 1142 2126 nationes
1163 2063 1204 2126 ita
1225 2064 1408 2141 quotidiano

216 2175 301 2235 cultu
320 2175 499 2236 fovebantru
519 2188 551 2233 et
570 2173 733 2250 alebantur,
753 2190 787 2236 ut
808 2173 836 2236 in
859 2191 990 2238 naturam
1011 2176 1088 2239 verti
1107 2175 1279 2238 debuerint:
1303 2174 1408 2252 quoti-

219 2285 324 2347 dianus
345 2285 421 2346 enim
443 2285 541 2346 cultus
561 2303 624 2346 noo
644 2301 760 2348 tantum
782 2287 913 2350 diversus
935 2288 1056 2350 omnino
1078 2303 1139 2350 erat
1159 2287 1235 2369 (quo
1256 2289 1408 2362 fiebat‚ut

218 2397 340 2459 omnino
366 2395 540 2477 fingulares,
567 2411 599 2460 et
619 2416 636 2460 a
656 2397 776 2477 reliquit
804 2399 921 2475 prorsus
950 2399 1040 2463 elsent
1067 2400 1224 2481 separati),
1244 2400 1295 2463 sed
1319 2400 1407 2463 etium

217 2509 352 2573 absolute
386 2510 561 2573 contrarius.
606 2512 704 2594 Quare
735 2530 773 2572 ex
805 2512 980 2589 quotidiana
1015 2516 1139 2591 quadam
1174 2513 1408 2589 exprobratione

217 2622 393 2685 continuum
424 2622 526 2684 odium
558 2623 628 2684 oriri
658 2622 779 2702 debuit,
811 2641 872 2701 quo
904 2626 1015 2688 nullum
1042 2626 1153 2687 firmius
1172 2624 1276 2686 animis
1295 2624 1408 2685 baerere

217 2736 335 2814 potuit:
356 2750 465 2811 utpote
486 2735 587 2797 odium
606 2753 644 2796 ex
666 2754 769 2815 magna
790 2736 955 2800 devotione
975 2736 1027 2800 seu
1047 2737 1160 2814 pietate
1181 2753 1296 2813 ortum,
1308 2738 1408 2813 quod·

218 2868 276 2927 que
304 2848 385 2925 pium
412 2849 602 2924 credebatu13
630 2865 692 2925 quo
719 2846 788 2911 sane
817 2850 926 2911 nullum
955 2848 1048 2927 majus
1068 2868 1121 2912 nec
1142 2848 1324 2927 pertinacius
1347 2846 1437 2909 dari·

217 2962 325 3039 potest
364 2962 430 3023 Nec
460 2958 546 3022 causa
575 2959 739 3023 communis
770 2963 887 3038 deerat,
918 2980 977 3040 qua
1005 2961 1107 3025 odium
1127 2962 1237 3038 semper
1257 2961 1354 3040 magis
1376 2978 1409 3019 ac

217 3075 308 3155 magis
328 3073 512 3151 incenditur,
540 3091 645 3151 nempe
665 3073 730 3151 ejus
750 3074 964 3153 reciprocatio;
986 3092 1051 3137 nam
1072 3076 1207 3137 nationes
1226 3092 1281 3137 eos
1301 3089 1410 3135 contra

130 3174 136 3187 ’
218 3187 290 3249 odio
321 3184 504 3249 infenlilltmo
534 3185 641 3248 habete
671 3188 846 3249 debuerunt.
887 3185 1038 3270 Quantum
1068 3202 1166 3251 autem
1196 3188 1258 3249 haec
1291 3188 1410 3263 omnia,

218 3296 358 3362 videlicet
389 3296 508 3359 humani
538 3296 652 3373 imperii
682 3296 819 3375 libertam
848 3315 915 3378 erga
942 3298 1065 3375 patriam
1085 3299 1228 3375 devoti03
1249 3297 1279 3358 in
1302 3316 1410 3359 omnes

218 3408 349 3487 reliquos
376 3406 428 3485 jue
457 3408 640 3486 absolutum:
671 3424 703 3471 et
733 3409 835 3471 odium
866 3427 927 3471 nort
956 3426 1071 3472 tantum
1097 3408 1226 3487 licitum,
1246 3408 1296 3471 sed
1318 3410 1410 3469 etiam

218 3522 317 3600 pium,
336 3538 439 3583 omnes
458 3520 591 3582 infensor
609 3521 733 3598 babere3
762 3538 875 3584 morum
896 3538 927 3585 et
948 3522 1058 3585 rituum
1086 3522 1284 3602 linguarium
1311 3541 1410 3598 quan·

218 3648 299 3711 tum,
326 3631 459 3710 inquam,
486 3632 549 3693 haec
578 3634 769 3696 Hebraeorum
797 3634 911 3697 animos
939 3636 1049 3697 murare
1078 3634 1222 3699 valuerint
1249 3634 1411 3697 adomnia

219 3745 354 3826 ungulari
384 3744 548 3807 constantia
574 3760 606 3808 et
630 3746 742 3809 virtute
773 3764 828 3823 pro
858 3746 954 3809 Patria
984 3748 1184 3824 tolerandum,
1204 3747 1297 3809 Ratio
1318 3765 1410 3824 quam

219 3857 364 3919 clarillime
384 3859 492 3934 docet,
513 3872 544 3918 et
565 3855 627 3933 ipsa
647 3856 829 3934 experientia
848 3856 951 3919 testata
970 3858 1021 3921 est.
1040 3860 1199 3936 Nunquam
1210 3858 1411 3936 enim,stante

219 3970 321 4046 Urbe,
340 3967 394 4030 sub
415 3968 536 4030 alterius
556 3968 680 4045 imperio
701 3971 804 4031 durare
825 3984 1005 4048 potuerunt,
1032 3985 1063 4032 et
1085 3970 1153 4033 ideo
1174 3970 1411 4050 Hierosolymam

220 4080 356 4141 rebellem
386 4080 540 4147 civitatem
570 4080 746 4144 vocitabant
776 4080 861 4161 (vide
892 4083 997 4144 llezrae
1018 4100 1084 4159 cap.
1103 4104 1133 4163 4
1162 4084 1234 4149 vers.
1259 4086 1410 4167 ta,15.).

254 4324 268 4359 ⁸
301 4322 361 4374 Lib.
379 4338 402 4374 r.
419 4322 484 4375 Sam.
500 4338 524 4375 c.
540 4324 583 4377 26.
599 4324 637 4379 vs·
655 4342 695 4397 ¹9·
