<?xml version="1.0" encoding="UTF-8"?>
<!DOCTYPE html PUBLIC "-//W3C//DTD XHTML 1.0 Transitional//EN"
    "http://www.w3.org/TR/xhtml1/DTD/xhtml1-transitional.dtd">
<html xmlns="http://www.w3.org/1999/xhtml" xml:lang="en" lang="en">
 <head>
  <title>
</title>
<meta http-equiv="Content-Type" content="text/html;charset=utf-8" />
  <meta name='ocr-system' content='tesseract 3.04.00' />
  <meta name='ocr-capabilities' content='ocr_page ocr_carea ocr_par ocr_line ocrx_word'/>
</head>
<body>
  <div class='ocr_page' id='page_1' title='image "benedictidespin02landgoog_0294.png"; bbox 0 0 2934 4900; ppageno 0'>
   <div class='ocr_carea' id='block_1_1' title="bbox 241 322 1000 404">
    <p class='ocr_par' dir='ltr' id='par_1_1' title="bbox 241 322 1000 404">
     <span class='ocr_line' id='line_1_1' title="bbox 241 322 1000 404; baseline 0.003 -17"><span class='ocrx_word' id='word_1_1' title='bbox 241 338 301 404; x_wconf 75' lang='lat'><strong>270</strong></span> <span class='ocrx_word' id='word_1_2' title='bbox 665 322 845 389; x_wconf 82' lang='lat' dir='ltr'><strong>Ethices</strong></span> <span class='ocrx_word' id='word_1_3' title='bbox 872 330 940 389; x_wconf 88' lang='lat' dir='ltr'><strong>Pars</strong></span> <span class='ocrx_word' id='word_1_4' title='bbox 960 324 1000 389; x_wconf 88' lang='lat' dir='ltr'><strong>V.</strong></span> 
     </span>
    </p>
   </div>
   <div class='ocr_carea' id='block_1_2' title="bbox 238 504 1438 812">
    <p class='ocr_par' dir='ltr' id='par_1_2' title="bbox 238 504 1438 812">
     <span class='ocr_line' id='line_1_2' title="bbox 590 504 1438 592; baseline 0.001 -28"><span class='ocrx_word' id='word_1_5' title='bbox 590 505 922 567; x_wconf 80' lang='lat' dir='ltr'>PROPOSITIO</span> <span class='ocrx_word' id='word_1_6' title='bbox 961 504 1070 566; x_wconf 85' lang='lat' dir='ltr'><strong>XXXI.</strong></span> <span class='ocrx_word' id='word_1_7' title='bbox 1437 589 1438 592; x_wconf 8' lang='grc' dir='ltr'><strong>Ἴ</strong></span> 
     </span>
     <span class='ocr_line' id='line_1_3' title="bbox 284 607 1438 701; baseline -0.003 -23"><span class='ocrx_word' id='word_1_8' title='bbox 284 618 412 679; x_wconf 83' lang='lat' dir='ltr'><strong>Tertium</strong></span> <span class='ocrx_word' id='word_1_9' title='bbox 431 622 599 695; x_wconf 73' lang='lat' dir='ltr'><em>cognitionis</em></span> <span class='ocrx_word' id='word_1_10' title='bbox 616 639 707 696; x_wconf 82' lang='lat' dir='ltr'><strong>genus</strong></span> <span class='ocrx_word' id='word_1_11' title='bbox 720 623 826 701; x_wconf 70' lang='lat' dir='ltr'><strong>pendet</strong></span> <span class='ocrx_word' id='word_1_12' title='bbox 843 640 863 679; x_wconf 86' lang='lat' dir='ltr'><strong>a</strong></span> <span class='ocrx_word' id='word_1_13' title='bbox 882 620 996 695; x_wconf 82' lang='lat' dir='ltr'><strong>Mente,</strong></span> <span class='ocrx_word' id='word_1_14' title='bbox 1014 632 1182 696; x_wconf 77' lang='lat' dir='ltr'><strong>tanquam</strong></span> <span class='ocrx_word' id='word_1_15' title='bbox 1186 616 1315 693; x_wconf 79' lang='lat' dir='ltr'><strong>formali</strong></span> <span class='ocrx_word' id='word_1_16' title='bbox 1324 618 1411 693; x_wconf 76' lang='lat' dir='ltr'><strong>msa,</strong></span> <span class='ocrx_word' id='word_1_17' title='bbox 1437 607 1438 616; x_wconf 66' lang='grc'>’</span> 
     </span>
     <span class='ocr_line' id='line_1_4' title="bbox 238 732 773 812; baseline 0.006 -23"><span class='ocrx_word' id='word_1_18' title='bbox 238 744 378 807; x_wconf 84' lang='lat' dir='ltr'><strong>qnatenus</strong></span> <span class='ocrx_word' id='word_1_19' title='bbox 399 732 485 791; x_wconf 84' lang='lat' dir='ltr'><strong>Mens</strong></span> <span class='ocrx_word' id='word_1_20' title='bbox 505 732 572 812; x_wconf 63' lang='lat' dir='ltr'><strong>&#39;&#39;is‘&#39;</strong></span> <span class='ocrx_word' id='word_1_21' title='bbox 594 745 704 793; x_wconf 74' lang='lat' dir='ltr'><strong>aterna</strong></span> <span class='ocrx_word' id='word_1_22' title='bbox 725 734 773 811; x_wconf 80' lang='lat' dir='ltr'><strong>est.</strong></span> 
     </span>
    </p>
   </div>
   <div class='ocr_carea' id='block_1_3' title="bbox 144 894 1438 2191">
    <p class='ocr_par' dir='ltr' id='par_1_3' title="bbox 144 894 1438 2191">
     <span class='ocr_line' id='line_1_5' title="bbox 634 894 1438 978; baseline -0.002 -40"><span class='ocrx_word' id='word_1_23' title='bbox 634 894 1027 940; x_wconf 78' lang='lat' dir='ltr'><strong>nsmousrrta&#39;cro.</strong></span> <span class='ocrx_word' id='word_1_24' title='bbox 1437 945 1438 978; x_wconf 25' lang='grc'>1</span> 
     </span>
     <span class='ocr_line' id='line_1_6' title="bbox 278 984 1412 1067; baseline -0.007 -16"><span class='ocrx_word' id='word_1_25' title='bbox 278 992 365 1053; x_wconf 91' lang='lat' dir='ltr'><strong>Mens</strong></span> <span class='ocrx_word' id='word_1_26' title='bbox 393 992 466 1052; x_wconf 87' lang='lat' dir='ltr'><strong>nihil</strong></span> <span class='ocrx_word' id='word_1_27' title='bbox 486 991 538 1053; x_wconf 87' lang='lat' dir='ltr'><strong>sub</strong></span> <span class='ocrx_word' id='word_1_28' title='bbox 561 990 736 1053; x_wconf 84' lang='lat' dir='ltr'><strong>aetenritatis</strong></span> <span class='ocrx_word' id='word_1_29' title='bbox 757 989 853 1067; x_wconf 85' lang='lat' dir='ltr'><strong>specie</strong></span> <span class='ocrx_word' id='word_1_30' title='bbox 875 987 1024 1065; x_wconf 87' lang='lat' dir='ltr'><strong>concipit,</strong></span> <span class='ocrx_word' id='word_1_31' title='bbox 1044 985 1095 1047; x_wconf 88' lang='lat' dir='ltr'><strong>nist</strong></span> <span class='ocrx_word' id='word_1_32' title='bbox 1118 1002 1265 1063; x_wconf 89' lang='lat' dir='ltr'><strong>quatenus</strong></span> <span class='ocrx_word' id='word_1_33' title='bbox 1286 985 1329 1046; x_wconf 90' lang='lat' dir='ltr'><strong>lui</strong></span> <span class='ocrx_word' id='word_1_34' title='bbox 1349 984 1412 1043; x_wconf 90' lang='lat' dir='ltr'><strong>Cor·</strong></span> 
     </span>
     <span class='ocr_line' id='line_1_7' title="bbox 144 1093 1413 1180; baseline -0.005 -19"><span class='ocrx_word' id='word_1_35' title='bbox 144 1116 146 1123; x_wconf 61' lang='lat'><strong>⁴</strong></span> <span class='ocrx_word' id='word_1_36' title='bbox 237 1102 317 1178; x_wconf 91' lang='lat' dir='ltr'><strong>poris</strong></span> <span class='ocrx_word' id='word_1_37' title='bbox 339 1102 486 1165; x_wconf 81' lang='lat' dir='ltr'><strong>silentiam</strong></span> <span class='ocrx_word' id='word_1_38' title='bbox 507 1103 558 1165; x_wconf 91' lang='lat' dir='ltr'><strong>sub</strong></span> <span class='ocrx_word' id='word_1_39' title='bbox 581 1104 754 1165; x_wconf 79' lang='lat' dir='ltr'><strong>aeternitatis</strong></span> <span class='ocrx_word' id='word_1_40' title='bbox 776 1104 872 1180; x_wconf 88' lang='lat' dir='ltr'><strong>specie</strong></span> <span class='ocrx_word' id='word_1_41' title='bbox 894 1100 1028 1177; x_wconf 87' lang='lat' dir='ltr'><strong>concipit</strong></span> <span class='ocrx_word' id='word_1_42' title='bbox 1050 1100 1122 1179; x_wconf 85' lang='lat' dir='ltr'><strong>(per</strong></span> <span class='ocrx_word' id='word_1_43' title='bbox 1139 1100 1228 1178; x_wconf 82' lang='lat' dir='ltr'><strong>Prop.</strong></span> <span class='ocrx_word' id='word_1_44' title='bbox 1248 1114 1296 1175; x_wconf 88' lang='lat'><strong>29.</strong></span> <span class='ocrx_word' id='word_1_45' title='bbox 1315 1093 1413 1171; x_wconf 73' lang='lat' dir='ltr'><strong>nujus),</strong></span> 
     </span>
     <span class='ocr_line' id='line_1_8' title="bbox 235 1210 1438 1297; baseline -0.001 -22"><span class='ocrx_word' id='word_1_46' title='bbox 235 1215 292 1275; x_wconf 91' lang='lat' dir='ltr'><strong>hoc</strong></span> <span class='ocrx_word' id='word_1_47' title='bbox 314 1214 354 1276; x_wconf 89' lang='lat' dir='ltr'><strong>est</strong></span> <span class='ocrx_word' id='word_1_48' title='bbox 375 1216 447 1295; x_wconf 88' lang='lat' dir='ltr'><strong>(per</strong></span> <span class='ocrx_word' id='word_1_49' title='bbox 467 1218 555 1297; x_wconf 87' lang='lat' dir='ltr'><strong>Prop.</strong></span> <span class='ocrx_word' id='word_1_50' title='bbox 577 1233 625 1279; x_wconf 86' lang='lat'><strong>21.</strong></span> <span class='ocrx_word' id='word_1_51' title='bbox 647 1232 674 1277; x_wconf 83' lang='lat' dir='ltr'><strong>ct</strong></span> <span class='ocrx_word' id='word_1_52' title='bbox 695 1234 744 1293; x_wconf 80' lang='lat'><strong>23·</strong></span> <span class='ocrx_word' id='word_1_53' title='bbox 766 1215 886 1294; x_wconf 77' lang='lat' dir='ltr'><strong>iujos),</strong></span> <span class='ocrx_word' id='word_1_54' title='bbox 906 1214 958 1275; x_wconf 90' lang='lat' dir='ltr'><strong>nili</strong></span> <span class='ocrx_word' id='word_1_55' title='bbox 979 1227 1125 1291; x_wconf 86' lang='lat' dir='ltr'><strong>quatenus</strong></span> <span class='ocrx_word' id='word_1_56' title='bbox 1143 1226 1251 1273; x_wconf 86' lang='lat' dir='ltr'><strong>aeterna</strong></span> <span class='ocrx_word' id='word_1_57' title='bbox 1267 1210 1412 1286; x_wconf 81' lang='lat' dir='ltr'><strong>ell3adco·</strong></span> <span class='ocrx_word' id='word_1_58' title='bbox 1437 1237 1438 1274; x_wconf 79' lang='lat'><em>3</em></span> 
     </span>
     <span class='ocr_line' id='line_1_9' title="bbox 238 1308 1412 1407; baseline -0.007 -20"><span class='ocrx_word' id='word_1_59' title='bbox 238 1344 295 1403; x_wconf 87' lang='lat' dir='ltr'><strong>que</strong></span> <span class='ocrx_word' id='word_1_60' title='bbox 318 1325 486 1407; x_wconf 83' lang='lat' dir='ltr'><strong>(perProp.</strong></span> <span class='ocrx_word' id='word_1_61' title='bbox 498 1308 620 1407; x_wconf 55' lang='lat' dir='ltr'><strong>proc),</strong></span> <span class='ocrx_word' id='word_1_62' title='bbox 641 1342 787 1405; x_wconf 87' lang='lat' dir='ltr'><strong>quatenus</strong></span> <span class='ocrx_word' id='word_1_63' title='bbox 809 1342 917 1387; x_wconf 86' lang='lat' dir='ltr'><strong>aeterna</strong></span> <span class='ocrx_word' id='word_1_64' title='bbox 937 1326 996 1402; x_wconf 89' lang='lat' dir='ltr'><strong>est,</strong></span> <span class='ocrx_word' id='word_1_65' title='bbox 1016 1324 1074 1386; x_wconf 87' lang='lat' dir='ltr'><strong>Dei</strong></span> <span class='ocrx_word' id='word_1_66' title='bbox 1094 1326 1185 1385; x_wconf 86' lang='lat' dir='ltr'><strong>habet</strong></span> <span class='ocrx_word' id='word_1_67' title='bbox 1206 1322 1412 1401; x_wconf 65' lang='lat' dir='ltr'><strong>cognitionem</strong></span> 
     </span>
     <span class='ocr_line' id='line_1_10' title="bbox 238 1430 1412 1519; baseline -0.003 -20"><span class='ocrx_word' id='word_1_68' title='bbox 238 1458 303 1515; x_wconf 88' lang='lat' dir='ltr'><strong>quae</strong></span> <span class='ocrx_word' id='word_1_69' title='bbox 331 1440 448 1516; x_wconf 91' lang='lat' dir='ltr'><strong>quidem</strong></span> <span class='ocrx_word' id='word_1_70' title='bbox 469 1440 602 1519; x_wconf 81' lang='lat' dir='ltr'><strong>cognitio</strong></span> <span class='ocrx_word' id='word_1_71' title='bbox 624 1441 665 1501; x_wconf 92' lang='lat' dir='ltr'><strong>est</strong></span> <span class='ocrx_word' id='word_1_72' title='bbox 686 1438 843 1501; x_wconf 82' lang='lat' dir='ltr'><strong>necelsario</strong></span> <span class='ocrx_word' id='word_1_73' title='bbox 865 1442 1019 1515; x_wconf 83' lang='lat' dir='ltr'><strong>adaequata</strong></span> <span class='ocrx_word' id='word_1_74' title='bbox 1042 1438 1114 1517; x_wconf 80' lang='lat' dir='ltr'><strong>(per</strong></span> <span class='ocrx_word' id='word_1_75' title='bbox 1134 1437 1224 1515; x_wconf 84' lang='lat' dir='ltr'><strong>Prop.</strong></span> <span class='ocrx_word' id='word_1_76' title='bbox 1244 1436 1293 1515; x_wconf 84' lang='lat'><strong>46.</strong></span> <span class='ocrx_word' id='word_1_77' title='bbox 1312 1447 1343 1513; x_wconf 84' lang='lat' dir='ltr'><strong>p.</strong></span> <span class='ocrx_word' id='word_1_78' title='bbox 1363 1430 1412 1509; x_wconf 85' lang='lat'><strong>2.);</strong></span> 
     </span>
     <span class='ocr_line' id='line_1_11' title="bbox 238 1547 1413 1629; baseline -0.009 -16"><span class='ocrx_word' id='word_1_79' title='bbox 238 1570 270 1613; x_wconf 88' lang='lat' dir='ltr'><strong>ac</strong></span> <span class='ocrx_word' id='word_1_80' title='bbox 296 1551 420 1628; x_wconf 84' lang='lat' dir='ltr'><strong>proinde</strong></span> <span class='ocrx_word' id='word_1_81' title='bbox 441 1554 546 1629; x_wconf 86' lang='lat' dir='ltr'><strong>Mens,</strong></span> <span class='ocrx_word' id='word_1_82' title='bbox 567 1568 713 1629; x_wconf 86' lang='lat' dir='ltr'><strong>quatenus</strong></span> <span class='ocrx_word' id='word_1_83' title='bbox 737 1568 843 1612; x_wconf 80' lang='lat' dir='ltr'><strong>aeterna</strong></span> <span class='ocrx_word' id='word_1_84' title='bbox 865 1552 923 1627; x_wconf 88' lang='lat' dir='ltr'><strong>est,</strong></span> <span class='ocrx_word' id='word_1_85' title='bbox 944 1553 980 1611; x_wconf 88' lang='lat' dir='ltr'><strong>ad</strong></span> <span class='ocrx_word' id='word_1_86' title='bbox 1002 1550 1050 1610; x_wconf 93' lang='lat' dir='ltr'><strong>illa</strong></span> <span class='ocrx_word' id='word_1_87' title='bbox 1070 1548 1167 1609; x_wconf 88' lang='lat' dir='ltr'><strong>omnia</strong></span> <span class='ocrx_word' id='word_1_88' title='bbox 1189 1547 1413 1626; x_wconf 86' lang='lat' dir='ltr'><strong>cognoscendum</strong></span> 
     </span>
     <span class='ocr_line' id='line_1_12' title="bbox 237 1659 1414 1742; baseline -0.008 -19"><span class='ocrx_word' id='word_1_89' title='bbox 237 1662 277 1723; x_wconf 91' lang='lat' dir='ltr'><strong>est</strong></span> <span class='ocrx_word' id='word_1_90' title='bbox 305 1678 389 1740; x_wconf 84' lang='lat' dir='ltr'><strong>apta,</strong></span> <span class='ocrx_word' id='word_1_91' title='bbox 417 1682 482 1740; x_wconf 84' lang='lat' dir='ltr'><strong>quae</strong></span> <span class='ocrx_word' id='word_1_92' title='bbox 510 1682 547 1725; x_wconf 87' lang='lat' dir='ltr'><strong>ex</strong></span> <span class='ocrx_word' id='word_1_93' title='bbox 575 1666 643 1725; x_wconf 89' lang='lat' dir='ltr'><strong>dara</strong></span> <span class='ocrx_word' id='word_1_94' title='bbox 671 1665 725 1725; x_wconf 89' lang='lat' dir='ltr'><strong>hac</strong></span> <span class='ocrx_word' id='word_1_95' title='bbox 753 1663 810 1723; x_wconf 91' lang='lat' dir='ltr'><strong>Dei</strong></span> <span class='ocrx_word' id='word_1_96' title='bbox 839 1662 1012 1742; x_wconf 82' lang='lat' dir='ltr'><strong>cognitione</strong></span> <span class='ocrx_word' id='word_1_97' title='bbox 1040 1661 1183 1738; x_wconf 86' lang='lat' dir='ltr'><strong>consequi</strong></span> <span class='ocrx_word' id='word_1_98' title='bbox 1212 1659 1332 1736; x_wconf 84' lang='lat' dir='ltr'><strong>poliunt</strong></span> <span class='ocrx_word' id='word_1_99' title='bbox 1352 1659 1414 1736; x_wconf 80' lang='lat' dir='ltr'><strong>(per</strong></span> 
     </span>
     <span class='ocr_line' id='line_1_13' title="bbox 237 1769 1408 1861; baseline -0.006 -26"><span class='ocrx_word' id='word_1_100' title='bbox 237 1776 326 1856; x_wconf 87' lang='lat' dir='ltr'><strong>Prop.</strong></span> <span class='ocrx_word' id='word_1_101' title='bbox 346 1794 394 1857; x_wconf 89' lang='lat'><strong>40.</strong></span> <span class='ocrx_word' id='word_1_102' title='bbox 412 1790 443 1861; x_wconf 85' lang='lat' dir='ltr'><strong>p.</strong></span> <span class='ocrx_word' id='word_1_103' title='bbox 455 1776 516 1857; x_wconf 70' lang='lat' dir='ltr'><strong>n),</strong></span> <span class='ocrx_word' id='word_1_104' title='bbox 536 1778 594 1837; x_wconf 90' lang='lat' dir='ltr'><strong>hoc</strong></span> <span class='ocrx_word' id='word_1_105' title='bbox 616 1777 656 1837; x_wconf 91' lang='lat' dir='ltr'><strong>est</strong></span> <span class='ocrx_word' id='word_1_106' title='bbox 678 1779 714 1837; x_wconf 91' lang='lat' dir='ltr'><strong>ad</strong></span> <span class='ocrx_word' id='word_1_107' title='bbox 736 1795 781 1839; x_wconf 88' lang='lat' dir='ltr'><strong>res</strong></span> <span class='ocrx_word' id='word_1_108' title='bbox 803 1776 893 1837; x_wconf 88' lang='lat' dir='ltr'><strong>tertio</strong></span> <span class='ocrx_word' id='word_1_109' title='bbox 913 1774 1095 1854; x_wconf 82' lang='lat' dir='ltr'><strong>cognitionis</strong></span> <span class='ocrx_word' id='word_1_110' title='bbox 1116 1790 1221 1852; x_wconf 83' lang='lat' dir='ltr'><strong>genere</strong></span> <span class='ocrx_word' id='word_1_111' title='bbox 1242 1769 1408 1851; x_wconf 83' lang='lat' dir='ltr'><strong>cognoscen-</strong></span> 
     </span>
     <span class='ocr_line' id='line_1_14' title="bbox 237 1884 1411 1969; baseline -0.01 -19"><span class='ocrx_word' id='word_1_112' title='bbox 237 1891 305 1950; x_wconf 91' lang='lat' dir='ltr'><strong>dunr</strong></span> <span class='ocrx_word' id='word_1_113' title='bbox 327 1888 408 1967; x_wconf 82' lang='lat' dir='ltr'><strong>(vide</strong></span> <span class='ocrx_word' id='word_1_114' title='bbox 428 1888 515 1965; x_wconf 80' lang='lat' dir='ltr'><strong>injus</strong></span> <span class='ocrx_word' id='word_1_115' title='bbox 534 1890 617 1969; x_wconf 81' lang='lat' dir='ltr'><strong>defin.</strong></span> <span class='ocrx_word' id='word_1_116' title='bbox 638 1894 670 1949; x_wconf 93' lang='lat' dir='ltr'><strong>in</strong></span> <span class='ocrx_word' id='word_1_117' title='bbox 690 1908 719 1949; x_wconf 86' lang='lat'><strong>2.</strong></span> <span class='ocrx_word' id='word_1_118' title='bbox 740 1887 831 1949; x_wconf 79' lang='lat' dir='ltr'><strong>Schoi</strong></span> <span class='ocrx_word' id='word_1_119' title='bbox 854 1890 943 1967; x_wconf 85' lang='lat' dir='ltr'><strong>Prop.</strong></span> <span class='ocrx_word' id='word_1_120' title='bbox 960 1906 1010 1967; x_wconf 84' lang='lat'><strong>40.</strong></span> <span class='ocrx_word' id='word_1_121' title='bbox 1024 1902 1056 1966; x_wconf 87' lang='lat' dir='ltr'><strong>p.</strong></span> <span class='ocrx_word' id='word_1_122' title='bbox 1074 1887 1134 1965; x_wconf 84' lang='lat' dir='ltr'><strong>a.),</strong></span> <span class='ocrx_word' id='word_1_123' title='bbox 1160 1884 1247 1961; x_wconf 84' lang='lat' dir='ltr'><strong>cujus</strong></span> <span class='ocrx_word' id='word_1_124' title='bbox 1266 1899 1411 1960; x_wconf 88' lang='lat' dir='ltr'><strong>propterea</strong></span> 
     </span>
     <span class='ocr_line' id='line_1_15' title="bbox 238 1997 1409 2081; baseline -0.008 -20"><span class='ocrx_word' id='word_1_125' title='bbox 238 2002 325 2062; x_wconf 91' lang='lat' dir='ltr'><strong>Mens</strong></span> <span class='ocrx_word' id='word_1_126' title='bbox 348 2000 421 2080; x_wconf 85' lang='lat' dir='ltr'><strong>(per</strong></span> <span class='ocrx_word' id='word_1_127' title='bbox 440 2002 534 2081; x_wconf 75' lang='lat' dir='ltr'><strong>Defin.</strong></span> <span class='ocrx_word' id='word_1_128' title='bbox 554 2019 578 2063; x_wconf 94' lang='lat'><strong>1.</strong></span> <span class='ocrx_word' id='word_1_129' title='bbox 595 2015 627 2081; x_wconf 83' lang='lat' dir='ltr'><strong>p.</strong></span> <span class='ocrx_word' id='word_1_130' title='bbox 646 2003 706 2081; x_wconf 81' lang='lat'><strong>3.),</strong></span> <span class='ocrx_word' id='word_1_131' title='bbox 726 2016 874 2077; x_wconf 85' lang='lat' dir='ltr'><strong>quatenus</strong></span> <span class='ocrx_word' id='word_1_132' title='bbox 895 2016 1003 2060; x_wconf 82' lang='lat' dir='ltr'><strong>aeterna</strong></span> <span class='ocrx_word' id='word_1_133' title='bbox 1023 1998 1081 2075; x_wconf 87' lang='lat' dir='ltr'><strong>est,</strong></span> <span class='ocrx_word' id='word_1_134' title='bbox 1102 1998 1186 2059; x_wconf 87' lang='lat' dir='ltr'><strong>causa</strong></span> <span class='ocrx_word' id='word_1_135' title='bbox 1207 1997 1248 2057; x_wconf 89' lang='lat' dir='ltr'><strong>est</strong></span> <span class='ocrx_word' id='word_1_136' title='bbox 1268 2000 1409 2072; x_wconf 83' lang='lat' dir='ltr'><strong>adaequata</strong></span> 
     </span>
     <span class='ocr_line' id='line_1_16' title="bbox 238 2113 643 2191; baseline 0.01 -20"><span class='ocrx_word' id='word_1_137' title='bbox 238 2113 287 2172; x_wconf 89' lang='lat' dir='ltr'><strong>seu</strong></span> <span class='ocrx_word' id='word_1_138' title='bbox 309 2113 446 2174; x_wconf 87' lang='lat' dir='ltr'><strong>formalis.</strong></span> <span class='ocrx_word' id='word_1_139' title='bbox 489 2115 524 2191; x_wconf 81' lang='lat' dir='ltr'><strong>Q.</strong></span> <span class='ocrx_word' id='word_1_140' title='bbox 546 2116 582 2175; x_wconf 87' lang='lat' dir='ltr'><strong>E.</strong></span> <span class='ocrx_word' id='word_1_141' title='bbox 602 2114 643 2175; x_wconf 91' lang='lat' dir='ltr'><strong>D.</strong></span> 
     </span>
    </p>
   </div>
   <div class='ocr_carea' id='block_1_4' title="bbox 276 2244 1438 2426">
    <p class='ocr_par' dir='ltr' id='par_1_4' title="bbox 276 2244 1438 2426">
     <span class='ocr_line' id='line_1_17' title="bbox 701 2244 957 2287; baseline -0.004 -1"><span class='ocrx_word' id='word_1_142' title='bbox 701 2245 714 2286; x_wconf 90' lang='lat' dir='ltr'><strong>s</strong></span> <span class='ocrx_word' id='word_1_143' title='bbox 728 2245 747 2287; x_wconf 93' lang='lat' dir='ltr'><strong>c</strong></span> <span class='ocrx_word' id='word_1_144' title='bbox 761 2246 781 2287; x_wconf 86' lang='lat' dir='ltr'><strong>rr</strong></span> <span class='ocrx_word' id='word_1_145' title='bbox 796 2245 814 2286; x_wconf 93' lang='lat' dir='ltr'><strong>o</strong></span> <span class='ocrx_word' id='word_1_146' title='bbox 828 2245 848 2286; x_wconf 75' lang='lat' dir='ltr'><strong>a</strong></span> <span class='ocrx_word' id='word_1_147' title='bbox 861 2245 872 2287; x_wconf 91' lang='lat'>1</span> <span class='ocrx_word' id='word_1_148' title='bbox 885 2244 907 2287; x_wconf 88' lang='lat' dir='ltr'><strong>u</strong></span> <span class='ocrx_word' id='word_1_149' title='bbox 920 2244 957 2286; x_wconf 84' lang='lat' dir='ltr'><strong>n.</strong></span> 
     </span>
     <span class='ocr_line' id='line_1_18' title="bbox 276 2336 1438 2426; baseline 0.001 -31"><span class='ocrx_word' id='word_1_150' title='bbox 276 2336 345 2417; x_wconf 87' lang='lat' dir='ltr'><strong>Quo</strong></span> <span class='ocrx_word' id='word_1_151' title='bbox 373 2336 463 2415; x_wconf 88' lang='lat' dir='ltr'><strong>igitur</strong></span> <span class='ocrx_word' id='word_1_152' title='bbox 490 2337 688 2415; x_wconf 87' lang='lat' dir='ltr'><strong>unusquisque</strong></span> <span class='ocrx_word' id='word_1_153' title='bbox 716 2338 775 2399; x_wconf 90' lang='lat' dir='ltr'><strong>hoc</strong></span> <span class='ocrx_word' id='word_1_154' title='bbox 805 2338 987 2416; x_wconf 83' lang='lat' dir='ltr'><strong>cognitionis</strong></span> <span class='ocrx_word' id='word_1_155' title='bbox 1015 2355 1119 2417; x_wconf 84' lang='lat' dir='ltr'><strong>genere</strong></span> <span class='ocrx_word' id='word_1_156' title='bbox 1150 2338 1218 2412; x_wconf 88' lang='lat' dir='ltr'><strong>plus</strong></span> <span class='ocrx_word' id='word_1_157' title='bbox 1245 2337 1353 2412; x_wconf 90' lang='lat' dir='ltr'><strong>pollet,</strong></span> <span class='ocrx_word' id='word_1_158' title='bbox 1381 2348 1438 2426; x_wconf 38' lang='grc' dir='ltr'><strong>ουῑ</strong></span> 
     </span>
    </p>
   </div>
   <div class='ocr_carea' id='block_1_5' title="bbox 232 2446 1410 3420">
    <p class='ocr_par' dir='ltr' id='par_1_5' title="bbox 232 2446 1410 3420">
     <span class='ocr_line' id='line_1_19' title="bbox 237 2446 1410 2527; baseline -0.003 -19"><span class='ocrx_word' id='word_1_159' title='bbox 237 2449 339 2510; x_wconf 86' lang='lat' dir='ltr'><strong>melius</strong></span> <span class='ocrx_word' id='word_1_160' title='bbox 359 2447 402 2511; x_wconf 88' lang='lat' dir='ltr'><strong>sui</strong></span> <span class='ocrx_word' id='word_1_161' title='bbox 423 2466 453 2510; x_wconf 89' lang='lat' dir='ltr'><strong>et</strong></span> <span class='ocrx_word' id='word_1_162' title='bbox 474 2451 529 2514; x_wconf 89' lang='lat' dir='ltr'><strong>Dei</strong></span> <span class='ocrx_word' id='word_1_163' title='bbox 552 2451 687 2514; x_wconf 89' lang='lat' dir='ltr'><strong>conscius</strong></span> <span class='ocrx_word' id='word_1_164' title='bbox 709 2453 768 2526; x_wconf 90' lang='lat' dir='ltr'><strong>est,</strong></span> <span class='ocrx_word' id='word_1_165' title='bbox 788 2452 846 2512; x_wconf 91' lang='lat' dir='ltr'><strong>hoc</strong></span> <span class='ocrx_word' id='word_1_166' title='bbox 868 2451 926 2527; x_wconf 89' lang='lat' dir='ltr'><strong>est,</strong></span> <span class='ocrx_word' id='word_1_167' title='bbox 947 2468 984 2511; x_wconf 90' lang='lat' dir='ltr'><strong>eo</strong></span> <span class='ocrx_word' id='word_1_168' title='bbox 1005 2451 1046 2511; x_wconf 83' lang='lat' dir='ltr'><strong>cll</strong></span> <span class='ocrx_word' id='word_1_169' title='bbox 1066 2450 1224 2527; x_wconf 73' lang='lat' dir='ltr'><strong>perfectior</strong></span> <span class='ocrx_word' id='word_1_170' title='bbox 1244 2465 1276 2510; x_wconf 88' lang='lat' dir='ltr'><strong>et</strong></span> <span class='ocrx_word' id='word_1_171' title='bbox 1296 2446 1410 2516; x_wconf 86' lang='lat' dir='ltr'><strong>beatior,</strong></span> 
     </span>
     <span class='ocr_line' id='line_1_20' title="bbox 237 2561 1410 2640; baseline -0.004 -18"><span class='ocrx_word' id='word_1_172' title='bbox 237 2564 319 2637; x_wconf 92' lang='lat' dir='ltr'><strong>quod</strong></span> <span class='ocrx_word' id='word_1_173' title='bbox 349 2562 443 2624; x_wconf 90' lang='lat' dir='ltr'><strong>adhuc</strong></span> <span class='ocrx_word' id='word_1_174' title='bbox 474 2563 578 2624; x_wconf 86' lang='lat' dir='ltr'><strong>clarius</strong></span> <span class='ocrx_word' id='word_1_175' title='bbox 609 2582 646 2624; x_wconf 86' lang='lat' dir='ltr'><strong>cx</strong></span> <span class='ocrx_word' id='word_1_176' title='bbox 679 2563 760 2640; x_wconf 84' lang='lat' dir='ltr'><strong>seqq.</strong></span> <span class='ocrx_word' id='word_1_177' title='bbox 789 2565 913 2639; x_wconf 89' lang='lat' dir='ltr'><strong>patebit.</strong></span> <span class='ocrx_word' id='word_1_178' title='bbox 953 2565 1011 2624; x_wconf 89' lang='lat' dir='ltr'><strong>Sed</strong></span> <span class='ocrx_word' id='word_1_179' title='bbox 1038 2563 1087 2624; x_wconf 88' lang='lat' dir='ltr'><strong>hic</strong></span> <span class='ocrx_word' id='word_1_180' title='bbox 1116 2565 1295 2639; x_wconf 89' lang='lat' dir='ltr'><strong>notandum,</strong></span> <span class='ocrx_word' id='word_1_181' title='bbox 1322 2561 1410 2637; x_wconf 89' lang='lat' dir='ltr'><strong>quod,</strong></span> 
     </span>
     <span class='ocr_line' id='line_1_21' title="bbox 237 2668 1409 2750; baseline -0.005 -19"><span class='ocrx_word' id='word_1_182' title='bbox 237 2671 348 2732; x_wconf 86' lang='lat' dir='ltr'><strong>rametfi</strong></span> <span class='ocrx_word' id='word_1_183' title='bbox 373 2672 432 2748; x_wconf 89' lang='lat' dir='ltr'><strong>jam</strong></span> <span class='ocrx_word' id='word_1_184' title='bbox 461 2673 531 2734; x_wconf 88' lang='lat' dir='ltr'><strong>certi</strong></span> <span class='ocrx_word' id='word_1_185' title='bbox 561 2674 674 2750; x_wconf 89' lang='lat' dir='ltr'><strong>sumus,</strong></span> <span class='ocrx_word' id='word_1_186' title='bbox 703 2676 836 2735; x_wconf 88' lang='lat' dir='ltr'><strong>Mentem</strong></span> <span class='ocrx_word' id='word_1_187' title='bbox 865 2691 1000 2736; x_wconf 85' lang='lat' dir='ltr'><strong>aeternam</strong></span> <span class='ocrx_word' id='word_1_188' title='bbox 1028 2674 1101 2747; x_wconf 85' lang='lat' dir='ltr'><strong>elle,</strong></span> <span class='ocrx_word' id='word_1_189' title='bbox 1129 2688 1276 2750; x_wconf 86' lang='lat' dir='ltr'><strong>quatenus</strong></span> <span class='ocrx_word' id='word_1_190' title='bbox 1303 2689 1346 2732; x_wconf 87' lang='lat' dir='ltr'><strong>res</strong></span> <span class='ocrx_word' id='word_1_191' title='bbox 1364 2668 1409 2728; x_wconf 86' lang='lat' dir='ltr'><strong>sub</strong></span> 
     </span>
     <span class='ocr_line' id='line_1_22' title="bbox 239 2782 1409 2863; baseline -0.004 -19"><span class='ocrx_word' id='word_1_192' title='bbox 239 2783 410 2846; x_wconf 76' lang='lat' dir='ltr'><strong>aeternitatis</strong></span> <span class='ocrx_word' id='word_1_193' title='bbox 438 2784 533 2860; x_wconf 90' lang='lat' dir='ltr'><strong>specie</strong></span> <span class='ocrx_word' id='word_1_194' title='bbox 562 2787 711 2862; x_wconf 91' lang='lat' dir='ltr'><strong>concipit,</strong></span> <span class='ocrx_word' id='word_1_195' title='bbox 738 2802 929 2863; x_wconf 80' lang='lat' dir='ltr'><strong>nontamen,</strong></span> <span class='ocrx_word' id='word_1_196' title='bbox 951 2801 1056 2860; x_wconf 86' lang='lat' dir='ltr'><strong>urea,</strong></span> <span class='ocrx_word' id='word_1_197' title='bbox 1078 2805 1143 2862; x_wconf 86' lang='lat' dir='ltr'><strong>quac</strong></span> <span class='ocrx_word' id='word_1_198' title='bbox 1165 2785 1315 2845; x_wconf 86' lang='lat' dir='ltr'><strong>ostendere</strong></span> <span class='ocrx_word' id='word_1_199' title='bbox 1335 2782 1409 2844; x_wconf 90' lang='lat' dir='ltr'><strong>volu-</strong></span> 
     </span>
     <span class='ocr_line' id='line_1_23' title="bbox 236 2897 1409 2976; baseline -0.003 -21"><span class='ocrx_word' id='word_1_200' title='bbox 236 2915 316 2972; x_wconf 89' lang='lat' dir='ltr'>mus,</span> <span class='ocrx_word' id='word_1_201' title='bbox 348 2897 462 2958; x_wconf 87' lang='lat' dir='ltr'><strong>facilius</strong></span> <span class='ocrx_word' id='word_1_202' title='bbox 494 2899 678 2974; x_wconf 87' lang='lat' dir='ltr'><strong>explicentur</strong></span> <span class='ocrx_word' id='word_1_203' title='bbox 709 2914 741 2960; x_wconf 92' lang='lat' dir='ltr'><strong>et</strong></span> <span class='ocrx_word' id='word_1_204' title='bbox 773 2897 875 2960; x_wconf 86' lang='lat' dir='ltr'><strong>melius</strong></span> <span class='ocrx_word' id='word_1_205' title='bbox 906 2899 1123 2976; x_wconf 84' lang='lat' dir='ltr'><strong>intelligantur,</strong></span> <span class='ocrx_word' id='word_1_206' title='bbox 1150 2897 1258 2972; x_wconf 85' lang='lat' dir='ltr'><strong>ipsam,</strong></span> <span class='ocrx_word' id='word_1_207' title='bbox 1284 2910 1409 2970; x_wconf 80' lang='lat' dir='ltr'><strong>tanquan</strong></span> 
     </span>
     <span class='ocr_line' id='line_1_24' title="bbox 232 3001 1409 3086; baseline -0.006 -19"><span class='ocrx_word' id='word_1_208' title='bbox 232 3007 291 3084; x_wconf 89' lang='lat' dir='ltr'><strong>jam</strong></span> <span class='ocrx_word' id='word_1_209' title='bbox 313 3007 456 3085; x_wconf 91' lang='lat' dir='ltr'><strong>inciperet</strong></span> <span class='ocrx_word' id='word_1_210' title='bbox 478 3009 548 3085; x_wconf 88' lang='lat' dir='ltr'><strong>elle,</strong></span> <span class='ocrx_word' id='word_1_211' title='bbox 578 3027 607 3071; x_wconf 90' lang='lat' dir='ltr'><strong>et</strong></span> <span class='ocrx_word' id='word_1_212' title='bbox 636 3029 680 3070; x_wconf 91' lang='lat' dir='ltr'><strong>res</strong></span> <span class='ocrx_word' id='word_1_213' title='bbox 707 3010 759 3072; x_wconf 91' lang='lat' dir='ltr'><strong>sub</strong></span> <span class='ocrx_word' id='word_1_214' title='bbox 781 3010 954 3071; x_wconf 74' lang='lat' dir='ltr'><strong>aeternitatis</strong></span> <span class='ocrx_word' id='word_1_215' title='bbox 975 3009 1070 3084; x_wconf 89' lang='lat' dir='ltr'><strong>specie</strong></span> <span class='ocrx_word' id='word_1_216' title='bbox 1092 3007 1252 3086; x_wconf 89' lang='lat' dir='ltr'><strong>intelligere</strong></span> <span class='ocrx_word' id='word_1_217' title='bbox 1269 3008 1328 3084; x_wconf 87' lang='lat' dir='ltr'><strong>jam</strong></span> <span class='ocrx_word' id='word_1_218' title='bbox 1348 3001 1409 3066; x_wconf 90' lang='lat' dir='ltr'><strong>inci·</strong></span> 
     </span>
     <span class='ocr_line' id='line_1_25' title="bbox 236 3118 1410 3199; baseline -0.003 -19"><span class='ocrx_word' id='word_1_219' title='bbox 236 3135 335 3197; x_wconf 91' lang='lat' dir='ltr'><strong>peret,</strong></span> <span class='ocrx_word' id='word_1_220' title='bbox 364 3121 624 3199; x_wconf 86' lang='lat' dir='ltr'><strong>confiderabimus,</strong></span> <span class='ocrx_word' id='word_1_221' title='bbox 652 3139 685 3184; x_wconf 92' lang='lat' dir='ltr'><strong>ut</strong></span> <span class='ocrx_word' id='word_1_222' title='bbox 715 3123 774 3184; x_wconf 88' lang='lat' dir='ltr'><strong>huc</strong></span> <span class='ocrx_word' id='word_1_223' title='bbox 801 3121 893 3199; x_wconf 89' lang='lat' dir='ltr'><strong>usque</strong></span> <span class='ocrx_word' id='word_1_224' title='bbox 922 3122 1061 3197; x_wconf 88' lang='lat' dir='ltr'><strong>fecimus;</strong></span> <span class='ocrx_word' id='word_1_225' title='bbox 1090 3125 1171 3198; x_wconf 93' lang='lat' dir='ltr'><strong>quod</strong></span> <span class='ocrx_word' id='word_1_226' title='bbox 1199 3120 1286 3181; x_wconf 90' lang='lat' dir='ltr'><strong>nobis</strong></span> <span class='ocrx_word' id='word_1_227' title='bbox 1313 3118 1410 3192; x_wconf 85' lang='lat' dir='ltr'><strong>absque</strong></span> 
     </span>
     <span class='ocr_line' id='line_1_26' title="bbox 237 3233 1410 3310; baseline -0.003 -18"><span class='ocrx_word' id='word_1_228' title='bbox 237 3234 297 3294; x_wconf 91' lang='lat' dir='ltr'><strong>ullo</strong></span> <span class='ocrx_word' id='word_1_229' title='bbox 324 3233 427 3294; x_wconf 88' lang='lat' dir='ltr'><strong>erroris</strong></span> <span class='ocrx_word' id='word_1_230' title='bbox 455 3234 586 3310; x_wconf 91' lang='lat' dir='ltr'><strong>periculo</strong></span> <span class='ocrx_word' id='word_1_231' title='bbox 617 3237 712 3295; x_wconf 87' lang='lat' dir='ltr'><strong>facere</strong></span> <span class='ocrx_word' id='word_1_232' title='bbox 740 3236 828 3308; x_wconf 94' lang='lat' dir='ltr'><strong>licet,</strong></span> <span class='ocrx_word' id='word_1_233' title='bbox 856 3236 945 3295; x_wconf 89' lang='lat' dir='ltr'><strong>modo</strong></span> <span class='ocrx_word' id='word_1_234' title='bbox 972 3234 1059 3294; x_wconf 90' lang='lat' dir='ltr'><strong>nobis</strong></span> <span class='ocrx_word' id='word_1_235' title='bbox 1079 3233 1181 3295; x_wconf 91' lang='lat' dir='ltr'><strong>caurio</strong></span> <span class='ocrx_word' id='word_1_236' title='bbox 1202 3233 1238 3294; x_wconf 91' lang='lat' dir='ltr'><strong>srt</strong></span> <span class='ocrx_word' id='word_1_237' title='bbox 1259 3233 1330 3294; x_wconf 89' lang='lat' dir='ltr'><strong>nihil</strong></span> <span class='ocrx_word' id='word_1_238' title='bbox 1348 3248 1410 3290; x_wconf 89' lang='lat' dir='ltr'><strong>con-</strong></span> 
     </span>
     <span class='ocr_line' id='line_1_27' title="bbox 236 3343 855 3420; baseline 0.003 -19"><span class='ocrx_word' id='word_1_239' title='bbox 236 3344 368 3417; x_wconf 89' lang='lat' dir='ltr'><strong>cludere,</strong></span> <span class='ocrx_word' id='word_1_240' title='bbox 389 3343 438 3404; x_wconf 84' lang='lat' dir='ltr'><strong>nist</strong></span> <span class='ocrx_word' id='word_1_241' title='bbox 461 3361 498 3404; x_wconf 86' lang='lat' dir='ltr'><strong>ex</strong></span> <span class='ocrx_word' id='word_1_242' title='bbox 519 3343 681 3420; x_wconf 88' lang='lat' dir='ltr'><strong>perspicuis</strong></span> <span class='ocrx_word' id='word_1_243' title='bbox 702 3343 855 3420; x_wconf 83' lang='lat' dir='ltr'><strong>praeruiffis.</strong></span> 
     </span>
    </p>
   </div>
   <div class='ocr_carea' id='block_1_6' title="bbox 236 3504 1410 3808">
    <p class='ocr_par' dir='ltr' id='par_1_6' title="bbox 236 3504 1410 3808">
     <span class='ocr_line' id='line_1_28' title="bbox 583 3504 1071 3566; baseline 0.006 -3"><span class='ocrx_word' id='word_1_244' title='bbox 583 3504 913 3566; x_wconf 86' lang='lat' dir='ltr'>PROPOSITIO</span> <span class='ocrx_word' id='word_1_245' title='bbox 949 3506 1071 3566; x_wconf 86' lang='lat' dir='ltr'><strong>XXXII.</strong></span> 
     </span>
     <span class='ocr_line' id='line_1_29' title="bbox 251 3613 1410 3695; baseline 0.004 -24"><span class='ocrx_word' id='word_1_246' title='bbox 251 3613 421 3691; x_wconf 48' lang='lat' dir='ltr'><strong>,Quicquid</strong></span> <span class='ocrx_word' id='word_1_247' title='bbox 446 3616 633 3691; x_wconf 84' lang='lat' dir='ltr'><strong>intelligimur</strong></span> <span class='ocrx_word' id='word_1_248' title='bbox 664 3620 750 3678; x_wconf 83' lang='lat' dir='ltr'><strong>tertio</strong></span> <span class='ocrx_word' id='word_1_249' title='bbox 781 3622 951 3692; x_wconf 84' lang='lat' dir='ltr'><strong>cognitionis</strong></span> <span class='ocrx_word' id='word_1_250' title='bbox 979 3637 1084 3695; x_wconf 82' lang='lat' dir='ltr'><strong>genere</strong></span> <span class='ocrx_word' id='word_1_251' title='bbox 1090 3662 1100 3694; x_wconf 90' lang='lat'><strong>,</strong></span> <span class='ocrx_word' id='word_1_252' title='bbox 1130 3638 1159 3676; x_wconf 87' lang='lat' dir='ltr'><strong>eo</strong></span> <span class='ocrx_word' id='word_1_253' title='bbox 1190 3619 1410 3692; x_wconf 62' lang='lat' dir='ltr'><strong>delectamina</strong></span> 
     </span>
     <span class='ocr_line' id='line_1_30' title="bbox 236 3727 1006 3808; baseline 0.008 -24"><span class='ocrx_word' id='word_1_254' title='bbox 236 3727 346 3802; x_wconf 82' lang='lat' dir='ltr'><strong>quidem</strong></span> <span class='ocrx_word' id='word_1_255' title='bbox 366 3732 565 3788; x_wconf 84' lang='lat' dir='ltr'><strong>concomitante</strong></span> <span class='ocrx_word' id='word_1_256' title='bbox 584 3731 650 3788; x_wconf 84' lang='lat' dir='ltr'><strong>idea</strong></span> <span class='ocrx_word' id='word_1_257' title='bbox 670 3729 729 3790; x_wconf 81' lang='lat' dir='ltr'><strong>Dei</strong></span> <span class='ocrx_word' id='word_1_258' title='bbox 750 3743 888 3808; x_wconf 83' lang='lat' dir='ltr'><strong>tanquam</strong></span> <span class='ocrx_word' id='word_1_259' title='bbox 908 3733 1006 3808; x_wconf 83' lang='lat' dir='ltr'><strong>consa.</strong></span> 
     </span>
    </p>
   </div>
   <div class='ocr_carea' id='block_1_7' title="bbox 236 3879 1409 4390">
    <p class='ocr_par' dir='ltr' id='par_1_7' title="bbox 236 3879 1409 4390">
     <span class='ocr_line' id='line_1_31' title="bbox 633 3879 1027 3926; baseline 0.005 -4"><span class='ocrx_word' id='word_1_260' title='bbox 633 3879 1027 3926; x_wconf 79' lang='lat' dir='ltr'><strong>nnmonsrnacro</strong></span> 
     </span>
     <span class='ocr_line' id='line_1_32' title="bbox 276 3969 1409 4054; baseline 0.002 -24"><span class='ocrx_word' id='word_1_261' title='bbox 276 3969 321 4030; x_wconf 80' lang='lat' dir='ltr'><strong>Ex</strong></span> <span class='ocrx_word' id='word_1_262' title='bbox 349 3973 406 4032; x_wconf 90' lang='lat' dir='ltr'><strong>hoc</strong></span> <span class='ocrx_word' id='word_1_263' title='bbox 434 3972 613 4052; x_wconf 89' lang='lat' dir='ltr'><strong>cognitionis</strong></span> <span class='ocrx_word' id='word_1_264' title='bbox 641 3993 746 4054; x_wconf 89' lang='lat' dir='ltr'><strong>genere</strong></span> <span class='ocrx_word' id='word_1_265' title='bbox 774 3975 898 4050; x_wconf 87' lang='lat' dir='ltr'><strong>summa,</strong></span> <span class='ocrx_word' id='word_1_266' title='bbox 927 3994 993 4053; x_wconf 83' lang='lat' dir='ltr'><strong>quae</strong></span> <span class='ocrx_word' id='word_1_267' title='bbox 1021 3977 1083 4038; x_wconf 89' lang='lat' dir='ltr'><strong>dari</strong></span> <span class='ocrx_word' id='word_1_268' title='bbox 1104 3977 1217 4053; x_wconf 85' lang='lat' dir='ltr'><strong>potest,</strong></span> <span class='ocrx_word' id='word_1_269' title='bbox 1239 3976 1350 4038; x_wconf 84' lang='lat' dir='ltr'><strong>Mentis</strong></span> <span class='ocrx_word' id='word_1_270' title='bbox 1369 3992 1409 4034; x_wconf 92' lang='lat' dir='ltr'><strong>ac·</strong></span> 
     </span>
     <span class='ocr_line' id='line_1_33' title="bbox 236 4084 1409 4167; baseline 0.005 -24"><span class='ocrx_word' id='word_1_271' title='bbox 236 4084 430 4161; x_wconf 89' lang='lat' dir='ltr'><strong>quiescentia,</strong></span> <span class='ocrx_word' id='word_1_272' title='bbox 457 4087 514 4146; x_wconf 91' lang='lat' dir='ltr'><strong>hoc</strong></span> <span class='ocrx_word' id='word_1_273' title='bbox 541 4087 582 4146; x_wconf 88' lang='lat' dir='ltr'><strong>est</strong></span> <span class='ocrx_word' id='word_1_274' title='bbox 610 4087 683 4166; x_wconf 82' lang='lat' dir='ltr'><strong>(per</strong></span> <span class='ocrx_word' id='word_1_275' title='bbox 702 4099 750 4162; x_wconf 82' lang='lat'><strong>25.</strong></span> <span class='ocrx_word' id='word_1_276' title='bbox 773 4085 876 4164; x_wconf 79' lang='lat' dir='ltr'><strong>Affeii.</strong></span> <span class='ocrx_word' id='word_1_277' title='bbox 897 4087 1007 4167; x_wconf 80' lang='lat' dir='ltr'><strong>Defin.)</strong></span> <span class='ocrx_word' id='word_1_278' title='bbox 1036 4089 1173 4167; x_wconf 84' lang='lat' dir='ltr'><strong>Laetitia,</strong></span> <span class='ocrx_word' id='word_1_279' title='bbox 1192 4090 1304 4166; x_wconf 87' lang='lat' dir='ltr'><strong>oritur,</strong></span> <span class='ocrx_word' id='word_1_280' title='bbox 1326 4103 1409 4162; x_wconf 85' lang='lat' dir='ltr'><strong>eaque</strong></span> 
     </span>
     <span class='ocr_line' id='line_1_34' title="bbox 236 4195 1409 4279; baseline 0.004 -23"><span class='ocrx_word' id='word_1_281' title='bbox 236 4195 454 4258; x_wconf 86' lang='lat' dir='ltr'><strong>concomitante</strong></span> <span class='ocrx_word' id='word_1_282' title='bbox 482 4197 548 4259; x_wconf 88' lang='lat' dir='ltr'><strong>idea</strong></span> <span class='ocrx_word' id='word_1_283' title='bbox 578 4197 620 4260; x_wconf 84' lang='lat' dir='ltr'><strong>sui</strong></span> <span class='ocrx_word' id='word_1_284' title='bbox 649 4199 720 4278; x_wconf 85' lang='lat' dir='ltr'><strong>(per</strong></span> <span class='ocrx_word' id='word_1_285' title='bbox 740 4199 830 4278; x_wconf 82' lang='lat' dir='ltr'><strong>Prop.</strong></span> <span class='ocrx_word' id='word_1_286' title='bbox 851 4215 900 4276; x_wconf 85' lang='lat'><strong>27.</strong></span> <span class='ocrx_word' id='word_1_287' title='bbox 921 4199 1040 4278; x_wconf 80' lang='lat' dir='ltr'><strong>hujus),</strong></span> <span class='ocrx_word' id='word_1_288' title='bbox 1061 4216 1092 4261; x_wconf 91' lang='lat' dir='ltr'><strong>et</strong></span> <span class='ocrx_word' id='word_1_289' title='bbox 1114 4201 1329 4278; x_wconf 87' lang='lat' dir='ltr'><strong>consequenter</strong></span> <span class='ocrx_word' id='word_1_290' title='bbox 1348 4200 1409 4279; x_wconf 79' lang='lat' dir='ltr'><strong>(per</strong></span> 
     </span>
     <span class='ocr_line' id='line_1_35' title="bbox 236 4307 1409 4390; baseline 0.006 -26"><span class='ocrx_word' id='word_1_291' title='bbox 236 4307 324 4384; x_wconf 87' lang='lat' dir='ltr'><strong>Prop.</strong></span> <span class='ocrx_word' id='word_1_292' title='bbox 337 4323 384 4380; x_wconf 82' lang='lat'><strong>30.</strong></span> <span class='ocrx_word' id='word_1_293' title='bbox 395 4307 495 4385; x_wconf 82' lang='lat' dir='ltr'><strong>icnjnr)</strong></span> <span class='ocrx_word' id='word_1_294' title='bbox 515 4310 732 4369; x_wconf 85' lang='lat' dir='ltr'><strong>concomitante</strong></span> <span class='ocrx_word' id='word_1_295' title='bbox 751 4311 838 4371; x_wconf 89' lang='lat' dir='ltr'><strong>etiarn</strong></span> <span class='ocrx_word' id='word_1_296' title='bbox 856 4312 922 4372; x_wconf 90' lang='lat' dir='ltr'><strong>idea</strong></span> <span class='ocrx_word' id='word_1_297' title='bbox 940 4312 997 4372; x_wconf 92' lang='lat' dir='ltr'><strong>Dei</strong></span> <span class='ocrx_word' id='word_1_298' title='bbox 1013 4328 1151 4387; x_wconf 83' lang='lat' dir='ltr'><strong>tanquam</strong></span> <span class='ocrx_word' id='word_1_299' title='bbox 1168 4314 1263 4374; x_wconf 87' lang='lat' dir='ltr'><strong>causa.</strong></span> <span class='ocrx_word' id='word_1_300' title='bbox 1285 4315 1319 4390; x_wconf 84' lang='lat' dir='ltr'><strong>Q.</strong></span> <span class='ocrx_word' id='word_1_301' title='bbox 1331 4311 1365 4374; x_wconf 85' lang='lat' dir='ltr'><strong>E.</strong></span> <span class='ocrx_word' id='word_1_302' title='bbox 1375 4309 1409 4370; x_wconf 82' lang='grc' dir='ltr'><strong>Ι).</strong></span> 
     </span>
    </p>
   </div>
   <div class='ocr_carea' id='block_1_8' title="bbox 0 0 1472 4900">
    <p class='ocr_par' dir='ltr' id='par_1_8' title="bbox 0 0 1472 4900">
     <span class='ocr_line' id='line_1_36' title="bbox 0 0 1472 4900; baseline 0 0"><span class='ocrx_word' id='word_1_303' title='bbox 0 0 1472 4900; x_wconf 95' lang='lat' dir='ltr'><strong> </strong></span> 
     </span>
    </p>
   </div>
  </div>
 </body>
</html>
