2934 4900
377 356 432 415 De
472 352 703 416 Servitute
744 353 936 413 Humana.
1190 368 1249 429 249

60 546 95 587 co
116 530 156 589 ad
179 527 320 603 majorem
341 526 548 602 perfectionem
570 525 739 600 transimus,
759 542 789 587 et
810 524 1023 601 consequenter
1043 543 1080 585 eo
1101 524 1191 603 magis
1212 527 1248 586 de

61 655 166 699 natura
196 637 297 699 divina
325 638 548 714 participamus;
575 656 629 698 nec
657 636 778 699 Laetitia
806 656 933 714 unquam
963 638 1035 697 mala
1060 636 1114 697 elle
1135 637 1248 712 potest,

62 770 149 827 quam
183 751 287 812 nostrae
319 751 456 812 utilitatis
486 768 554 812 vera
581 751 657 811 ratio
685 752 862 812 moderatur.
903 751 945 810 At
966 750 1017 826 qui
1038 764 1140 810 contra
1161 750 1248 811 Metu

63 862 201 937 ducitur,
228 878 259 922 et
286 864 412 937 bonum,
442 878 476 924 ut
503 864 608 924 malum
629 862 723 937 vitet,
745 863 821 941 agit,
843 862 868 923 is
890 862 1018 923 Ratione
1040 880 1099 922 non
1122 860 1247 922 ducitur.

490 1035 669 1097 CAPUT
710 1034 832 1095 XXXII.

103 1164 163 1222 Sed
191 1163 316 1222 humana
344 1160 478 1237 potentia
506 1162 662 1222 admodum
682 1160 807 1221 limitata
829 1161 885 1234 est,
907 1176 972 1220 eta
994 1159 1129 1237 potentia
1150 1158 1247 1221 causa-

66 1293 124 1334 rum
146 1289 331 1334 externantm
352 1272 465 1333 infinite
486 1272 656 1349 superatur3
685 1289 775 1349 atque
797 1275 870 1334 adeo
893 1272 1066 1347 potestatem
1087 1270 1248 1333 absolutam

67 1406 124 1446 non
156 1388 314 1463 habemus,
344 1404 407 1459 res,
438 1405 503 1462 quae
526 1400 684 1445 extractos
706 1384 847 1460 lunt,ad
869 1385 995 1447 nostrum
1017 1384 1098 1445 usum
1120 1384 1250 1460 aptandi.

68 1500 206 1557 Attamen
236 1514 286 1571 ea,
314 1514 380 1572 quae
408 1496 495 1557 nobis
523 1498 666 1559 eveniunt
692 1514 796 1559 contra
817 1498 863 1571 id,
885 1500 966 1574 quod
987 1498 1090 1559 nostrae
1112 1498 1250 1559 utilitatis

68 1609 141 1669 ratio
173 1608 319 1684 pullulat,
350 1627 437 1685 aequo
469 1608 566 1669 animo
595 1610 737 1684 feremus,
758 1610 778 1669 st
800 1609 911 1670 conscii
931 1610 1034 1685 srmus,
1055 1628 1110 1670 nos
1131 1611 1248 1672 functos

69 1722 166 1781 nostro
194 1720 295 1781 officio
325 1718 424 1795 fuisse,
452 1736 482 1781 et
507 1720 688 1797 potentiam,
709 1740 795 1798 quam
816 1722 971 1797 habemus,
992 1740 1052 1783 non
1074 1721 1199 1797 potuisse
1221 1722 1250 1783 se

70 1852 104 1891 eo
125 1832 219 1909 usque
240 1834 413 1907 extendere,
434 1850 468 1893 ιιι
489 1835 588 1894 eadem
610 1832 702 1895 vitare
721 1833 879 1909 pollemus3
898 1833 1009 1909 nosque
1027 1849 1136 1909 partem
1156 1834 1250 1895 totius

71 1948 189 2006 Naturae
210 1943 281 2020 elle,
303 1943 387 2021 cujus
408 1944 540 2005 ordinem
562 1943 715 2021 sequimur.
754 1946 886 2026 Quodsi
907 1947 981 2006 clare
1001 1961 1032 2007 et
1053 1945 1184 2009 distincte
1205 1946 1248 2007 in·
1302 2000 1307 2009 .

72 2054 248 2133 telligamus,
274 2073 342 2131 pars
370 2056 416 2115 illa
445 2056 551 2132 nostri,
572 2077 637 2135 quae
659 2058 853 2137 intelligentia
873 2059 1027 2135 delinitur,
1044 2059 1102 2119 hoc
1124 2059 1164 2120 est
1184 2078 1250 2136 pars

71 2166 170 2227 melior
196 2167 302 2241 nostri,
330 2168 359 2227 in
390 2186 427 2229 eo
454 2170 538 2243 plane
561 2169 743 2245 acquiescet,
765 2186 794 2231 et
816 2169 845 2231 in
867 2189 900 2231 ea
923 2168 1133 2247 acquiescentia
1155 2172 1249 2246 perse-

72 2296 168 2338 verare
189 2278 354 2339 conabitur.
375 2281 467 2355 Nam,
489 2298 635 2357 quatenus
656 2282 861 2361 intelligimus,
883 2282 953 2342 nihil
975 2298 1112 2358 appetere
1134 2283 1185 2343 nist
1206 2283 1250 2358 id,

72 2394 150 2466 quod
171 2390 355 2453 necessarium
377 2392 435 2468 est,
461 2413 515 2456 nec
536 2395 688 2470 absolute,
709 2394 761 2456 nist
784 2396 813 2456 in
836 2394 930 2470 veris,
951 2394 1130 2472 acquiescere
1151 2396 1249 2473 pollu-

76 2523 148 2578 mus;
168 2508 303 2581 adeoque
324 2520 469 2582 quatenus
489 2508 551 2568 lraec
573 2511 649 2570 reae
670 2509 875 2588 intelligimus,
903 2525 1024 2569 eatenus
1045 2524 1170 2570 conatus
1190 2529 1249 2569 tne-

76 2614 149 2676 liotis
169 2616 261 2693 partis
282 2617 370 2678 nostri
393 2636 457 2678 cum
480 2621 582 2680 ordine
605 2620 698 2682 totius
718 2623 838 2682 Naturae
860 2620 1010 2683 convenit.

467 3323 559 3390 mnis
584 3325 710 3409 Quartae
732 3329 853 3394 Partis.
