2934 4900
204 316 263 389 576
682 315 922 377 Tractatus
983 307 989 322 '

204 502 238 548 ut
264 487 361 548 omnia
388 486 545 549 secundum
571 487 651 566 leges
678 486 878 565 praescriptas,
899 503 929 548 et
951 489 1087 550 omnibus
1114 488 1183 550 satis
1209 487 1396 565 perspedlas,
1453 497 1459 547 l

134 649 141 656 .
204 600 446 677 administrarent,
466 601 487 661 sr
508 620 524 662 a
545 602 659 677 populo
688 600 816 661 maximo
845 601 958 662 honore
987 602 1047 661 coli
1074 603 1233 678 volebant,
1256 600 1310 678 qui
1334 616 1395 661 tum

203 732 255 776 eos
276 730 383 791 utpote
403 714 460 775 Dei
481 714 594 790 imperii
614 713 760 776 ministros
781 729 811 776 et
833 714 927 778 vicem
949 714 1007 774 Dei
1027 729 1164 794 gerentes
1184 729 1396 788 veneraretur;

202 827 272 888 alias
302 827 441 888 summum
471 827 654 891 subditorum
687 827 809 904 odium,
841 829 927 906 quale
958 828 1173 906 Theologicum
1206 825 1265 887 esse
1299 826 1394 901 solet,

201 941 300 1018 sugere
331 958 392 1000 non
424 955 570 1017 poterant.
611 942 661 1002 Ad
692 940 775 1015 haec,
808 959 913 1017 nempe
945 941 982 1000 ad
1014 939 1190 1000 effrenatam
1221 939 1393 1015 Principum

199 1051 348 1113 libidinem
380 1054 589 1128 coercendam,
621 1051 699 1113 aliud
731 1053 880 1131 permagni
913 1051 1054 1113 momenti
1086 1051 1218 1126 accelsrt3
1250 1049 1394 1114 videlicet

201 1166 283 1240 quod
304 1162 406 1224 militia
427 1183 464 1224 ex
486 1164 621 1225 omnibus
643 1163 760 1226 civibus
782 1163 878 1242 (nullo
901 1181 916 1223 a
940 1162 1079 1242 vigesimo
1101 1162 1190 1239 usque
1213 1165 1251 1222 ad
1272 1161 1394 1241 sexage-

200 1276 299 1338 srmum
320 1277 416 1337 aetatis
436 1295 542 1337 annum
564 1277 706 1356 excepto)
728 1277 928 1348 formabatur,
952 1290 983 1334 et
1005 1275 1087 1351 quod
1107 1273 1258 1350 Principes
1280 1274 1394 1334 nullum

201 1406 370 1453 extraneum
390 1389 509 1451 militem
530 1392 661 1451 mercede
683 1391 849 1450 conducere
869 1401 1020 1464 poterant.
1061 1387 1146 1462 Hoc,
1165 1385 1306 1463 inquam,
1328 1404 1394 1462 per·

199 1502 295 1580 magni
325 1503 383 1564 fuit
412 1502 566 1578 momenti;
598 1519 663 1563 nam
694 1516 805 1562 certum
836 1500 893 1575 est,
923 1499 1073 1575 Principes
1102 1496 1163 1559 sola
1194 1497 1320 1574 militia,
1343 1499 1394 1558 cui

199 1616 341 1692 stipendia
360 1615 496 1692 solvunt,
517 1617 660 1692 populum
682 1615 846 1691 opprimere
868 1611 959 1689 polle.
980 1611 1113 1687 Deinde,
1135 1628 1188 1672 eos
1208 1610 1280 1671 nihil
1301 1611 1394 1689 magis

200 1727 301 1789 timere
322 1745 408 1805 quarn
428 1729 591 1790 libertatem
617 1725 741 1788 militum
769 1725 955 1801 concivium,
977 1741 1102 1801 quorum
1123 1722 1251 1798 virtute,
1272 1724 1394 1798 labore,

200 1857 231 1901 et
251 1857 357 1920 magno
378 1840 421 1901 sui
441 1839 587 1920 sanguinis
608 1839 779 1916 impendi0,
800 1837 914 1914 imperii
935 1837 1056 1899 libertas
1076 1853 1106 1897 et
1128 1835 1219 1916 gloria
1238 1851 1325 1911 parta
1343 1836 1393 1895 cst.

198 1955 272 2015 ldeo
293 1955 469 2030 Alexander,
489 1971 554 2014 cum
574 1952 703 2015 secundo
726 1969 829 2014 contra
851 1951 970 2012 Darium
992 1950 1186 2012 dimicandum
1198 1963 1274 2024 erat,
1285 1949 1394 2010 audito

199 2066 398 2127 Parmenionis
426 2064 565 2143 confilio,
593 2083 653 2127 non
682 2065 776 2142 ipsum
806 2063 856 2142 qui
886 2062 1036 2125 confilium
1059 2061 1155 2138 dedit,
1176 2061 1224 2123 sed
1246 2063 1394 2140 Polyper·

199 2193 304 2254 conta,
325 2178 376 2255 qui
398 2197 463 2239 cum
485 2181 589 2240 eodem
610 2178 720 2255 stabat,
742 2177 899 2255 increpuit.
921 2179 1014 2253 Nam,
1035 2191 1070 2238 ut
1092 2175 1134 2236 ait
1156 2174 1278 2236 Curtius
1299 2175 1396 2254 lib.4

199 2288 226 2368 §.
251 2305 296 2366 13.
317 2291 343 2365 *,
367 2289 602 2367 Parmenionem,
623 2308 717 2366 nuper
738 2289 833 2351 acrius
854 2308 941 2366 quam
961 2290 1052 2352 vellet
1073 2287 1267 2364 increpitum,
1292 2287 1395 2348 rursus

199 2399 335 2479 castigare
362 2419 423 2463 non
453 2401 603 2478 sustinuit;
631 2419 685 2463 nec
713 2402 912 2464 Macedonum
934 2401 1117 2477 libertatem,
1138 2418 1224 2478 quam
1246 2399 1393 2473 maxime,

198 2529 232 2575 ut
249 2514 308 2591 jam
330 2515 473 2592 diximus,
494 2515 634 2591 timebat,
656 2515 820 2592 opprimere
842 2514 960 2592 potuit,
981 2514 1034 2575 nist
1055 2512 1208 2589 postquam
1236 2531 1393 2573 numerum

198 2627 321 2689 militum
350 2647 387 2689 ex
416 2628 543 2705 captivis
564 2629 652 2709 longe
674 2629 758 2705 supra
780 2629 962 2689 Macedonas
983 2627 1082 2702 auxit;
1108 2641 1171 2688 tum
1191 2626 1267 2687 enim
1289 2626 1394 2687 animo

197 2737 251 2801 suo
278 2738 453 2816 impotenti,
475 2756 505 2801 et
526 2739 578 2802 diu
599 2739 708 2802 civium
738 2738 916 2816 optimorum
943 2738 1078 2800 libertate
1107 2736 1256 2812 coercito,
1278 2756 1393 2799 morem

197 2872 294 2933 gerere
325 2853 436 2931 potuit.
477 2853 507 2914 Si
537 2854 601 2914 haec
634 2853 736 2929 itaque
768 2852 891 2914 militum
922 2852 1089 2915 concivium
1121 2852 1240 2913 libertas
1267 2852 1393 2913 humani

196 2966 308 3043 imperii
329 2964 493 3043 principes,
515 2965 567 3042 qui
588 2964 641 3026 soli
663 2981 758 3027 totam
778 2968 893 3027 laudern
915 2965 1101 3028 vittoriarum
1119 2964 1255 3041 usurpare
1274 2965 1393 3042 solent,
1460 2990 1461 3027 3

195 3077 320 3155 retinet,
340 3080 434 3140 multo
456 3076 548 3156 magis
575 3079 766 3140 Hebraeorum
791 3078 942 3153 Principes
963 3082 1097 3139 coercere
1118 3078 1238 3153 debuit,
1259 3096 1391 3154 quorum
1460 3100 1461 3117 2

195 3188 302 3248 milites
330 3208 389 3249 non
420 3208 473 3266 pro
501 3188 660 3265 Principis,
690 3188 740 3251 sed
768 3207 822 3265 pro
849 3190 906 3250 Dei
934 3190 1026 3269 gloria
1055 3191 1241 3269 pugnabant,
1269 3205 1299 3251 et
1323 3190 1392 3251 solo

195 3299 255 3360 De'r
273 3299 409 3376 responso
430 3317 555 3377 accepto
577 3301 710 3378 proeliunt
732 3302 965 3364 committebant.

235 3414 360 3476 Acceslit
380 3413 503 3492 deinde,
525 3416 608 3491 quod
631 3433 732 3475 omnes
755 3415 946 3477 Hebraeorunr
967 3414 1117 3492 Principes
1135 3416 1197 3477 solo
1216 3416 1390 3495 Religionis

194 3525 316 3589 vinculo
336 3525 466 3589 alsociati
488 3544 586 3588 erant:
609 3546 714 3604 quare,
736 3526 756 3588 si
779 3527 884 3605 aliquis
905 3529 941 3589 ab
964 3531 1064 3589 eadem
1092 3527 1258 3604 defecisset,
1275 3528 1388 3607 jusque

195 3639 327 3703 divinum
354 3638 584 3716 uniuscujusque
606 3639 717 3703 violare
748 3639 914 3718 incepisset,
935 3660 971 3702 eo
992 3640 1083 3702 hostis
1104 3660 1120 3703 a
1141 3640 1260 3718 reliquis
1281 3640 1388 3702 haberi

194 3762 352 3827 potuerat,
372 3767 403 3811 et
421 3750 487 3829 jure
508 3752 643 3829 opprimi.

236 3864 360 3927 Acceisrt
387 3864 439 3925 ΙΙΙ.
468 3864 556 3927 timor
583 3865 654 3928 novi
682 3864 806 3943 alianus
833 3866 1004 3942 Propheta:
1033 3870 1122 3929 modo
1151 3868 1226 3928 enim
1248 3869 1386 3944 probarae

193 3978 266 4041 vitae
288 3978 393 4056 aliquis
414 3978 541 4055 receptis
562 3977 734 4056 quibusdam
753 3978 841 4059 signis
862 3979 1040 4057 ostenderet,
1060 3980 1090 4042 se
1110 3980 1286 4056 Prophetam
1307 3980 1385 4057 esse,
1460 4056 1461 4079 χ

196 4109 233 4152 eo
261 4090 325 4168 ipso
349 4092 399 4169 jus
427 4092 566 4154 summum
587 4091 747 4169 imperandi
768 4092 912 4170 babebat,
933 4112 1054 4171 nempe,
1075 4093 1159 4155 ficuti
1179 4092 1296 4171 Moses,
1323 4094 1382 4155 Dei

230 4330 244 4359 ⁸
262 4328 383 4378 ud.1>r.:
401 4330 446 4380 lib.
462 4344 488 4392 4.
507 4344 531 4392 3.
551 4342 590 4389 13.
