2934 4900
200 330 241 388 62
632 324 813 388 Ethicea
846 326 914 387 Para
936 326 960 387 1.

202 506 308 564 modus
335 501 405 584 (per
431 505 547 566 eandem
574 508 729 581 rationem,
758 522 817 582 qua
841 507 970 583 primam
995 517 1112 583 partem
1140 502 1227 580 hujus
1247 504 1404 579 jamjam

202 614 467 699 demonstrauimus)
494 617 597 679 debuit
624 618 712 679 etiam
741 616 926 678 determinari
955 620 992 677 ab
1021 616 1094 690 alia,
1114 634 1180 693 quae
1201 616 1289 677 etiam
1311 616 1400 677 finita

202 728 243 791 est
274 746 304 789 et
335 729 553 791 determinatam
584 731 673 791 habet
706 730 905 805 existentiam,
937 746 967 791 et
1001 729 1097 791 rursus
1117 729 1180 789 haec
1201 730 1302 791 ultima
1323 728 1403 809 (per

202 844 315 901 eandem
346 842 498 923 rationem)
528 845 564 903 ab
596 842 667 919 alia,
699 858 729 903 et
761 841 799 903 stc
830 842 942 919 semper
962 841 1033 923 (per
1053 844 1168 902 eandem
1187 839 1345 922 rationem)
1365 841 1399 901 in

202 952 357 1015 infinitum.
401 955 434 1031 Q.
455 954 494 1015 E.
515 955 553 1015 D.

669 1054 682 1096 s
700 1054 718 1096 c
732 1054 754 1096 rt
767 1055 786 1095 ο
800 1054 819 1097 ι,
831 1053 844 1099 t
856 1054 878 1096 u
890 1054 928 1097 u.

243 1146 317 1207 Cum
345 1150 477 1224 quaedam
505 1167 521 1208 n
548 1149 615 1209 Deo
642 1146 807 1209 immediate
830 1147 953 1223 produci
975 1149 1158 1223 debuerunt,
1181 1141 1319 1211 videlicet
1341 1166 1401 1221 ea,

203 1276 268 1334 qum
296 1276 333 1321 ex
361 1258 494 1320 absoluta
523 1259 587 1336 ejus
614 1276 716 1321 natura
746 1258 902 1320 neccisario
933 1258 1111 1336 sequuntur,
1131 1257 1330 1320 mediantibus
1349 1258 1402 1319 his

202 1370 317 1445 primia,
344 1371 360 1405 *
388 1389 453 1448 quae
483 1388 579 1433 tamen
608 1372 666 1433 stne
695 1374 762 1434 Deo
793 1393 847 1436 nce
877 1371 933 1434 eise
955 1392 1009 1434 nec
1030 1372 1149 1449 concipi
1170 1371 1306 1449 poiiuut;
1327 1372 1400 1432 hinc

201 1482 332 1559 sequitur
356 1482 409 1557 1⁰.‚
437 1486 519 1560 quod
547 1484 628 1545 Deus
657 1484 691 1545 stt
718 1502 811 1545 rerum
833 1483 997 1546 immediate
1030 1486 1066 1545 ab
1096 1483 1160 1561 ipso
1189 1486 1399 1560 producturum

201 1595 286 1656 causa
314 1594 447 1658 absolute
473 1597 624 1674 proxima;
655 1614 715 1657 non
746 1615 818 1661 vero
847 1598 876 1658 in
904 1595 958 1658 suo
986 1614 1107 1675 genere,
1130 1611 1163 1658 ut
1184 1596 1277 1672 aJ'unt.
1317 1597 1398 1656 Nam

201 1708 258 1769 Dei
275 1708 397 1771 effecius
416 1709 473 1771 stne
492 1708 540 1771 sua
559 1708 643 1771 causa
662 1728 716 1771 nec
733 1707 789 1770 eise
808 1728 863 1771 nec
882 1708 1001 1785 concipi
1022 1708 1138 1784 possunt
1158 1706 1229 1789 (per
1244 1710 1335 1787 Prop.
1349 1720 1400 1782 ις.

202 1834 228 1879 et
258 1820 360 1881 Coroll.
389 1822 478 1900 Prop.
507 1818 578 1902 ap).
609 1820 750 1897 Sequitur
777 1822 847 1897 11⁰.,
867 1824 950 1898 quod
971 1823 1053 1883 Deua
1074 1838 1134 1881 non
1157 1820 1254 1895 potest
1275 1820 1399 1895 proprie

202 1932 260 1992 dici
288 1931 371 1993 causa
399 1930 455 1993 esse
476 1948 586 1994 remota
609 1952 701 1994 rerum
724 1932 925 2012 singularium,
947 1932 1000 1993 nisa
1022 1933 1098 1993 forte
1121 1950 1154 1993 ea
1176 1934 1214 1993 de
1235 1930 1340 2005 cause,
1361 1948 1399 1993 ut

202 2044 311 2105 scilicet
342 2044 394 2105 has
424 2046 460 2105 ab
490 2044 543 2121 iis,
570 2064 642 2122 eluas
671 2045 836 2107 immediate
864 2044 1026 2121 produxit,
1054 2046 1102 2107 vel
1131 2044 1233 2120 potius
1261 2063 1329 2121 quae
1358 2064 1398 2105 ex

202 2154 333 2216 absoluta
371 2154 436 2231 eius
473 2172 575 2217 natura
616 2155 795 2233 sequuntur,
831 2156 1050 2235 distinguamus.
1090 2158 1166 2217 Nam
1199 2174 1251 2232 per
1279 2156 1398 2217 causam

200 2284 341 2329 remotam
368 2268 453 2327 talem
480 2265 685 2347 intedigimus‚
715 2286 781 2345 quae
807 2287 873 2329 cum
893 2268 1000 2331 effedu
1020 2268 1102 2329 nulio
1124 2269 1214 2329 modo
1236 2266 1398 2344 conjuncta

201 2380 251 2440 est.
294 2380 336 2439 At
364 2379 476 2447 omnia.
505 2398 570 2456 qua·
597 2380 684 2457 sunt,
711 2380 741 2441 in
770 2382 838 2443 Deo
866 2380 949 2457 sunt,
970 2396 1000 2441 et
1021 2399 1036 2441 a
1058 2382 1125 2441 Deo
1146 2380 1186 2441 ita
1209 2375 1398 2457 dependent,

202 2508 234 2552 ut
257 2490 314 2552 sure
334 2490 398 2567 ipso
421 2509 475 2572 nec
496 2489 552 2552 eise
574 2511 628 2553 uec
650 2492 769 2569 concipi
791 2494 906 2568 possint.

559 2637 892 2698 PROPOSITIO
923 2637 1031 2698 XXlX.

241 2749 278 2808 In
296 2765 399 2818 ¹rerum
419 2761 529 2808 natura
549 2749 657 2808 nullum
678 2748 770 2808 datur
788 2752 973 2824 contingemu-
987 2749 1046 2825 sed
1061 2751 1156 2808 omnin
1175 2767 1213 2807 ex
1236 2749 1397 2828 neceffitore

200 2862 308 2922 dimna
323 2874 439 2922 natttrae
456 2862 650 2922 determinata
661 2861 736 2937 sunt
752 2861 795 2920 ad
809 2874 885 2920 certo
900 2863 977 2920 modo
987 2861 1160 2940 existendum
1169 2874 1196 2921 et
1206 2861 1393 2940 operandum.

596 3003 992 3049 oeuonsrunaro

240 3101 389 3182 Quicquid
411 3101 467 3176 est,
488 3101 519 3161 in
541 3102 608 3162 Deo
630 3099 671 3159 est
695 3097 765 3180 (per
785 3101 875 3178 Prop.
897 3098 971 3180 15.):
989 3101 1073 3160 Deus
1090 3115 1187 3160 autem
1205 3116 1265 3158 non
1293 3099 1393 3173 potest

200 3213 258 3274 dici
293 3231 338 3274 res
369 3212 565 3292 contingens;
596 3212 671 3272 Nam
702 3208 773 3291 <per
804 3213 893 3290 Prop.
929 3209 988 3292 rr.)
1020 3209 1192 3285 necessario,
1225 3229 1285 3272 non
1317 3230 1392 3272 uero

199 3325 405 3404 contingenter
433 3323 540 3385 existit.
582 3321 667 3384 Modi
697 3320 802 3384 deinde
832 3321 939 3382 divinae
969 3337 1081 3384 traturae
1109 3341 1147 3383 eu
1174 3325 1273 3384 eadem
1301 3322 1392 3383 etiam

200 3434 372 3510 necessario,
393 3455 454 3496 non
476 3455 548 3498 vero
570 3433 779 3512 contingenter
799 3433 889 3495 secuti
910 3433 977 3496 sunt
998 3433 1070 3514 (per
1090 3435 1180 3512 Prop.
1205 3433 1281 3514 ro),
1297 3432 1390 3508 idque

199 3549 247 3611 vel
275 3563 421 3624 quatenus
451 3547 549 3610 diuina
580 3563 682 3607 natura
715 3545 848 3607 absolute
870 3543 941 3623 (per
961 3548 1050 3625 Prop.
1072 3543 1401 3626 21.)‚ue1quatenus*

199 3675 280 3720 certo
309 3661 399 3720 modo
428 3662 463 3721 ad
494 3661 637 3737 agendum
667 3656 857 3718 determinata
886 3657 1084 3717 consideratur
1112 3656 1183 3737 (per
1203 3658 1293 3734 Prop.
1314 3655 1386 3736 up).

198 3773 289 3833 Porro
311 3772 413 3832 horum
435 3773 588 3832 modorum
609 3771 692 3832 Deus
713 3787 774 3830 non
796 3784 909 3830 tmuum
931 3769 973 3828 est
992 3767 1093 3842 causa,
1115 3783 1262 3844 quatenus
1282 3767 1387 3843 simpli-

198 3883 271 3945 citer
302 3883 430 3945 existunt
461 3880 532 3963 (per
562 3883 665 3941 Coroll.
697 3883 786 3959 Prop.
815 3883 894 3959 αφ),
923 3879 972 3941 sed
1001 3881 1088 3942 etiam
1121 3879 1192 3961 (per
1211 3882 1301 3960 Prop.
1322 3883 1386 3957 26.)

198 4009 345 4070 quatenus
372 3997 407 4055 ad
438 3993 549 4070 aliquid
579 3994 759 4069 operandum
780 3990 965 4053 determinati
987 3992 1213 4054 considerantur.
1254 3991 1386 4074 Quodsi

232 4180 243 4210 ⁸
280 4179 412 4242 Perpernm
430 4179 566 4228 Boeluuer:
586 4186 611 4226 et
628 4176 801 4228 nuditatibus
820 4175 861 4226 lu't
877 4177 968 4243 primis
986 4178 1127 4242 praedam,
1143 4191 1217 4241 qnae.
1251 4174 1385 4238 objectum

197 4261 263 4310 enim
282 4260 323 4310 hic
341 4260 467 4311 indicatur
486 4275 531 4324 per
549 4259 696 4310 ieuttruiam
716 4259 848 4308 relativam
866 4274 880 4310 a
900 4257 955 4309 casu
975 4258 1136 4309 nominativo
1154 4257 1249 4317 oriam,
1267 4271 1295 4308 ut
1313 4256 1385 4322 supra

197 4357 254 4408 pag.
271 4357 303 4406 35
320 4341 358 4392 vs.
376 4357 408 4406 25
427 4339 563 4404 subjectum
583 4343 644 4392 latet
661 4341 687 4392 in
706 4340 778 4391 simili
794 4339 917 4392 sententia
931 4357 996 4404 quae
1004 4343 1035 4392 ab
1044 4337 1189 4392 accusativo
1198 4338 1300 4390 initiunt
1309 4342 1386 4406 capit.
