2934 4900
632 324 812 387 Ethices
842 326 912 395 Pars
935 326 958 385 Ι.

602 516 1000 563 numoussnnsto

243 644 350 704 Ptaeter
369 644 464 703 Deum
486 642 563 703 nulla
584 645 670 704 datur
689 662 786 721 neque
808 643 928 720 concipi
949 642 1048 719 potest
1070 642 1229 705 substantia
1251 643 1324 723 (per
1349 660 1398 723 14.

203 753 316 837 Prop.),
336 756 393 816 hoc
415 753 455 815 est
477 752 548 833 (per
568 754 662 835 Defin.
685 752 728 836 3.)
749 774 811 830 tes,
831 774 897 831 quae
920 754 950 815 in
972 755 1000 815 se
1022 755 1063 816 est
1084 769 1115 816 et
1135 756 1238 831 perse
1259 754 1398 829 concipi·

202 887 260 931 tur.
280 867 368 930 Modi
389 882 486 928 autent
507 864 577 948 (per
598 868 693 946 Defin.
715 866 758 947 5.)
780 867 838 927 stne
860 867 1020 927 substantia
1041 886 1096 928 nec
1118 866 1176 927 else
1197 886 1251 928 nec
1273 867 1398 942 concipi

202 982 337 1058 possunt;
368 997 457 1056 quare
488 978 518 1039 hi
550 978 579 1039 in
612 978 672 1039 sola
704 980 806 1043 divina
837 994 940 1039 natura
972 977 1047 1055 esse,
1067 994 1098 1039 et
1119 998 1171 1053 per
1192 978 1280 1055 ipsam
1304 978 1396 1039 solam

201 1093 319 1169 concipi
346 1090 473 1167 poliunt.
514 1090 609 1167 Atqui
638 1106 743 1167 praeter
772 1091 946 1152 substantias
968 1106 999 1151 et
1020 1092 1127 1152 modos
1148 1090 1189 1151 nil
1216 1092 1302 1151 datur
1323 1088 1398 1169 (per

199 1206 326 1267 Axioma
349 1202 398 1284 1.).
418 1204 497 1281 Ergo
519 1202 592 1263 nihil
612 1202 671 1264 fine
692 1205 760 1264 Deo
781 1202 837 1265 eise
858 1222 955 1280 neque
977 1202 1097 1279 concipi
1120 1202 1225 1279 potest.
1248 1204 1282 1279 Q.
1298 1203 1335 1263 E.
1351 1205 1395 1263 D.

666 1397 923 1442 seuottum.

239 1528 329 1603 Sunt,
351 1526 402 1603 qui
418 1527 514 1588 Deum
536 1524 622 1585 instat
641 1524 768 1584 hominis
784 1541 910 1600 corpote
925 1541 954 1585 et
973 1540 1071 1585 mente
1087 1523 1284 1600 constantem,
1298 1540 1391 1601 atque

199 1640 374 1716 paffionibus
395 1638 557 1699 obnoxium
579 1638 709 1715 lingunt3
730 1636 798 1713 sed,
820 1656 905 1713 quarn
926 1639 1013 1715 longe
1035 1635 1066 1696 lsi
1087 1656 1103 1697 a
1126 1655 1192 1699 vera
1210 1637 1268 1697 Dei
1285 1637 1391 1715 cogni-

198 1752 280 1813 tione
301 1754 450 1827 aberrent,
471 1748 539 1810 satis
560 1768 597 1809 ex
611 1748 672 1825 jam
693 1747 896 1809 demonstratis
917 1749 1040 1809 constat.
1062 1748 1119 1809 Sed
1135 1747 1305 1807 hosmitto:
1321 1766 1389 1807 nam

198 1882 315 1937 omues,
344 1862 395 1940 qui
423 1876 553 1923 naturam
582 1860 710 1923 divinam
740 1858 841 1937 aliquo
862 1862 952 1921 modo
974 1859 1167 1935 contemplati
1188 1858 1271 1936 sunt,
1291 1860 1389 1921 Deum

196 1975 251 2036 ell‘e
272 1992 445 2051 corporeum
467 1989 583 2052 negant.
604 1975 696 2055 Quod
717 1972 803 2034 etiarn
827 1972 937 2049 optime
959 1976 1087 2048 probant
1108 1992 1145 2033 ex
1163 1990 1218 2048 eo,
1240 1975 1322 2049 quod
1339 1991 1391 2047 per

196 2106 303 2163 corpus
320 2088 506 2168 intelligimus
525 2105 728 2163 quamcunque
745 2085 959 2162 quantitatem,
974 2088 1109 2163 longam,
1124 2086 1211 2146 latntn
1223 2101 1252 2145 et
1264 2085 1389 2160 prosun-

195 2203 277 2276 dam,
303 2216 380 2261 cetta
408 2200 503 2277 aliqua
533 2199 623 2277 figura
649 2198 850 2273 terminatam,
874 2216 936 2275 quo
963 2197 1038 2258 nihil
1062 2197 1214 2259 absurdius
1239 2201 1274 2259 de
1302 2199 1388 2272 Deo,

194 2331 262 2375 ente
283 2314 392 2377 scilicet
413 2314 545 2375 absolute
567 2312 702 2389 infinito,
723 2312 781 2375 dici
803 2312 910 2387 potest.
930 2314 1070 2374 Attamen
1089 2310 1204 2373 interim
1223 2311 1286 2371 aliis
1297 2310 1387 2372 tatio·

194 2427 297 2504 nibus,
322 2427 429 2506 quibus
456 2426 513 2488 hoc
542 2426 616 2489 idern
644 2426 838 2489 demonstrate
865 2443 1026 2500 sotiantur,
1055 2427 1129 2487 clare
1160 2425 1334 2499 ostendunt,
1357 2423 1385 2483 se

193 2539 378 2600 substantiam
403 2535 491 2617 ipsam
520 2557 690 2614 corpoream
717 2537 777 2602 stre
807 2537 955 2600 extensam
978 2557 994 2598 a
1015 2553 1118 2598 natura
1139 2537 1238 2599 divina
1260 2535 1383 2596 omnino

192 2669 356 2728 removete,
377 2667 465 2728 atque
487 2650 576 2727 ipsam
596 2670 612 2711 a
632 2652 699 2711 Deo
721 2667 845 2711 creatam
866 2650 1009 2711 statuunt.
1030 2651 1078 2710 Ex
1096 2669 1153 2726 qua
1174 2666 1269 2711 autern
1282 2649 1384 2712 divina

193 2762 327 2838 potentia
349 2762 437 2823 creati
459 2763 604 2838 potuerit,
627 2761 744 2838 prorsus
769 2762 922 2840 ignorant;
952 2764 1034 2838 quod
1055 2762 1130 2823 clarc
1151 2762 1294 2836 ostendit,
1315 2761 1384 2821 illos

193 2874 239 2950 id,
261 2877 343 2952 quod
362 2874 474 2965 ipsimet
495 2875 613 2951 dicunt,
635 2893 694 2935 non
716 2874 887 2952 intelligere.
906 2875 974 2952 Ego
998 2875 1095 2935 saltem
1117 2873 1186 2935 satis
1206 2876 1299 2948 clare,
1315 2893 1383 2932 meo

192 2986 309 3062 quidem
327 2969 457 3064 judicio,
479 2987 672 3050 demonstravi
691 2985 773 3064 (vide
785 2988 888 3048 Coroll.
901 2989 989 3066 Prop.
1000 2989 1030 3047 6.
1042 3000 1070 3046 et
1080 2985 1170 3046 Sestos.
1183 3005 1211 3046 2.
1222 2985 1384 3064 Prop.·8.)‚

191 3100 295 3159 nullam
317 3098 502 3161 substantiam
527 3102 563 3160 ab
592 3099 650 3160 alio
671 3097 752 3176 posse
773 3099 899 3176 produci
922 3069 970 3161 vel
989 3098 1087 3160 creati.
1109 3099 1201 3158 Porro
1221 3100 1311 3178 Prop.
1337 3115 1384 3178 ¹4·

190 3209 384 3286 ostendimus,
406 3226 509 3287 practer
525 3211 620 3273 Deum
639 3213 745 3272 nullam
760 3210 822 3272 dati
841 3229 936 3287 neque
955 3210 1074 3286 concipi
1086 3210 1166 3285 posse
1178 3211 1384 3285 substantiam

189 3338 278 3399 atque
299 3323 366 3385 binc
387 3321 595 3399 conclusimus,
624 3323 810 3384 substantiam
841 3324 989 3386 extensam
1010 3342 1101 3384 unum
1122 3341 1159 3382 ex
1180 3322 1304 3383 infinitis
1323 3323 1383 3382 Dei

189 3433 339 3494 attributis
371 3433 435 3496 csse.
463 3437 589 3510 Verum,
622 3438 659 3496 ad
690 3435 849 3510 pleniorem
879 3435 1123 3512 explicationem,
1151 3433 1382 3497 adversariorum

188 3562 355 3624 argumenta
375 3548 528 3621 refutabo,
549 3565 615 3622 quae
638 3547 735 3608 omnia
756 3549 813 3610 huc
835 3551 967 3610 redeunt.
986 3549 1101 3621 Primo,
1123 3549 1206 3622 quod
1222 3545 1383 3606 substantia

188 3674 346 3732 corporea,
367 3672 512 3734 quatenus
532 3656 707 3733 substantia,
729 3660 858 3734 constat,
881 3676 914 3720 ut
937 3674 1061 3734 putant,
1090 3656 1240 3733 partibus;
1260 3673 1289 3717 et
1312 3656 1382 3718 ideo

186 3771 307 3830 eandem
328 3769 469 3830 infinitam
491 3768 568 3844 posse
590 3769 662 3845 csse,
685 3787 714 3830 et
731 3771 947 3846 consequenter
959 3773 996 3831 ad
1012 3773 1107 3831 Deum
1126 3770 1270 3846 pertinere
1282 3770 1384 3846 posse,

186 3897 304 3959 negant.
329 3883 429 3958 Atque
458 3882 515 3940 boc
542 3881 640 3942 multis
673 3883 813 3956 exemplis
842 3884 1009 3960 explicant,
1030 3903 1067 3944 cx
1089 3885 1197 3960 quibus
1218 3902 1308 3944 unum
1329 3900 1381 3943 aut

185 3995 306 4053 alterum
322 3991 446 4053 afferam.
467 3991 498 4053 Si
516 3991 672 4053 substantia
691 4010 851 4069 corporea,
867 3993 967 4072 ajunt,
990 3995 1031 4055 cst
1048 3992 1179 4068 instnita,
1195 3993 1383 4069 concipiatur

185 4103 215 4164 in
236 4107 309 4164 duas
330 4120 426 4180 partes
447 4103 557 4179 dividi;
578 4103 632 4164 erit
655 4123 841 4183 unaquaeque
862 4125 928 4182 pars
950 4110 998 4172 vel
1016 4107 1114 4184 linita,
1136 4106 1184 4168 vel
1201 4105 1327 4167 infinita.
1349 4105 1379 4167 Si

184 4215 272 4290 illud,
293 4215 482 4292 componitur
502 4233 571 4294 ergo
593 4214 740 4277 infinitum
762 4237 800 4276 ex
821 4221 935 4280 duabus
957 4219 1089 4295 partibus
1107 4217 1217 4292 finiris,
1237 4220 1320 4294 quod
1338 4217 1380 4278 est

184 4325 347 4388 absurdum.
375 4329 405 4389 Si
432 4330 507 4403 boc,
535 4330 621 4389 datur
649 4347 718 4406 ergo
748 4329 895 4392 infinitum
923 4333 1014 4407 duplo
1043 4330 1136 4408 majus
1160 4329 1219 4391 alio
1242 4329 1379 4406 infinito,
