2934 4900
356 374 411 444 De
451 380 679 444 Servitute
721 380 915 445 Humana.
1172 398 1231 462 229

512 575 816 620 ιοιιοιιιιιιι.7

85 668 179 730 Nimis
198 672 320 749 longum
341 671 433 746 foret,
453 669 501 731 hic
524 670 621 731 omnia
641 671 790 748 Superbiae
813 673 884 733 mala
905 691 1085 749 enumerare,
1097 677 1230 751 quando·

50 783 164 858 quidem
192 782 330 845 omnibus
359 782 511 845 affectibus
539 783 665 844 obnoxii
692 784 759 845 sunt
787 785 920 861 superbi;
940 786 990 847 sed
1011 786 1098 848 nullis
1120 786 1233 864 minus,

52 914 132 971 quam
153 894 307 957 affedtibus
335 895 453 956 Amoris
480 910 510 955 et
532 894 752 957 Misericordiae.
792 897 917 958 sedhic
939 896 1054 959 minime
1076 902 1232 961 tacendum

53 1007 105 1082 est,
131 1008 214 1083 quod
245 1007 292 1068 ille
321 1006 409 1069 etiarn
436 1008 579 1085 superbus
605 1024 745 1085 vocetur,
773 1008 825 1087 qui
845 1013 882 1070 de
902 1010 1022 1088 reliquis
1042 1010 1136 1071 minus
1153 1011 1232 1088 justo

52 1118 156 1194 sentit,
186 1134 277 1195 atque
309 1123 384 1182 adeo
415 1120 473 1181 hoc
504 1120 589 1181 sensu
621 1121 763 1198 Superbia
794 1122 957 1184 delinienda
989 1124 1050 1200 est,
1085 1128 1166 1201 quod
1198 1124 1232 1185 stt

25 1232 166 1310 ‚letitia
196 1247 263 1293 orta
290 1250 328 1293 ex
357 1233 424 1294 falsa
452 1232 613 1309 opinione,
641 1236 722 1309 quod
751 1233 840 1294 homo
868 1234 896 1295 se
922 1234 1007 1311 supra
1027 1234 1155 1312 reliquos
1176 1234 1232 1297 elie

55 1358 143 1417 putat.
173 1344 214 1405 Et
236 1342 376 1420 Abjeclio
398 1344 466 1406 huic
487 1344 639 1421 Superbiae
660 1345 806 1407 contraria
827 1346 990 1407 delinienda
1012 1346 1081 1407 ellet
1102 1346 1233 1408 Tristitia

56 1472 113 1516 orta
133 1475 170 1516 ex
191 1456 262 1517 falsa
284 1456 449 1533 opinione,
470 1460 553 1533 quod
573 1458 663 1518 horno
685 1457 714 1518 se
735 1457 810 1521 infra
831 1458 959 1537 reliquos
981 1458 1036 1520 eise
1057 1458 1159 1521 credit.
1191 1460 1233 1521 At

56 1569 106 1628 hoc
126 1569 226 1645 polito
249 1568 334 1630 facile
356 1568 558 1645 concipimus,
578 1569 732 1647 superbum
755 1570 910 1632 necessario
932 1571 988 1634 elie
1010 1572 1141 1635 invidum
1153 1570 1234 1655 (vide

57 1678 138 1741 Senot
158 1682 252 1761 Prop.
272 1690 321 1755 55.
337 1693 370 1761 p.
392 1680 453 1758 3.),
474 1696 579 1741 eteor
599 1681 722 1742 maxime
744 1681 815 1744 odio
836 1684 958 1760 habere,
979 1684 1029 1760 qui
1051 1685 1174 1745 maxime
1193 1685 1232 1746 ob

57 1792 176 1854 tinutes
207 1795 382 1868 laudantur;
412 1810 467 1853 nec
498 1792 583 1853 facile
616 1812 717 1855 eorum
747 1794 856 1856 Odium
886 1797 995 1857 Amore
1016 1811 1068 1858 aut
1088 1795 1233 1857 beneficio

57 1905 128 1965 vinei
148 1906 236 1985 (vide
254 1904 345 1966 Schol.
366 1906 456 1984 Prop.
477 1922 526 1984 4¹·
543 1918 575 1985 p.
596 1907 660 1985 3.);
681 1922 712 1967 et
733 1924 833 1968 eorum
854 1910 1059 1970 tantummodo
1081 1907 1233 1984 praesentia

58 2017 202 2093 delectari,
229 2016 283 2095 qui
312 2015 408 2077 animo
430 2016 495 2093 ejus
515 2016 675 2093 impotenti
696 2036 803 2080 rnorem
826 2036 948 2098 genunt,
969 2036 999 2081 et
1021 2038 1058 2080 ex
1078 2019 1167 2081 stulto
1188 2018 1232 2081 in·

57 2126 146 2192 sanum
165 2130 293 2192 iaciunt.

91 2244 229 2321 Abiectio
248 2241 382 2321 quamvis
399 2242 550 2319 Superbia
569 2242 602 2303 stt
620 2242 783 2319 contraria,
801 2243 841 2304 est
859 2260 955 2305 tamen
966 2244 1096 2322 abjedus
1109 2245 1233 2322 superbo

61 2356 213 2429 proximus.
254 2356 347 2429 Nam,
375 2355 616 2433 quandoquidem
643 2354 707 2431 ejus
733 2355 864 2417 Tristitia
894 2375 930 2417 ex
957 2376 995 2417 eo
1022 2356 1131 2434 oritur,
1153 2360 1235 2435 quod

61 2466 129 2528 luant
149 2467 357 2546 impotentiam
379 2486 416 2529 ex
436 2467 558 2530 aliorum
579 2467 716 2544 potentia
736 2468 787 2530 seu
808 2469 919 2532 virtute
937 2468 1069 2547 iudicat,
1088 2469 1235 2532 levabitur

60 2596 120 2657 ergo
147 2579 214 2657 ejus
242 2578 390 2654 Tristitia,
417 2579 475 2640 hoc
505 2580 546 2640 eil
572 2578 737 2656 laetabitur,
764 2580 784 2642 fi
806 2583 870 2659 ejus
892 2580 1061 2660 imaginatio
1083 2581 1112 2643 in
1133 2580 1235 2643 alienis

61 2689 133 2752 titiis
150 2692 387 2769 contemplandis
406 2708 582 2769 occupetur,
601 2695 677 2754 unde
694 2691 765 2755 illud
783 2693 971 2770 proverbium
989 2695 1236 2772 natumtsolamen

61 2805 166 2879 miseris
186 2805 282 2882 socios
308 2801 436 2882 babutffl
463 2805 620 2876 malorum
647 2819 678 2865 et
705 2818 808 2866 contra
830 2823 867 2866 eo
889 2805 978 2884 magis
1001 2803 1235 2880 contristabitur,

61 2929 114 2988 quo
134 2913 164 2975 se
184 2913 278 2994 magis
297 2914 372 2975 infra
393 2913 523 2990 reliquos
544 2914 598 2976 ed'e
619 2915 790 2991 crediderit3
819 2917 896 2977 unde
918 2917 968 2992 lit,
997 2931 1030 2976 ut
1051 2915 1124 2976 nulli
1146 2914 1235 2994 magis
1274 2997 1276 3002 Ι

62 3028 92 3085 ad
117 3025 263 3088 Invidiam
290 3025 345 3088 lint
374 3025 478 3103 proni,
500 3045 585 3103 quam
605 3025 741 3104 Annum
770 3041 800 3087 et
821 3042 855 3088 ut
875 3025 922 3087 isti
942 3025 1065 3088 maxime
1085 3025 1235 3087 hominum

62 3136 129 3198 iada
147 3137 305 3199 observare
333 3151 480 3200 conentur
499 3140 536 3199 ad
555 3140 733 3214 carpendum
754 3136 865 3216 magis,
885 3156 971 3214 quam
993 3139 1029 3198 ad
1050 3139 1149 3198 eadem
1171 3155 1235 3198 cor·

62 3247 219 3326 figendum,
236 3264 266 3310 et
285 3265 318 3310 ut
337 3251 454 3312 tandem
475 3249 562 3310 solam
581 3247 786 3326 Abjeetionem
804 3250 939 3324 laudent,
956 3266 1049 3326 eaque
1059 3248 1236 3328 glorientur;

63 3359 182 3438 sedita,
203 3378 238 3424 ut
258 3377 354 3423 tamen
377 3360 484 3438 abjeeti
504 3360 669 3423 videantur.
709 3362 811 3438 Atque
831 3361 893 3422 haec
915 3379 952 3422 ex
972 3360 1030 3422 hoc
1051 3360 1157 3422 affeetu
1177 3374 1237 3420 tam

64 3473 211 3536 recellario
233 3474 409 3551 sequuntur,
430 3491 516 3550 quatn
537 3491 574 3533 ex
595 3486 697 3534 natura
714 3471 865 3551 trianguli,
883 3473 965 3549 quod
982 3470 1046 3548 ejus
1063 3487 1122 3532 tres
1139 3469 1238 3548 anguli

65 3589 181 3661 equales
208 3585 265 3648 lint
293 3588 413 3648 duobus
439 3583 541 3659 rodim
570 3600 601 3645 et
618 3583 678 3662 jam
699 3585 779 3660 dixi,
799 3602 844 3644 me
865 3585 921 3645 hos
942 3599 972 3644 et
993 3582 1096 3644 similes
1117 3583 1238 3644 affedlus

63 3698 146 3758 malou
167 3715 295 3772 vocare,
316 3713 464 3775 quatenus
485 3698 522 3758 ad
542 3697 631 3758 solam
651 3697 806 3758 humanam
828 3695 985 3756 utilitatem
1006 3697 1139 3756 attendo.
1180 3693 1240 3755 Sed

64 3810 177 3872 Natutae
205 3812 285 3890 leger
316 3827 499 3872 communem
529 3810 650 3870 Natura
682 3807 830 3882 ordinem,
858 3807 942 3885 cujus
970 3806 1059 3868 homo
1088 3823 1153 3884 pars
1181 3807 1238 3884 est,

64 3921 234 3998 respiciun13
261 3924 342 4000 quod
370 3921 419 3983 hic
447 3921 476 3982 in
506 3920 627 3983 transrtu
647 3939 765 3983 monere
786 3919 887 3995 volui,
908 3937 943 3981 nc
965 3919 1031 3997 quis
1053 3935 1172 3998 putaret
1193 3937 1238 3981 me

65 4031 108 4093 lic
126 4033 278 4096 hominum
298 4031 372 4096 vitia
393 4048 424 4095 et
444 4033 567 4095 absurda
587 4035 660 4095 faeta
682 4050 811 4109 narrare,
839 4051 900 4094 non
921 4047 1017 4095 autem
1038 4049 1131 4094 rerum
1153 4047 1238 4094 natu-

65 4161 117 4205 ιιιιι
146 4162 178 4207 et
207 4145 404 4223 proprietates
435 4143 627 4206 demonstrare
654 4143 789 4206 voluill‘e.
829 4145 922 4220 Nam,
949 4160 984 4205 ut
1012 4143 1040 4204 in
1062 4143 1238 4206 praefatione

66 4255 152 4319 Partis
179 4257 271 4319 tertiae
300 4255 379 4332 dixi,
405 4255 548 4318 humanos
576 4257 696 4319 affeetut
722 4274 882 4334 eorumque
904 4255 1099 4334 proprietates
1119 4255 1239 4333 perinde

67 4367 229 4447 confidem,
261 4387 294 4430 ac
325 4367 436 4449 reliqua
466 4367 616 4431 naturalia.
656 4369 696 4430 Et
728 4367 795 4430 sane
826 4367 944 4431 humani
975 4368 1115 4444 affcdlus,
1137 4366 1156 4430 st
1178 4384 1238 4430 nou
