2934 4900
224 359 295 443 116·
644 349 824 419 Ethices
854 357 922 420 Pare
942 353 980 419 11.

518 448 526 492 r

221 529 339 591 habent.
380 529 477 614 Quare
498 529 518 590 st
539 529 667 607 ipsorum
688 533 821 593 Mentem
842 532 970 609 speclea,
999 551 1059 594 non
1081 545 1176 593 errant
1195 529 1280 607 fane3
1301 525 1411 594 viden·

222 659 270 705 tur
289 661 385 706 tamen
406 663 514 721 errare,
536 644 604 722 quia
624 644 704 721 ipsos
726 645 757 706 in
778 661 875 707 mente
896 661 1033 722 putamus
1053 647 1158 708 habere
1179 663 1333 720 numeros,
1353 641 1411 720 qui

222 757 252 817 in
280 758 378 820 charta
405 757 480 820 funt.
522 757 554 820 Si
579 759 637 819 hoc
666 777 726 820 non
757 759 845 836 esset,
865 757 938 820 nibil
958 759 1074 821 eosdem
1095 777 1185 820 errare
1207 759 1411 831 crederemus,

223 884 336 930 utnon
358 869 468 932 credidi
489 873 634 949 quendam
656 890 765 948 errare,
785 890 871 949 quem
893 890 985 948 nuper
1005 871 1107 934 audivi
1126 869 1412 946 clamantem,fuum

223 980 327 1044 atrium
349 982 456 1046 volasse
478 983 507 1045 in
528 984 661 1064 gallinam
684 983 792 1059 vicini,
820 983 889 1062 quia
910 983 1022 1046 scilicet
1042 983 1130 1061 ipsius
1151 1002 1232 1045 mens
1252 982 1322 1044 satis
1342 1000 1413 1058 per-

222 1093 318 1169 spella
346 1095 416 1156 mihi
444 1095 607 1159 videbatur.
649 1099 753 1176 Atque
773 1098 842 1159 hinc
863 1100 1009 1175 pleraeque
1030 1097 1165 1160 oriuntur
1185 1096 1414 1170 controverfiae,

223 1224 326 1282 nempe
358 1207 426 1284 quia
457 1209 591 1271 homines
621 1225 746 1272 mentem
779 1209 857 1272 suam
890 1229 950 1273 non
981 1214 1057 1274 refte
1084 1189 1249 1288 explicam,
1270 1210 1318 1272 vel
1339 1209 1414 1284 quia

224 1319 342 1380 alterius
363 1336 488 1383 mentem
509 1324 582 1383 male
602 1323 842 1399 interpretantur.
882 1325 958 1385 Nam
978 1342 1096 1400 revera,
1126 1326 1194 1385 dum
1212 1321 1264 1382 libi
1284 1319 1414 1382 maxime

223 1433 445 1510 contradicunt,
473 1436 521 1497 vel
548 1437 648 1497 eadem
674 1438 722 1498 vel
750 1433 863 1500 diversa
891 1436 1040 1516 cogitant,
1067 1437 1108 1497 ita
1129 1453 1180 1515 ut,
1201 1454 1277 1513 quos
1296 1436 1328 1496 in
1349 1436 1413 1496 alio

224 1553 334 1606 errores
355 1553 385 1607 et
407 1543 529 1609 absurda
552 1543 607 1609 else
630 1565 757 1624 putant,
777 1567 837 1611 non
857 1546 923 1610 sint.
1172 1545 1176 1550 ’

564 1709 891 1770 PROPOSITIO
931 1708 1070 1770 XLVlll.

264 1811 301 1880 In
322 1813 423 1880 Mente
443 1820 523 1880 nulla
543 1821 581 1898 est
600 1819 733 1896 absoluta
748 1820 810 1900 five
830 1821 924 1881 libera
943 1822 1098 1892 voluntas,·
1119 1820 1176 1897 scd
1196 1817 1282 1880 Mens
1300 1817 1417 1879 adhoc

226 1936 274 1992 nel
291 1934 367 1992 illud
384 1935 531 1994 volendum
551 1931 763 1995 determinatur
781 1953 803 1994 a
823 1935 928 2011 causa,
950 1950 1013 2011 que
1033 1936 1120 1992 etiam
1140 1932 1179 1991 ab
1198 1933 1260 1991 alia
1279 1932 1416 1990 determi—

225 2057 298 2104 nata
317 2043 373 2122 est,
393 2057 420 2104 et
441 2042 501 2105 lrctc
520 2047 626 2106 iterum
646 2046 684 2106 ab
704 2046 781 2121 alia,
801 2058 829 2105 et
845 2044 886 2124 fic
905 2048 937 2104 t'n
955 2043 1108 2123 infinitum.

626 2205 1020 2252 nemonssnasro

266 2293 353 2360 Mens
382 2307 478 2360 certus
507 2313 537 2360 et
565 2301 774 2364 determinatus
803 2304 907 2363 modus
928 2294 1078 2379 cogitandi
1100 2294 1140 2359 est
1162 2298 1233 2378 (per
1253 2296 1343 2376 Prop.
1368 2311 1415 2356 rr.

226 2408 345 2490 irrasus),
372 2413 505 2489 adeoque
535 2411 606 2491 (per
635 2412 737 2473 Coroll.
765 2426 793 2474 2.
821 2412 911 2493 Prop.
935 2427 981 2487 17.
997 2423 1029 2491 p.
1054 2411 1094 2491 1.)
1123 2408 1237 2471 suarum
1264 2407 1415 2470 allionum

226 2539 287 2583 non
314 2522 412 2598 potest
439 2521 494 2583 esse
522 2522 605 2585 causa
633 2522 739 2599 libera,
767 2521 825 2587 srve
853 2522 1014 2585 absolutam
1043 2523 1211 2583 facultatem
1238 2519 1360 2583 uolendi
1383 2536 1413 2579 et

228 2634 346 2695 nolendi
367 2634 471 2695 habere
493 2654 554 2696 non
571 2635 687 2725 potest3
709 2635 759 2698 sed
781 2639 817 2698 ad
837 2637 894 2697 hoc
917 2638 964 2699 vel
982 2636 1053 2698 illud
1073 2636 1231 2697 volendum
1242 2632 1417 2712 (perProp.

227 2749 275 2808 28.
293 2761 325 2827 p.
349 2747 389 2826 1.)
422 2747 605 2809 determinari
626 2751 712 2810 debet
735 2768 751 2811 a
773 2748 875 2824 causa,
895 2768 961 2825 quae
982 2748 1068 2808 etiam
1089 2750 1126 2807 ab
1148 2746 1202 2807 alia
1223 2744 1417 2807 determinata

227 2859 284 2936 est,
305 2874 335 2919 et
356 2859 418 2921 haec
440 2858 543 2922 iterum
564 2863 601 2921 ab
622 2860 694 2937 alia,
715 2876 774 2922 etc.
817 2862 851 2938 Q.
873 2862 910 2921 E.
931 2861 972 2922 D.

691 3029 772 3073 sen
785 3030 804 3071 ο
817 3029 837 3071 ι
850 3028 861 3071 1
874 3028 947 3071 ura.

268 3120 381 3183 Eodem
407 3122 465 3183 hoc
493 3124 582 3185 modo
611 3122 839 3197 demonstratur,
859 3120 889 3181 in
910 3121 1014 3181 Mente
1036 3120 1142 3181 nullam
1163 3117 1224 3179 dari
1245 3116 1417 3177 facultatem

228 3233 389 3295 absolutam
416 3234 614 3314 intelligendi,
642 3234 800 3311 cupiendi,
828 3232 961 3307 amandi,
987 3248 1045 3293 etc.
1085 3233 1176 3293 Unde
1196 3228 1343 3306 sequitur,
1363 3227 1417 3289 bas

229 3360 259 3405 et
280 3344 384 3407 slmiles
404 3346 559 3408 facultates
579 3348 628 3410 vel
648 3345 766 3424 prorsus
787 3343 919 3420 delitias,
951 3346 1000 3407 vel
1027 3341 1099 3403 nihil
1125 3339 1183 3401 esse
1210 3354 1314 3416 prater
1335 3338 1416 3399 entia

228 3455 446 3535 Metaphysrca,
466 3456 525 3519 frve
546 3457 735 3534 universalia,
756 3476 821 3534 quae
844 3474 881 3517 ex
899 3453 1123 3532 particularibus
1141 3454 1262 3513 formare
1280 3450 1418 3511 solemus.

229 3569 315 3629 Adeo
337 3584 371 3629 ut
392 3568 556 3631 intelledlus
577 3585 607 3631 et
628 3571 769 3632 voluntas
790 3572 827 3631 ad
847 3570 921 3629 hanc
943 3584 973 3629 et
994 3568 1071 3628 illam
1092 3563 1202 3638 ideam,
1220 3565 1269 3626 vel
1285 3566 1322 3623 ad
1340 3562 1416 3623 hanc

230 3696 259 3741 er
279 3680 355 3741 illam
377 3680 552 3743 volitionem
572 3685 675 3744 eodem
696 3685 786 3744 modo
808 3680 867 3742 sese
891 3681 1033 3749 habeant,
1051 3698 1084 3740 ac
1105 3675 1259 3753 lapideitas
1279 3678 1315 3735 ad
1336 3674 1416 3735 hunc

229 3808 259 3852 et
280 3792 358 3853 illum
378 3792 521 3871 lapidem,
542 3797 589 3857 vel
610 3810 643 3857 ut
665 3795 755 3856 homo
777 3798 813 3857 ad
834 3796 951 3856 Petrum
972 3810 1003 3854 et
1025 3793 1153 3853 Paulum.
1175 3789 1297 3851 Causam
1307 3804 1417 3862 autem,

230 3920 281 3964 cur
300 3903 434 3966 homines
455 3904 483 3966 se
505 3906 614 3969 liberos
634 3905 689 3967 effe
711 3922 839 3984 putent,
860 3906 1054 3983 explicuimus
1074 3904 1104 3965 in
1125 3900 1302 3979 Appendice
1323 3900 1417 3961 Partis

230 4014 337 4091 primae.
378 4019 487 4080 Verum
515 4035 670 4097 antequam
691 4018 814 4081 ulterius
835 4037 971 4098 pergam,
998 4016 1081 4081 venit
1101 4017 1149 4077 bic
1169 4016 1349 4089 notandum,
1369 4031 1416 4073 me

230 4144 281 4203 per
301 4130 485 4191 voluntatem
507 4130 664 4194 affirmandi
686 4147 716 4192 et
737 4131 862 4210 negandi
884 4131 1072 4206 facultatem,
1100 4146 1160 4189 non
1181 4144 1278 4188 autem
1298 4124 1414 4200 cupidi-

229 4254 319 4301 tatem
351 4240 527 4321 intclligere;
558 4245 744 4318 facultatem,
774 4242 909 4319 inquam,
940 4241 1091 4319 intelligo,
1122 4258 1178 4315 qua
1209 4237 1313 4314 Mens,
1341 4236 1413 4313 quid

231 4370 331 4414 verum
352 4354 462 4430 quidve
483 4354 584 4417 salsum
607 4354 656 4430 stt,
676 4355 797 4416 affirmat
819 4356 866 4417 vel
885 4370 987 4433 negat,
1005 4370 1035 4415 et
1056 4371 1116 4414 non
1136 4350 1342 4427 cupiditatem,
1354 4367 1412 4425 qua
