2934 4900
357 362 413 422 De
453 360 683 421 Libertate
724 364 917 423 Humana.
1175 375 1237 435 277

45 534 184 595 rationem
207 534 365 596 habuimus
386 534 499 596 Mentis
520 534 694 599 aeternitatis
702 580 711 611 ,
732 554 818 613 quam
847 538 962 597 demum
990 536 1019 596 in
1046 536 1102 596 lrac
1133 534 1237 612 quinta

48 624 127 709 Parte
148 648 301 712 novimus.
322 647 464 729 Quamvis
484 647 574 728 igitur
594 664 655 709 turn
676 647 817 725 temporis
837 647 1085 728 ignoraverimus,
1104 650 1236 709 Mentem

49 760 100 820 else
130 776 289 836 eternam,
321 761 369 821 illa
397 776 510 835 tamen,
537 778 603 837 quae
632 762 668 821 ad
695 759 918 821 Animosrtatem
947 776 977 820 et
1005 758 1237 821 Genetosrtatem

49 874 140 935 restrri
162 872 363 949 ostendimus,
384 871 474 949 prima
491 871 660 948 habuimus;
680 888 769 950 atque
788 874 882 947 adeo,
899 871 1035 950 quamvis
1053 872 1140 932 etiam
1159 890 1236 932 nrtnc

49 988 102 1047 hoc
132 987 230 1063 ipsum
262 986 481 1066 ignoraremus,
516 988 617 1047 eadem
649 1000 745 1049 tamen
776 985 916 1048 Rationis
947 986 1113 1063 ptaescripta
1146 985 1236 1063 prima

49 1100 229 1161 haberemus.
273 1100 306 1177 Q.
330 1100 366 1159 Ε.
388 1100 427 1161 D.

514 1225 528 1267 s
541 1225 559 1267 c
573 1226 594 1268 rr
608 1226 627 1267 o
640 1226 660 1267 L
672 1226 684 1269 1
697 1226 719 1268 u
733 1226 770 1267 nr.

86 1319 262 1380 Communis
283 1318 362 1397 vulgi
384 1317 527 1394 persuasio
550 1317 605 1379 alia
627 1317 829 1381 videturesse.
850 1321 926 1379 Nan'r
948 1318 1080 1395 plerique
1098 1317 1237 1380 videntur

53 1436 181 1508 credere,
212 1432 240 1492 se
272 1446 394 1492 eatenus
423 1431 531 1492 liberos
563 1430 635 1505 elle,
668 1446 813 1509 qtratenus
842 1430 957 1492 libidini
978 1448 1078 1507 parere
1098 1430 1184 1504 licet,
1206 1444 1237 1489 et

53 1560 169 1606 eatenus
193 1546 229 1605 de
250 1543 302 1605 suo
320 1542 385 1620 jure
406 1546 524 1617 cedere,
544 1559 690 1619 quatenus
702 1562 739 1603 ex
750 1543 823 1621 legis
834 1542 943 1605 diuinae
955 1537 1124 1617 prescripto
1136 1539 1236 1603 vivere

53 1664 196 1718 tenentur.
238 1656 379 1717 Pietatem
402 1654 489 1734 igitur
516 1670 546 1715 et
575 1654 761 1734 Religionem
781 1657 809 1733 *,
829 1672 859 1716 et
880 1655 1014 1715 absolute
1037 1652 1148 1728 omnia,
1169 1670 1235 1727 quae

53 1772 84 1829 ad
114 1767 204 1829 animi
236 1766 448 1829 Fortitudinem
480 1768 661 1842 referuntur,
692 1784 781 1827 onera
814 1765 870 1827 eise
903 1767 1043 1840 credunt,
1074 1783 1139 1840 quae
1170 1762 1237 1839 post

54 1898 170 1941 nouem
194 1882 354 1956 deponere,
376 1894 405 1939 et
427 1878 553 1954 pretium
575 1877 741 1952 servitutis,
761 1896 864 1954 nempe
883 1876 1005 1937 Pietatis
1016 1892 1046 1936 et
1058 1874 1237 1953 Religionis,

54 1992 181 2068 accipere
210 1990 340 2067 sperant;
369 2010 422 2051 nec
450 1991 504 2051 irac
532 1992 589 2066 Spe
618 1989 695 2065 sola,
723 1990 773 2051 sed
801 1988 888 2050 etiam
909 2004 940 2049 et
960 1987 1107 2063 precipue
1131 1988 1237 2060 Metu,

54 2122 85 2161 ne
106 2104 178 2165 diris
200 2102 308 2163 scilicet
330 2100 478 2179 suppliciis
501 2102 566 2179 post
587 2118 709 2163 mortem
732 2101 906 2178 puniantur,
926 2098 1122 2173 inducuntur,
1144 2112 1177 2159 ut
1198 2116 1235 2157 en

54 2214 119 2293 legis
152 2212 260 2275 divinae
293 2213 476 2289 praescripto,
507 2230 648 2290 quaruum
681 2232 781 2275 eorum
809 2215 865 2273 sert
887 2210 1016 2273 tenuitas
1037 2226 1068 2271 et
1088 2207 1236 2287 impotens

55 2328 178 2403 animus,
210 2326 322 2389 vivant.
353 2328 394 2387 Et
424 2326 474 2387 nisr
501 2328 563 2387 lraec
584 2326 657 2402 Spes
679 2342 709 2387 et
730 2328 831 2387 Metus
853 2323 1023 2385 hominibus
1043 2321 1183 2396 inessent,
1205 2338 1236 2382 at

54 2457 150 2501 contra
163 2438 182 2500 sr
194 2441 362 2514 crederent,
382 2440 500 2499 Mentes
521 2458 587 2499 cum
609 2438 742 2514 Corpore
764 2436 896 2514 interire,
916 2455 969 2497 nec
988 2435 1090 2497 restare
1109 2432 1235 2510 miseris,

54 2553 170 2614 Pietatis
191 2571 279 2614 onere
300 2551 458 2626 consessit,
481 2550 579 2613 vivere
601 2549 736 2629 longius;
757 2551 793 2610 ad
815 2548 963 2628 ingenium
983 2546 1127 2621 redirent,
1148 2562 1178 2606 et
1198 2565 1235 2605 er

53 2665 169 2725 libidine
190 2663 286 2724 omnia
307 2661 465 2737 moderati,
487 2677 518 2722 et
539 2663 664 2722 fortunae
686 2661 897 2740 potiusquam
919 2660 970 2720 srbi
993 2677 1091 2736 parere
1113 2657 1234 2719 vellent.

55 2777 122 2856 (Quae
154 2775 223 2835 milri
256 2793 314 2835 non
347 2773 441 2834 minus
473 2773 594 2834 absurda
628 2772 783 2848 videntur,
815 2791 901 2849 quam
924 2771 943 2832 sr
965 2771 1048 2846 cluis,
1078 2785 1236 2846 propterea

55 2889 130 2962 quaid
151 2905 211 2948 non
235 2886 340 2960 credit,
353 2884 381 2945 se
400 2885 481 2961 posse
499 2885 586 2946 bonis
604 2885 748 2946 alimentis
766 2885 884 2961 Corpus
902 2885 932 2946 in
950 2901 1090 2946 aternum
1108 2860 1236 2958 nutrire,

56 2997 170 3058 venenis
201 2995 303 3072 potius
334 3011 363 3057 ct
396 2997 538 3058 letbiseris
570 2998 597 3058 sc
628 2997 794 3058 exsaturare
825 2999 931 3073 veilet;
949 2999 1028 3072 -vel,
1055 2996 1124 3073 quia
1152 2995 1235 3056 videt

56 3111 179 3170 blentem
213 3128 272 3170 non
303 3107 359 3168 else
382 3126 517 3170 eternam
540 3109 590 3170 seu
612 3109 819 3185 immortalem,
839 3110 908 3170 ideo
929 3127 1027 3169 amens
1048 3108 1159 3170 mavult
1180 3107 1235 3168 esse

56 3237 81 3278 et
110 3220 166 3282 stne
198 3220 329 3282 Ratione
361 3220 479 3283 vivere:
512 3239 577 3297 quae
609 3223 683 3282 adeo
710 3221 832 3282 absurda
858 3219 942 3297 sunt,
969 3236 1002 3280 ut
1024 3219 1074 3281 vix
1095 3216 1236 3279 recenseri

56 3350 222 3394 mereantur.

412 3456 740 3518 PROPOSlTlO
780 3457 873 3517 XLll.

94 3569 243 3630 beatitudo
274 3589 328 3628 uon
358 3570 396 3646 est
425 3573 550 3628 virtutis
577 3572 746 3646 premium,
767 3571 825 3647 sed
849 3570 915 3646 ipsa
936 3572 1053 3640 virtus,
1074 3587 1123 3626 nec
1142 3570 1236 3626 eadem

57 3683 220 3756 gaudemus,
241 3686 311 3758 quia
329 3681 462 3740 iibidiues
480 3685 648 3755 coc'rcemus,
660 3682 850 3759 sericeum,
868 3685 938 3757 quin
954 3682 1049 3740 eudem
1063 3682 1237 3756 gaudemus,

59 3795 109 3852 iden
129 3795 265 3854 libidines
286 3798 411 3854 cue'rcere
427 3795 576 3873 poffumus.

453 3955 846 3999 nuuonsrnnnro

94 4047 249 4110 beatitudo
276 4047 305 4108 in
328 4049 437 4108 Amore
458 4066 523 4127 erga
545 4051 640 4110 Deum
662 4048 792 4110 consistit
814 4051 886 4128 (per
906 4051 995 4128 Prop.
1016 4053 1063 4126 3⁶·
1084 4048 1187 4125 luijus,
1207 4062 1236 4107 et

23 4207 25 4214 ,
63 4158 112 4229 ejus
140 4159 263 4237 Seios),
294 4159 345 4236 qui
378 4159 495 4236 quidem
527 4157 618 4222 Amor
645 4179 682 4222 ex
704 4159 794 4222 tertio
816 4160 998 4239 cognitionis
1017 4177 1122 4239 genere
1142 4160 1237 4220 oritur

91 4365 102 4389 '
135 4361 290 4430 Corrigenda
307 4361 354 4412 Ed.
371 4363 411 4412 Pr.
434 4389 461 4400 -
477 4360 604 4425 scriptum
622 4373 691 4412 erat:
712 4361 802 4413 Pictas
820 4361 918 4428 igitur,
937 4370 963 4411 et
980 4361 1094 4427 Religio.
