2934 4900
219 332 280 411 480
697 319 937 393 'sraetttue

220 523 272 583 per
300 506 467 567 miraculum
499 505 529 567 in
561 494 648 567 sacris
683 506 793 568 litteris
831 506 903 567 nihil
932 506 1011 568 aliud
1038 505 1118 583 posse
1146 505 1288 584 intelligi,
1323 522 1407 582 quam

220 636 297 694 opus
327 619 465 693 Naturae,
496 617 541 679 uti
571 616 715 694 diximus,
747 620 830 695 quod
861 634 980 695 captum
1012 618 1169 680 humanum
1199 618 1338 694 superat,
1359 636 1409 677 auc

219 729 353 807 superare
373 730 510 791 creditur.

259 843 322 923 Jam
343 857 500 920 antequam
518 846 554 904 ad
571 844 623 904 Ill.
641 862 776 923 pergam,
793 844 867 905 libet
885 844 966 922 prius
984 842 1059 905 hanc
1078 844 1203 905 nostram
1221 842 1411 918 sententiam,

219 962 324 1033 nempe
352 957 434 1033 quod
462 974 500 1016 ex
522 956 668 1017 miraculis
689 958 785 1018 Deum
806 975 866 1017 non
889 956 1037 1033 possumus
1060 955 1254 1035 cognoscere,
1276 956 1412 1017 authori·

219 1074 281 1129 late
308 1068 464 1145 Scriptura
492 1070 678 1144 confirmare;
708 1084 739 1130 et
767 1068 902 1146 quamvis
934 1068 1083 1144 Scriptura
1103 1068 1162 1129 hoc
1183 1068 1286 1129 nullibi
1309 1084 1412 1144 aperte

221 1183 344 1255 doceat,
365 1180 449 1241 facile
471 1195 568 1243 tamen
589 1200 627 1242 ex
648 1180 710 1257 ipsa
730 1181 828 1257 potest
850 1180 1010 1256 concludi,
1031 1180 1170 1257 imprimis
1191 1199 1228 1241 ex
1250 1198 1305 1255 eo,
1327 1182 1413 1257 quod

220 1290 322 1354 Moses
343 1292 448 1369 (Deut.
470 1312 534 1369 cap.
549 1294 609 1372 13.)
631 1292 782 1370 praecipit,
804 1307 837 1353 ut
859 1292 1036 1369 Prophetam
1057 1290 1253 1365 seduliorem,
1273 1294 1413 1368 quamvis

220 1404 310 1465 faciat
340 1404 493 1479 miracula,
524 1406 626 1465 mortis
659 1419 756 1466 tamen
788 1407 942 1465 damnent:
971 1402 1009 1463 src
1038 1402 1194 1480 enimait,
1225 1419 1316 1477 notan
1347 1420 1411 1477 eam

220 1519 255 1577 m
284 1519 328 1579 nt
356 1519 447 1578 utnn
476 1519 576 1578 eumn
604 1520 682 1579 ’παπ
704 1495 749 1579 iae
770 1521 871 1584 noun
892 1494 936 1578 ui
957 1521 966 1580 a
990 1494 1071 1603 piu
1092 1520 1156 1578 mn
1180 1520 1258 1580 nou
1277 1520 1412 1579 nonunt

223 1637 266 1695 nt
287 1636 363 1695 non
384 1635 476 1695 utnn
497 1635 612 1695 urunt
636 1636 682 1695 ut
704 1636 801 1695 nunu
822 1609 955 1695 narnis
976 1636 1054 1694 ronr
1088 1638 1178 1694 noso
1215 1634 1244 1681 et
1273 1622 1413 1699 quamvis

220 1740 374 1813 contigerit
397 1736 511 1815 ssgnum
530 1750 559 1797 et
574 1748 756 1816 portentum,
777 1738 854 1813 quod
882 1737 937 1797 tibi
952 1738 1114 1816 predixit,
1135 1750 1205 1811 eto,
1225 1737 1283 1797 noli
1310 1752 1412 1797 tamen

220 1852 355 1930 offentire
385 1849 485 1910 uerbis
514 1849 575 1925 ejus
607 1848 777 1929 Propheta,
797 1862 867 1924 eto,
896 1854 966 1927 quia
986 1851 1126 1912 Dominus
1145 1850 1237 1929 uester
1257 1850 1338 1911 Deus
1359 1868 1414 1909 uos

220 1976 331 2038 tentat,
356 1975 408 2022 etc.
435 1960 585 2041 Propheta
611 1960 701 2040 igitur
726 1962 776 2021 ille
804 1966 905 2021 mortis
933 1962 1106 2038 damnetur,
1131 1976 1182 2023 etc.
1222 1962 1269 2021 Ex
1299 1960 1414 2037 quibus

221 2075 296 2136 clare
316 2072 457 2151 sequitur,
477 2073 641 2134 miraculae
653 2072 729 2134 salsis
747 2073 835 2133 etiam
853 2074 1009 2149 Prophetis
1029 2071 1109 2151 posse
1127 2072 1189 2133 sieri
1195 2116 1205 2149 ,
1221 2088 1251 2133 et
1261 2070 1413 2147 homines,
1453 2152 1454 2161 ἵ

222 2183 273 2247 nisr
303 2185 361 2247 Dei
391 2202 461 2247 vera
492 2184 665 2264 cognitione
696 2200 726 2246 et
758 2204 856 2247 amore
886 2189 978 2262 probe
1000 2185 1055 2246 sint
1077 2185 1198 2262 muniti,
1219 2202 1302 2261 aque
1323 2184 1413 2245 sucile

222 2314 260 2357 ex
290 2295 434 2357 miraculis
466 2295 553 2357 salsos
584 2298 667 2358 Deos
699 2316 733 2357 ac
765 2297 875 2358 Verum
908 2295 989 2372 posse
1022 2296 1165 2375 ampleiii.
1206 2298 1281 2357 Nam
1310 2296 1414 2372 addit,

224 2424 267 2484 ut
296 2424 392 2484 monn
419 2400 550 2483 omnin
577 2423 656 2483 ntro
685 2426 776 2484 nmio
796 2425 831 2484 ³2
863 2412 996 2488 quonian
1015 2408 1126 2479 Jenooa
1148 2409 1239 2488 vester
1258 2408 1338 2469 Deus
1360 2427 1414 2468 ons

221 2537 329 2601 tentae,
349 2539 383 2586 ut
395 2528 491 2603 sciat,
512 2545 578 2585 num
599 2544 660 2586 eum
677 2530 785 2587 umoris
805 2530 919 2602 integro
940 2527 1023 2586 corde
1041 2526 1133 2604 uestro
1150 2539 1179 2585 et
1196 2529 1289 2585 ammo
1306 2527 1413 2604 upsro.

221 2637 336 2698 Deinde
364 2636 500 2698 israelitae
528 2655 565 2699 ex
594 2653 643 2699 tot
664 2636 810 2700 miraculis
831 2639 941 2700 nullum
963 2641 998 2700 de
1021 2639 1088 2700 Deo
1110 2636 1210 2699 sanum
1231 2653 1412 2713 conceptum
1453 2694 1454 2718 ,

222 2751 346 2810 formare
376 2765 556 2826 potuerunt,
588 2740 671 2828 quod
702 2750 765 2827 ipsa
797 2751 978 2827 experientia
1008 2752 1112 2813 testata
1139 2752 1189 2812 est.
1230 2753 1323 2825 Nam,
1343 2769 1413 2811 cum

221 2860 274 2922 sibi
294 2861 516 2939 persuaderent,
537 2861 644 2923 Mosen
667 2862 762 2924 abiis
784 2861 882 2922 abiisse
893 2908 903 2939 ,
925 2861 1044 2924 numina
1066 2861 1189 2926 visibilia
1211 2863 1248 2920 ab
1269 2862 1414 2922 Aharone
1453 2933 1454 2950 ,

221 2973 391 3050 petiemnt,
422 2987 453 3034 et
484 2974 616 3050 vitulus,
647 2975 723 3050 proh
749 2977 861 3051 pudor!
894 2993 995 3036 corum
1027 2974 1083 3034 Dei
1117 2973 1174 3036 fuit
1206 2974 1290 3050 idea,
1322 2993 1413 3050 quam
1453 2973 1454 2984 ³

220 3087 339 3146 tandem
367 3103 405 3144 ex
431 3099 480 3144 tot
508 3084 653 3147 miraculis
675 3087 885 3149 formaverunt.
926 3086 1027 3163 Asaph
1049 3086 1183 3164 quamvis
1204 3101 1251 3149 tot
1273 3087 1413 3149 miracula

222 3193 395 3271 audivisset,
423 3197 459 3256 de
487 3195 544 3257 Dei
574 3197 762 3272 providentia
792 3213 888 3260 tamen
912 3197 1080 3273 dubitavit,
1100 3213 1130 3258 ct
1153 3200 1213 3259 fere
1234 3218 1249 3259 a
1272 3217 1339 3261 vera
1363 3200 1411 3261 vin

222 3305 384 3369 deflexisset
391 3352 401 3384 ,
429 3307 480 3368 nist
510 3311 627 3370 tandem
656 3328 754 3372 veram
781 3309 995 3371 beatitudinem
1025 3308 1210 3372 intellexisset
1233 3310 1316 3388 (vide
1337 3311 1411 3370 Psal.

222 3420 296 3499 pp).
316 3421 456 3482 Salomon
478 3421 583 3498 etiam,
604 3421 689 3498 cujus
711 3438 844 3500 tempore
866 3441 911 3484 res
932 3424 1102 3504 Judaeorum
1123 3423 1153 3484 in
1177 3422 1287 3483 summo
1305 3422 1409 3501 vigore

222 3545 322 3608 etant,
342 3530 505 3608 suspicatur
526 3533 622 3595 omnia
645 3535 713 3595 casu
736 3534 925 3612 contingere3
947 3534 1016 3598 vide
1037 3535 1117 3594 Eccl.
1140 3553 1205 3610 cap.
1226 3552 1254 3611 3.
1276 3535 1350 3596 vers.
1365 3552 1411 3611 19,

222 3662 272 3721 20,
292 3660 341 3706 21.
362 3660 393 3706 et
414 3663 478 3722 cap.
499 3663 528 3723 9.
549 3645 623 3709 vers.
644 3665 681 3722 2,
703 3665 745 3724 3.,
765 3661 823 3708 etc.
854 3646 991 3723 Denique
1014 3646 1153 3706 omnibus
1173 3647 1232 3707 fere
1254 3645 1412 3722 Prophetis

222 3761 280 3821 hoc
307 3760 400 3837 ipsum
428 3761 513 3823 valde
542 3761 698 3824 obscurum
727 3761 803 3836 suit,
831 3780 935 3837 nempe
965 3762 1118 3838 quomodo
1140 3761 1214 3821 ordo
1235 3761 1357 3821 Naturae
1380 3776 1410 3821 et

222 3871 373 3933 hominum
395 3889 522 3935 eventus
544 3891 609 3934 cum
631 3887 781 3950 conceptu
787 3891 895 3950 ,quem
918 3875 954 3933 de
976 3871 1165 3948 providentia
1185 3871 1242 3932 Dei
1264 3872 1410 3934 fonnave·

223 3999 306 4060 rant,
327 3982 442 4060 pollent
463 3984 641 4061 convenire3
663 3988 746 4062 quod
768 4001 864 4046 tamen
886 3983 1092 4060 philosophis,
1114 3983 1164 4060 qui
1186 4001 1246 4044 non
1268 4001 1305 4043 cx
1326 3983 1411 4044 urica·

224 4091 316 4169 culis,
335 4092 385 4155 sed
406 4113 444 4156 ex
464 4095 549 4156 claris
572 4097 769 4173 conceptibus
789 4115 836 4157 res
857 4111 1001 4158 conantur
1029 4096 1208 4176 intelligere,
1229 4095 1340 4173 semper
1360 4101 1410 4158 ad·

224 4207 343 4266 modum
365 4207 471 4266 clarum
492 4207 566 4283 fuit;
587 4209 624 4269 iis
645 4209 793 4285 nimirum,
814 4209 866 4286 qui
887 4227 983 4271 veram
1006 4209 1175 4270 felicitatem
1186 4209 1216 4270 in
1229 4208 1288 4269 sola
1300 4209 1409 4272 virtute

224 4330 255 4376 et
284 4316 496 4394 tranquillitate
525 4318 613 4379 animi
641 4320 841 4400 constituunt,
870 4339 924 4382 nec
946 4321 1078 4398 student,
1099 4336 1132 4380 ut
1153 4322 1266 4386 Natura
1288 4320 1340 4398 iis,
1362 4321 1408 4382 sed
