2934 4900
197 291 201 300 Ι
314 315 805 410 Theologico·Politici
840 318 915 410 Cap.
936 333 1016 394 lilll.
1196 340 1253 411 531

67 501 184 581 Judaeis
214 502 464 581 predicaverunt,
501 506 638 583 Apostoli
669 522 765 568 autem
797 507 957 570 doenum
986 507 1192 588 Euangelicam
1223 509 1254 571 in

9 631 10 668 ;
66 613 226 692 Eccleliis,
256 617 308 677 ubi
339 617 501 679 communis
531 619 658 680 omnium
681 634 742 680 erat
763 635 950 697 conventus,
971 624 1078 683 docere
1098 620 1252 682 solebant:

67 745 110 788 ex
143 728 251 806 quibus
282 729 418 792 omnibus
456 730 603 808 sequitur,
641 731 796 807 Scriptura
836 732 997 794 osannam
1027 751 1089 794 non
1120 733 1256 794 sublimes

66 840 290 916 speculationes
328 860 422 920 neque
453 861 498 904 rea
530 842 747 920 philosophicas
778 844 950 922 continere,
987 846 1037 908 sed
1065 863 1112 908 ret
1141 860 1256 908 tantum

66 951 300 1029 simplicissimas,
320 971 386 1029 quae
407 954 455 1015 vel
476 973 492 1014 a
513 953 622 1030 quouis
642 955 796 1018 tardissimo
818 955 935 1032 possunt
955 958 1077 1033 percipi.
1097 958 1168 1018 Non
1186 956 1256 1018 satis

67 1063 174 1140 itaque
195 1064 288 1126 muari
315 1065 428 1142 possum
449 1083 566 1142 eorum,
587 1068 623 1128 de
651 1066 760 1143 quibus
781 1067 866 1144 supra
887 1069 1007 1130 locutus
1026 1069 1103 1148 sum,
1122 1069 1255 1149 ingenia,

67 1175 123 1252 qui
154 1174 263 1237 scilicet
293 1191 352 1238 tam
383 1179 529 1254 profunda
561 1178 591 1238 in
622 1179 770 1255 Scriptura
801 1180 906 1244 vident
937 1181 1088 1258 mysteria,
1114 1198 1148 1244 ut
1176 1183 1254 1242 nulla

66 1287 195 1350 humana
215 1288 312 1368 lingua
333 1289 438 1366 possint
459 1289 613 1366 explicari3
636 1305 666 1350 et
686 1289 739 1366 qui
759 1290 866 1353 deinde
886 1290 918 1352 in
939 1291 1123 1371 Religionem
1144 1307 1193 1352 tot
1207 1310 1258 1353 res.

66 1400 280 1478 philosophice
308 1400 516 1478 speculationis
543 1401 790 1480 introduxerunt,
818 1416 853 1462 ut
879 1401 1008 1462 Ecclesia
1026 1401 1201 1478 Academia,
1222 1416 1253 1462 et

67 1513 189 1592 Religio
210 1512 346 1590 scientia,
367 1516 415 1576 vel
436 1513 538 1590 potius
567 1513 719 1575 altercatio
749 1513 893 1577 videatur.
926 1514 1035 1574 Verum
1057 1513 1129 1591 quid
1148 1513 1253 1590 miror,

65 1624 262 1702 libertines,
291 1625 343 1703 qui
369 1627 466 1687 lumen
494 1623 578 1700 supra
606 1627 738 1686 naturale
765 1625 872 1686 habere
897 1624 1026 1702 jaSant,
1053 1621 1252 1702 philosophis,

66 1736 122 1812 qui
142 1735 214 1796 nihil
241 1751 346 1812 praeter
373 1737 503 1798 naturale
530 1737 657 1812 habent,
678 1736 776 1799 nolint
795 1736 968 1816 cognitione
988 1737 1100 1798 cedere.
1130 1737 1164 1797 ld
1184 1736 1251 1799 sane

66 1846 201 1922 mirarer,
227 1845 248 1906 sr
274 1847 345 1924 quid
374 1847 459 1923 novi,
484 1839 566 1925 q'uod
587 1846 677 1909 solius
698 1846 769 1909 esset
794 1847 1021 1924 speculationis,
1042 1845 1199 1923 docerent,
1220 1861 1251 1908 et

65 1957 150 2033 quod
181 1957 250 2018 olim
280 1961 359 2034 apud
391 1957 524 2019 Gentiles
555 1957 753 2035 Philosophus
773 1977 835 2020 non
855 1957 946 2020 suerit
966 1957 1137 2021 tritissimum
1158 1958 1251 2036 (quot

63 2083 164 2130 tamen
183 2068 340 2132 coecutiisie
362 2069 476 2148 ajunt);
496 2088 561 2130 nam
582 2068 604 2129 st
624 2068 769 2147 inquiras,
790 2088 924 2147 quaenam
952 2069 1085 2148 mysteria
1112 2069 1144 2130 in
1172 2068 1249 2130 Scriss

64 2195 153 2255 ptura
172 2181 262 2242 latere
282 2181 402 2256 vident,
435 2179 508 2240 nihil
539 2181 673 2256 profesio
701 2180 845 2258 reperies,
870 2196 976 2257 praeter
995 2180 1177 2259 Aristotelis,
1198 2195 1249 2242 aut

63 2291 213 2370 Platonis,
245 2309 297 2354 aut
328 2293 447 2354 alterius
478 2291 575 2353 similis
606 2307 787 2371 commenta,
817 2311 883 2370 quae
914 2292 991 2369 sape
1021 2292 1136 2355 facilius
1163 2293 1249 2368 possit

64 2403 164 2481 quivis
194 2405 291 2468 idiota
323 2403 481 2481 somniare,
512 2423 598 2482 quam
618 2405 821 2467 literatillimua
841 2422 879 2466 ea
898 2403 1048 2481 Scriptura
1068 2402 1249 2483 investigare.

62 2516 181 2578 Etenim
211 2517 344 2580 absolute
376 2518 499 2579 statuere
537 2518 691 2594 nolumus,
721 2521 759 2579 ad
797 2516 956 2579 dotirinam
987 2516 1144 2593 Scriptura
1176 2516 1249 2577 nihil

62 2630 225 2709 pertinere,
246 2632 329 2708 quod
348 2630 439 2691 solius
459 2628 494 2690 srt
522 2629 747 2706 speculationis;
774 2648 840 2690 nam
860 2629 891 2689 in
911 2626 1052 2704 superiori
1073 2626 1146 2703 Cap.
1167 2646 1248 2704 qua-

63 2740 129 2800 dam
159 2739 248 2817 hujus
277 2740 390 2820 generis
421 2740 572 2802 attulimus
593 2756 731 2818 tanquam
753 2737 910 2815 Scriptura
930 2736 1176 2813 fundamentalia3
1197 2737 1247 2798 sed

60 2852 121 2913 hoc
152 2868 266 2915 tautum
297 2854 385 2930 volo,
414 2852 484 2914 talia
515 2854 670 2915 admodum
701 2868 795 2928 pauca
822 2865 912 2926 atque
933 2851 1089 2910 admodum
1108 2847 1247 2923 simplicia

61 2960 130 3022 esse.
169 2964 311 3046 Quanam
342 2979 439 3025 autern
471 2980 505 3024 ea
536 2960 608 3037 srnt,
637 2977 670 3023 et
699 2980 759 3038 qua
788 2960 903 3022 ratione
934 2958 1178 3035 determinentur,
1197 2957 1246 3019 lric

61 3076 212 3137 ostendere
244 3076 399 3152 constitui3
431 3076 513 3152 quod
533 3073 621 3135 nobis
641 3072 697 3147 iarn
719 3071 805 3133 facile
826 3070 897 3147 erit,
919 3070 1072 3147 postquam
1091 3068 1246 3147 novimus,

59 3187 218 3264 Scriptura
239 3188 385 3250 intentum
406 3204 466 3248 non
487 3185 569 3248 fuisse
591 3184 726 3246 scientias
748 3186 874 3260 docere;
894 3182 963 3244 hinc
980 3182 1058 3243 enim
1074 3181 1245 3259 facilejudi·

58 3317 126 3360 care
157 3298 322 3376 possumus,
353 3299 424 3360 nihil
446 3312 551 3374 prater
571 3294 770 3358 obedientiam
790 3297 911 3356 eandem
937 3296 972 3353 ab
993 3293 1161 3356 hominibus
1181 3294 1245 3355 eni·

57 3429 147 3490 gere,
184 3411 333 3489 solamque
371 3409 600 3485 contumaciam,
638 3426 699 3469 non
738 3423 836 3469 autem
871 3405 1065 3486 ignorantiam
1101 3408 1244 3468 damnare.

56 3523 193 3600 Deinde,
215 3522 283 3599 quia
305 3521 475 3584 obedientia
503 3538 570 3599 erga
596 3521 692 3581 Deum
712 3518 743 3580 in
764 3518 829 3580 solo
850 3535 947 3580 amore
967 3516 1095 3595 proximi
1115 3516 1243 3579 consistit
1322 3510 1326 3516 ’

57 3634 140 3707 (nam
161 3633 213 3711 qui
242 3634 405 3709 proximum
434 3630 546 3711 diligit,
567 3649 605 3693 eo
635 3630 745 3693 scilicet
766 3632 823 3691 sine
844 3644 879 3691 ut
898 3631 964 3691 Deo
986 3628 1180 3705 obsequatur,
1200 3627 1243 3703 is,

58 3758 93 3804 ut
114 3744 221 3806 Paulus
245 3744 286 3805 ait
306 3744 336 3805 in
357 3744 488 3821 Epistola
509 3745 545 3805 ad
565 3746 652 3805 Rom.
675 3762 740 3820 cap.
764 3760 810 3820 13.
832 3741 873 3805 vs.
895 3742 935 3817 8.,
954 3742 1063 3821 Legem
1084 3740 1243 3820 implevit),

55 3856 126 3917 hinc
157 3856 304 3933 sequitur,
342 3856 372 3917 in
403 3856 552 3933 Scriptura
591 3857 697 3917 nullam
729 3855 813 3917 aliam
850 3852 999 3915 scientiam
1030 3854 1242 3929 commendari,

57 3986 145 4045 quam
173 3986 238 4044 quae
269 3966 405 4031 omnibus
424 3967 593 4031 hominibus
613 3965 766 4029 necessaria
786 3966 844 4043 est,
865 3981 898 4026 ut
917 3965 985 4026 Deo
1005 3964 1163 4027 secundum
1181 3964 1241 4027 hoc

56 4078 255 4157 prescriptum
287 4080 405 4143 obedire
437 4080 559 4157 possint,
591 4095 622 4141 et
654 4097 711 4156 qua
741 4078 891 4158 ignorata,
921 4076 1054 4139 homines
1084 4074 1240 4139 necessario

56 4194 167 4255 debent
193 4190 250 4253 esse
278 4208 482 4268 contumaces,
510 4193 558 4256 vel
583 4191 681 4253 saltem
707 4190 767 4252 fine
788 4188 937 4265 disciplina
959 4188 1240 4265 obedientiae31eli·

55 4322 129 4383 quas
159 4319 255 4366 autem
287 4304 519 4381 speculationes,
551 4320 616 4380 quae
647 4304 705 4364 huc
735 4302 842 4365 ureae
870 4320 930 4363 non
952 4304 1094 4379 tendunt,
1114 4299 1175 4365 five
1197 4318 1238 4361 eae
