2934 4900
203 327 263 406 596
678 317 920 387 Tractatus

204 523 316 568 mecum
336 503 506 580 contendit,
523 519 555 564 et
575 520 667 564 meam
689 501 819 562 tunicam
840 502 906 564 vult
928 518 1046 578 capere,
1063 501 1183 578 pallium
1201 499 1297 561 etiam
1316 503 1397 574 dare;
1437 470 1450 602 ι

204 632 235 678 at
256 616 307 678 ubi
324 615 483 693 judicatur,
503 615 562 676 hoc
583 614 752 691 reipublicae
773 613 992 678 conservationi
1013 613 1210 691 penuriosum
1231 613 1310 689 else,
1321 613 1396 689 pium

204 742 309 788 contra
337 726 394 802 est,
421 727 546 787 eundem
574 724 605 786 in
629 723 775 801 judicium
797 741 921 799 vocare,
951 721 1061 784 tametsi
1090 722 1193 783 mortis
1215 725 1399 783 damnandus

203 837 248 899 sit.
289 838 353 898 Hac
374 839 410 898 de
431 835 517 896 causa
537 834 668 896 Manlius
688 835 863 910 Torquatus
885 834 1065 910 celebratur,
1086 835 1168 910 quod
1189 832 1271 894 salus
1295 833 1396 909 populi
1447 862 1456 902 ·,

204 951 271 1028 plus
291 951 370 1026 apud
389 948 484 1025 ipsum
504 947 646 1023 valuerit,
667 965 755 1024 quarn
776 964 843 1025 erga
864 945 954 1008 filium
974 946 1081 1022 pietas.
1101 946 1176 1007 Cum
1198 945 1260 1006 hoc
1286 945 1330 1006 ita
1350 946 1398 1021 lit,

205 1061 346 1139 sequitur,
365 1058 487 1123 salutem
507 1060 613 1136 populi
634 1059 771 1120 summam
792 1055 849 1120 else
867 1060 977 1139 legem,
993 1059 1042 1122 cui
1061 1075 1252 1136 omnes,tam
1264 1061 1398 1120 humana

204 1192 292 1252 quarn
313 1173 443 1248 divinae,
464 1171 678 1234 accommodari
698 1173 819 1233 debent.
840 1172 883 1233 At
904 1189 971 1234 cum
991 1172 1081 1234 solius
1101 1172 1219 1233 summae
1241 1172 1399 1248 potestatis

206 1287 335 1349 officium
355 1285 408 1362 lit,
429 1284 636 1360 determinare,
658 1283 731 1361 quid
752 1282 836 1346 saluti
857 1284 953 1345 totius
981 1285 1103 1362 populi,
1124 1301 1155 1345 et
1176 1285 1298 1361 imperii
1321 1286 1398 1346 secu·
1454 1225 1457 1316 1

204 1400 302 1477 ritati,
333 1397 446 1460 necelle
478 1397 530 1474 sit,
560 1413 591 1458 et
622 1396 694 1474 quid
725 1395 837 1458 necesse
865 1396 921 1458 esse
947 1397 1125 1474 judicaverit
1146 1397 1312 1475 imperare;
1334 1399 1396 1459 hinc
1457 1393 1458 1428 ¹

205 1511 353 1590 sequitur,
382 1510 473 1572 solius
504 1509 593 1570 etiarn
623 1508 738 1570 summae
767 1509 922 1585 potestatis
944 1509 1073 1571 officium
1093 1508 1165 1586 esse,
1185 1509 1396 1586 determinare,

106 1659 118 1678 .
205 1643 264 1702 qua
293 1622 408 1685 ratione
441 1621 640 1698 unusquisque
672 1623 762 1682 debet
793 1619 959 1697 proximum
991 1620 1101 1697 pietate
1122 1622 1237 1698 colere,
1257 1622 1324 1682 hoc
1345 1623 1397 1696 eli,

205 1755 264 1814 qua
284 1735 397 1797 ratione
426 1732 625 1810 unusquisque
654 1733 721 1794 Deo
744 1732 864 1794 obedire
885 1747 1013 1794 tenetur.
1053 1733 1100 1792 Ex
1120 1733 1166 1793 ltis
1187 1735 1265 1794 clare
1291 1733 1397 1795 intelli·
1457 1705 1459 1776 i

206 1847 317 1926 gimus,
348 1865 406 1923 qua
437 1845 551 1906 ratione
583 1844 698 1906 summae
730 1843 895 1920 potestates
926 1843 1101 1920 interpretes
1131 1843 1305 1924 Religionis
1328 1845 1397 1918 fint;
1457 1835 1459 1938 l

207 1960 330 2036 deinde,
350 1960 433 2034 quod
453 1975 540 2018 nemo
561 1959 629 2018 Deo
652 1960 728 2020 nesle
751 1955 871 2018 obedire
892 1955 1038 2034 potest,fi
1057 1957 1167 2018 cultum
1185 1955 1397 2033 pietatis,qua
1458 1987 1459 2048 t

206 2069 404 2148 unusquisque
436 2084 569 2146 tenetur,
601 2067 727 2145 publicae
759 2069 882 2131 utilitati
914 2087 974 2130 non
997 2071 1216 2144 accommodet,
1238 2084 1270 2129 et
1294 2069 1396 2131 conse·
1457 2071 1460 2116 l

206 2197 348 2262 quenter,
374 2180 396 2241 fi
423 2181 559 2242 omnibus
587 2180 702 2242 summae
730 2180 886 2257 potestatis
913 2180 1039 2242 decretis
1059 2199 1120 2241 non
1142 2180 1274 2242 obediat.
1319 2182 1394 2240 Nam
1458 2139 1460 2282 i

206 2291 445 2369 quandoquidem
466 2309 505 2352 ex
525 2291 582 2354 Dei
604 2294 743 2354 mandato
764 2309 866 2352 omnes
887 2291 984 2370 (nullo
997 2292 1141 2371 excepto)
1162 2291 1275 2367 pietate
1299 2293 1394 2354 colere

205 2420 356 2481 tenemur,
381 2403 549 2481 neminique
577 2408 712 2468 damnum
741 2404 862 2481 inserte,
890 2403 960 2465 hinc
988 2403 1136 2482 sequitur,
1157 2403 1266 2465 nemini
1289 2403 1394 2479 licere,
1460 2437 1461 2519 q

206 2535 293 2593 opem
325 2515 412 2577 alicui
442 2533 508 2577 cum
539 2516 674 2593 alterius,
706 2532 737 2577 et
769 2518 863 2579 multo
890 2516 986 2577 minus
1014 2536 1080 2578 curn
1108 2516 1203 2579 totius
1223 2514 1396 2592 reipublice

206 2633 313 2691 damno
334 2630 424 2704 ferre3
445 2630 581 2705 adeoque
601 2628 744 2690 neminem
764 2628 845 2705 posse
864 2629 1028 2706 proximum
1045 2628 1157 2706 pietate
1175 2630 1273 2691 colere
1293 2630 1396 2691 secun·
1460 2566 1461 2651 1

207 2746 276 2805 dum
305 2740 363 2803 Dei
393 2742 577 2815 mandatum,
608 2740 660 2801 nist
690 2741 831 2817 pietatem
857 2758 887 2803 et
911 2742 1081 2821 religionem
1113 2742 1238 2819 publicae
1270 2742 1396 2803 utilitati

207 2854 419 2915 accommodet.
460 2852 505 2912 At
530 2852 628 2913 nullus
656 2852 790 2928 privatus
811 2853 882 2914 scire
903 2853 1017 2931 potest,
1038 2854 1112 2931 quid
1131 2854 1301 2931 reipublicae
1324 2856 1396 2917 utile

206 2963 263 3039 sir,
292 2962 345 3025 nist
376 2982 414 3023 ex
445 2963 573 3025 decretis
602 2964 775 3027 summarum
805 2965 1005 3043 potestatum,
1037 2986 1157 3045 quarum
1188 2982 1304 3029 tantum
1336 2970 1397 3044 esl,

207 3074 328 3153 negotia
346 3074 465 3151 publica
484 3076 623 3151 uastam
651 3094 721 3156 ergo
750 3094 836 3139 nemo
858 3078 998 3154 pietatem
1020 3081 1095 3141 rede
1117 3081 1212 3140 colere
1219 3124 1229 3155 ,
1250 3098 1307 3140 nec
1328 3082 1397 3142 Deo

208 3187 328 3249 obedire
355 3187 471 3264 potest,
499 3186 552 3248 nifi
581 3188 718 3249 omnibus
740 3188 855 3251 summae
876 3191 1031 3266 potestatis
1051 3192 1177 3253 decretis
1198 3194 1396 3268 obtemperet.

206 3300 309 3374 Atque
328 3298 388 3359 ltoc
407 3298 469 3375 ipsa
489 3299 577 3361 etiarn
598 3300 682 3377 praxi
703 3302 905 3363 confirmatur:
929 3321 1014 3380 quem
1037 3302 1130 3380 enim,
1150 3302 1210 3367 five
1227 3302 1325 3367 civem
1337 3304 1397 3366 live

208 3427 394 3487 extraneum,
415 3410 563 3488 privatum
585 3414 633 3475 vel
653 3412 806 3490 imperium
817 3414 846 3475 in
859 3414 933 3475 alios
954 3430 1118 3490 tenentem,
1136 3414 1243 3476 summa
1265 3416 1397 3491 potestas

207 3542 287 3585 reum
308 3522 411 3585 mortis
431 3524 480 3585 vel
500 3523 611 3585 hostem
629 3524 914 3601 judicavit,nemini
934 3526 1117 3589 subditorum
1138 3527 1232 3589 eidem
1253 3528 1397 3591 auxilium

207 3636 282 3696 ferre
301 3634 381 3696 licet.
422 3634 470 3695 Sic
490 3634 596 3711 etiam,
618 3636 753 3712 quamvis
774 3637 907 3697 Hebraeis
929 3637 1037 3700 dietum
1059 3637 1164 3714 irretit,
1184 3653 1219 3699 ut
1239 3639 1397 3717 unusquis-

208 3765 266 3823 que
286 3746 398 3808 socium
418 3762 558 3823 tanquam
580 3747 609 3808 se
630 3746 724 3825 ipsum
746 3766 854 3811 amaret
875 3750 958 3829 (vide
979 3750 1079 3813 Leuit.
1100 3770 1165 3827 cap.
1187 3768 1231 3827 19.
1253 3752 1329 3815 vers.
1352 3770 1398 3829 17,

211 3858 272 3937 18.)
278 3902 289 3933 ,
309 3859 486 3919 tenebantur
507 3872 603 3919 tamen
624 3878 707 3935 eum,
739 3860 791 3937 qui
812 3876 915 3922 contra
936 3861 1030 3923 edida
1050 3860 1122 3940 legis
1143 3860 1253 3938 aliquid
1275 3863 1399 3923 commi-

208 3967 298 4045 serat,
317 3968 416 4049 Judici
437 3968 566 4031 indicare
589 3969 673 4048 (vide
693 3971 794 4036 Levlt.
816 3991 880 4048 cap.
902 3984 930 4047 5.
951 3972 1024 4035 vers.
1049 3989 1075 4034 r.
1096 3988 1127 4033 et
1146 3974 1237 4034 Deut.
1259 3992 1325 4049 cap.
1352 3992 1398 4051 13.

208 4078 281 4142 vers.
303 4080 338 4157 a,
357 4082 403 4159 9.)
424 4096 455 4142 et
475 4084 618 4158 eundem,
644 4080 755 4143 streus
775 4084 879 4145 mortis
895 4084 1100 4163 judicabatur,
1127 4084 1289 4147 interficere
1310 4086 1399 4164 (vide

208 4191 299 4252 Deut.
328 4211 392 4269 cap.
416 4208 461 4269 17.
489 4194 564 4255 vers.
590 4194 644 4273 7.).
684 4195 820 4273 Deinde,
852 4212 886 4258 ut
916 4197 1033 4257 Hebraei
1064 4196 1227 4258 libertatem
1257 4200 1397 4273 adeptam

208 4299 321 4378 possent
352 4304 542 4381 conservare,
573 4320 603 4366 et
634 4321 742 4383 terras,
774 4326 847 4383 quas
879 4325 1075 4387 occuparent,
1103 4309 1225 4386 imperio
1255 4309 1396 4373 absoluto

1457 3018 1461 3105 l
