2934 4900
460 322 517 382 De
557 318 828 381 Affectibus.
1183 318 1240 395 169

53 500 177 578 reliquas
206 499 373 562 Affesiuum
401 497 512 575 species
532 496 580 558 hic
600 495 747 574 explicare
769 515 823 558 nec
845 495 956 573 possum
979 495 1063 573 (quia
1085 510 1133 557 tot
1155 495 1239 570 sunt,

54 632 127 691 quot
156 612 339 690 objeeiorum
365 610 509 690 species),
528 629 601 686 nec,
621 609 640 670 sr
662 609 791 687 possem,
812 606 922 671 necesse
943 608 993 670 est.
1033 610 1110 673 Nam
1131 611 1168 669 ad
1189 607 1237 685 id,

54 730 136 803 quod
163 725 360 801 intendimus,
386 743 488 799 nempe
518 726 555 785 ad
583 725 738 787 affectuum
767 722 862 796 vires,
886 737 917 783 et
937 721 1051 783 Mentis
1070 722 1101 783 in
1121 718 1238 783 eosdem

53 839 234 919 potentiam,
251 838 518 913 determinandum,
539 836 628 899 nobis
653 835 759 898 suflicit
769 881 779 913 ,
798 832 1025 912 uniuscujusque
1047 834 1168 896 edesius
1189 852 1238 912 ge-

55 954 176 1013 neralem
195 950 304 1013 habere
325 949 537 1012 definitionem.
576 946 709 1024 Sufficit,
738 946 873 1025 inquam,
895 944 1000 1023 nobis,
1019 944 1187 1007 Affesiuum
1208 960 1239 1005 et

54 1060 168 1121 Mentis
195 1077 364 1121 communes
392 1058 590 1135 proprietates
617 1057 799 1136 intelligere,
820 1070 854 1117 ut
874 1054 1064 1118 determinare
1085 1056 1239 1133 possimus,

54 1174 147 1251 qualis
176 1187 209 1234 et
239 1188 350 1249 quanta
379 1171 415 1233 tit
444 1168 558 1233 Mentis
589 1169 724 1248 potentia
751 1169 782 1231 in
811 1169 996 1231 moderandis
1017 1186 1047 1232 et
1069 1169 1238 1232 coercendis

51 1285 225 1349 dsseitibus.
256 1283 400 1369 Quamvis
419 1283 521 1362 iraque
542 1282 701 1363 magnast
722 1280 889 1345 differentia
909 1282 986 1344 irater
1006 1282 1084 1345 hunc
1106 1298 1136 1343 et
1157 1282 1237 1344 illum

52 1397 185 1475 Amoris,
212 1397 301 1473 Odii,
327 1397 376 1460 vel
403 1394 584 1473 Cupiditaris
612 1393 764 1471 affectum,
785 1412 832 1455 ex.
853 1412 894 1473 gr.
915 1392 993 1456 inter
1011 1396 1150 1457 Amorem
1171 1412 1239 1473 erga

52 1512 158 1573 liberos
185 1526 217 1572 et
245 1508 323 1573 inter
349 1512 488 1571 Amorem
508 1526 577 1588 erga
596 1526 735 1585 uxorem,
756 1506 844 1569 nobis
864 1522 962 1569 tamen
982 1506 1034 1569 hae
1055 1504 1235 1569 differentias

52 1624 246 1706 cognoscere,
266 1639 298 1685 et
319 1622 474 1687 affeduum
495 1636 625 1683 naturam
646 1636 678 1682 et
699 1620 840 1699 originem
862 1618 984 1682 ulterius
1004 1618 1156 1699 indagare,
1176 1636 1237 1679 non

52 1738 90 1799 est
109 1756 199 1814 opus.

416 1877 745 1940 PROPOSITIO
785 1877 880 1939 LVII.

90 2007 219 2085 Quilibet
245 2005 467 2085 utriuscujusque
494 2008 642 2067 individui
660 2003 781 2084 affeiius
799 2007 838 2067 ab
858 2002 962 2083 affcdu
981 2007 1106 2067 alteritas
1126 2018 1238 2066 tantum

55 2122 220 2201 discrepat,
241 2132 379 2197 quantum
397 2120 514 2199 efflatio
533 2123 620 2180 unius
639 2120 678 2181 ab
698 2118 814 2199 efflatio
833 2118 956 2179 alterius
976 2114 1087 2195 differt.

447 2303 841 2348 DEMONSTRATIO·

89 2416 163 2477 Hac
184 2413 352 2493 Propositio
374 2430 457 2492 patet
479 2433 516 2476 ex
537 2414 714 2493 Axiom.1.,
736 2417 818 2493 quod
835 2414 904 2480 vide
923 2415 987 2492 post
1006 2416 1087 2478 Lem.
1099 2416 1236 2493 3.Schol.

52 2529 136 2604 Prop.
151 2544 197 2605 ¹³·
209 2547 238 2604 p.
249 2545 278 2589 2.
298 2530 341 2590 At
359 2528 551 2590 nihilominus
568 2531 690 2591 eandem
701 2547 738 2590 ex
750 2528 837 2590 trium
856 2527 1070 2606 primitivorum
1081 2527 1237 2591 affeeiuum

52 2638 274 2701 definitionibus
294 2639 563 2702 demonstrabimus.

87 2753 201 2812 Omnes
221 2750 342 2815 affeeius
362 2754 399 2815 ad
420 2752 640 2830 Cupiditatem,
666 2753 832 2832 Laeritiam,
858 2755 906 2815 vel
927 2753 1087 2816 Tristitiam
1107 2755 1238 2816 reserun-

52 2880 114 2941 tur,
144 2881 179 2927 ut
209 2883 310 2927 conam
338 2884 412 2943 quas
441 2866 573 2928 dedimus
601 2867 789 2928 definitiones
811 2867 978 2928 ostendunt.
1018 2866 1061 2928 At
1081 2866 1238 2944 Cupiditas

52 2976 90 3036 est
109 2976 174 3053 ipsa
202 2976 430 3055 uniuscujusque
458 2992 561 3039 natura
584 2978 635 3040 seu
655 2978 774 3040 essentia
796 2978 877 3056 (vide
896 2979 958 3054 ejus
977 2979 1073 3058 Defin.
1094 2983 1126 3039 in
1146 2978 1237 3040 Schol.

53 3090 138 3170 Prop.
155 3109 187 3168 9.
205 3089 324 3170 iujus);
344 3108 415 3168 ergo
436 3089 665 3168 uniuscujusque
686 3089 833 3153 individui
854 3090 1011 3168 Cupiditas
1029 3111 1044 3152 a
1063 3089 1236 3167 Cupiditate

52 3202 169 3264 alterius
202 3216 316 3264 tantum
348 3201 518 3278 discrepat,
548 3217 690 3279 quantum
722 3218 824 3264 natura
853 3202 903 3263 seu
931 3200 1050 3264 essentia
1082 3201 1169 3264 unius
1201 3205 1237 3264 ab

53 3313 174 3376 essentie
203 3313 322 3376 asterius
351 3314 460 3376 differt.
500 3314 621 3377 Laetitia
647 3315 754 3378 deinde
782 3333 812 3378 et
839 3314 969 3378 Tristitia
992 3317 1134 3393 paffiones
1154 3315 1238 3394 sunt,

53 3428 160 3503 quibus
188 3426 416 3505 uniuscujusque
445 3426 582 3504 potentia
608 3426 659 3490 seu
686 3443 812 3490 conatus
832 3427 862 3490 in
883 3426 938 3490 suo
959 3426 1013 3488 esse
1035 3427 1238 3504 perseverandi

53 3557 176 3620 augetur
196 3540 244 3603 vei
264 3538 421 3617 minuitur,
443 3538 567 3617 juvatur
586 3542 635 3604 vel
655 3546 809 3604 coercetur
829 3543 903 3622 (per
922 3543 1011 3620 Prop.
1036 3557 1081 3602 11.
1102 3539 1190 3617 hujus
1210 3556 1238 3602 et

51 3651 108 3725 ejus
126 3649 249 3729 Seirai).
290 3651 333 3711 At
354 3668 407 3726 per
426 3667 567 3714 conatum
587 3651 618 3712 in
640 3652 693 3714 suo
714 3652 770 3714 eise
791 3653 1012 3730 perseverandi,
1032 3668 1178 3731 quatenus
1200 3656 1238 3716 ad

52 3763 182 3825 Mentem
204 3779 235 3824 et
256 3763 375 3840 Corpus
394 3763 477 3826 simul
497 3765 637 3841 refertur,
656 3765 832 3843 Appetitum
853 3780 884 3827 et
904 3765 1105 3842 Cupiditatem
1126 3765 1235 3830 intelli-

51 3873 141 3950 gimus
165 3875 249 3955 (vide
268 3873 360 3936 Sahal.
380 3877 470 3956 Prop.
486 3895 516 3954 9.
536 3875 657 3956 ἠπίως
677 3895 747 3957 ergo
768 3877 888 3939 Laetitia
909 3893 939 3938 et
960 3876 1092 3938 Tristitia
1114 3878 1155 3940 est
1176 3877 1237 3955 ipsa

51 3987 208 4065 Cupiditas
237 3987 299 4053 saue
329 3989 493 4068 Appetitur
500 4035 511 4066 ,
542 4005 689 4066 quatenus
710 4009 725 4050 a
749 3989 839 4051 causis
871 3989 1002 4052 externis
1033 4007 1157 4070 augetur
1187 3992 1237 4053 vel

52 4100 210 4176 minuitur,
228 4099 419 4195 juvatur-vel
440 4107 609 4177 coercetur,
630 4103 686 4163 hoc
708 4102 749 4163 est
777 4102 851 4182 (per
870 4103 945 4163 idem
964 4101 1088 4181 Sakai),
1110 4103 1150 4164 est
1174 4102 1235 4179 ipsa

49 4210 192 4290 cuiusque
223 4229 342 4288 natura;
373 4228 463 4290 atque
494 4215 570 4275 adeo
598 4211 825 4292 uniuscujusque
857 4213 977 4276 Laetitia
998 4215 1046 4277 vel
1067 4213 1237 4276 Tristities

47 4322 171 4388 Laetitia
191 4326 242 4388 vel
261 4323 393 4386 Tristitia
414 4325 534 4388 asterius
554 4341 668 4388 tantum
688 4325 778 4388 etiam
799 4327 959 4406 discrepat,
971 4342 1114 4404 quantum
1134 4341 1238 4389 natura
