2934 4900
323 325 822 414 Theologico·l³olitici
863 336 937 415 Cap.
962 329 1030 398 vu.
1210 332 1267 417 461

75 525 178 572 turam
207 511 419 589 interpretandi
450 513 594 591 agendum
626 511 684 588 eli,
716 528 746 572 et
778 515 815 574 de
846 515 946 574 eadem
979 511 1186 575 disserendum:
1218 514 1272 576 hac

77 623 161 684 enim
192 624 325 702 ignorata
356 623 428 684 nihil
456 639 537 684 certo
570 623 641 684 scire
673 623 839 699 possumus,
871 623 944 701 quid
976 624 1140 700 Scriptura,
1162 626 1272 703 quidve

76 738 211 815 Spiritus
228 739 349 800 Sentius
372 741 477 800 docere
500 739 574 801 vult.
605 738 676 798 Eam
698 753 812 813 autem,
832 753 866 798 ut
887 737 934 798 hic
956 737 1060 814 paucis
1081 739 1271 815 complestar,

78 851 154 914 dico
186 851 355 912 methodum
386 849 597 926 interpretandi
629 849 808 925 Scripturam
838 849 916 911 haud
944 849 1058 912 differre
1086 869 1102 910 a
1129 850 1271 911 methodo

78 963 294 1040 interpretandi
322 963 484 1038 Naturam,
512 962 561 1024 sed
589 981 654 1023 cum
684 981 717 1023 ea
746 962 863 1038 prorsus
890 962 1060 1026 convenire.
1090 964 1166 1024 Nam
1187 962 1272 1024 sicuti

78 1074 240 1136 methodus
261 1074 471 1150 interpretandi
491 1076 633 1135 Naturam
655 1073 684 1135 in
706 1073 765 1134 hoc
785 1074 961 1151 potissumum
983 1073 1128 1151 consistit,
1150 1074 1180 1135 in
1198 1093 1270 1136 con-

79 1185 227 1247 cinnanda
255 1185 365 1246 scilicet
392 1185 510 1246 historia
536 1189 674 1262 Naturae,
700 1205 738 1247 ex
766 1206 841 1264 qua,
869 1201 977 1263 utpote
1005 1205 1043 1248 ex
1065 1187 1153 1248 certis
1174 1189 1269 1265 datis,

78 1317 177 1360 rerum
204 1298 377 1361 naturalium
406 1299 591 1361 definitiones
617 1299 837 1374 concludimus;
866 1299 904 1360 lic
925 1299 1011 1360 etiam
1033 1303 1070 1361 ad
1091 1299 1268 1376 Scripturam

79 1409 329 1486 interpretandam
360 1409 471 1470 necesse
503 1411 543 1471 est
574 1410 637 1487 ejus
667 1409 801 1472 sinceram
833 1410 979 1472 historiam
1000 1413 1158 1486 adornare,
1179 1427 1209 1472 et
1231 1430 1268 1473 err

80 1541 116 1582 ea
138 1537 276 1599 tanquam
297 1541 334 1582 ex
356 1523 442 1583 certis
464 1523 540 1584 datis
563 1539 593 1584 et
614 1523 766 1599 principiis
785 1539 911 1584 mentem
933 1523 1088 1585 authorum
1110 1523 1268 1600 Scripturae

79 1633 220 1712 legitimis
240 1634 458 1711 consequentiis
485 1636 669 1696 concludere.
691 1635 739 1696 Sic
758 1635 834 1696 enirn
857 1635 1054 1713 unusquisque
1077 1634 1113 1714 (li
1134 1635 1268 1697 nimirum

82 1747 163 1807 nulla
190 1747 245 1806 alia
274 1746 417 1823 principia
438 1765 533 1824 neque
556 1750 639 1822 data,
660 1751 697 1808 ad
718 1747 965 1823 interpretandam
985 1747 1161 1824 Scripturam
1182 1764 1211 1810 et
1233 1752 1269 1811 de

81 1861 188 1934 rebus,
215 1877 280 1935 quae
310 1859 339 1919 in
368 1862 466 1921 eadem
495 1859 701 1935 continentur,
729 1858 937 1935 disserendum,
965 1859 1128 1936 admiserit,
1155 1860 1207 1922 nih
1235 1879 1269 1922 ea

81 1974 306 2046 tantummodo,
337 1989 402 2047 quae
430 1989 467 2030 es
496 1970 557 2046 ipsa
584 1971 732 2046 Scriptura
762 1970 881 2048 ejusque
902 1970 1020 2032 historia
1042 1973 1268 2053 depromuntur)

81 2081 144 2142 stne
171 2082 231 2144 ullo
260 2083 390 2158 periculo
420 2083 530 2145 errandi
558 2083 670 2160 semper
697 2085 855 2159 procedet,
876 2099 907 2143 et
927 2086 964 2144 de
984 2083 1036 2159 iis,
1054 2103 1119 2161 quae
1141 2085 1268 2146 nostrum

83 2210 203 2270 captum
234 2194 388 2271 superant,
419 2213 501 2271 aeque
533 2194 631 2256 secure
662 2193 793 2256 disserere
826 2194 953 2271 poterit,
985 2214 1019 2255 ac
1050 2197 1087 2256 de
1118 2196 1171 2273 iis,
1203 2215 1268 2273 quae

83 2307 208 2369 Lumine
226 2307 360 2369 Naturali
383 2307 595 2386 cognoscimus.
616 2309 692 2381 Sed,
714 2323 747 2370 ut
768 2309 842 2367 clare
864 2307 994 2382 constet,
1015 2306 1089 2368 hanc
1110 2307 1188 2370 viam
1207 2326 1268 2390 non

83 2435 199 2483 tantum
228 2437 350 2497 certam,
378 2420 426 2483 sed
449 2421 535 2482 etiam
556 2419 671 2483 unicam
693 2421 767 2498 esse,
788 2439 909 2499 eamque
930 2439 996 2482 cum
1016 2421 1158 2483 methodo
1179 2421 1269 2483 inter-

83 2533 219 2609 pretandi
250 2534 391 2595 Naturam
422 2533 600 2604 convenire,
631 2536 810 2609 notandum,
840 2536 922 2611 quod
952 2531 1100 2609 Scriptura
1119 2535 1155 2594 de
1182 2535 1269 2594 rebus

83 2642 229 2720 saepilhme
261 2643 338 2722 agit,
370 2662 434 2720 quae
466 2662 503 2704 ex
541 2643 692 2720 principiis
730 2644 856 2705 Lumine
886 2644 1021 2705 Naturali
1051 2643 1132 2704 notis
1162 2644 1269 2705 deduci

84 2771 252 2831 nequeunt;
273 2754 336 2831 ejus
358 2754 433 2815 enim
454 2754 606 2816 maximam
635 2771 745 2832 partem
773 2755 898 2818 historiae
919 2771 949 2816 et
971 2754 1167 2817 revelationes
1188 2774 1267 2816 com-

84 2883 219 2945 ponunt:
248 2883 278 2928 at
306 2866 430 2927 historiae
462 2868 598 2929 miracula
629 2868 804 2945 potishmum
836 2868 1008 2943 continent,
1027 2868 1086 2928 hoc
1107 2867 1148 2927 est
1169 2866 1217 2945 (ut
1237 2866 1268 2926 in

83 2982 233 3058 superiore
260 2980 367 3056 Capite
395 2980 586 3060 ostendimus)
615 2980 797 3043 narrationes
818 2999 910 3042 rerum
931 2980 1110 3041 insolitamm
1130 2981 1269 3055 Naturae,

85 3093 278 3169 opinionibus
310 3109 340 3155 et
367 3091 488 3170 judiciis
518 3092 746 3168 Historicorum,
778 3091 830 3169 qui
860 3110 909 3153 eas
939 3091 1129 3168 scripserunt,
1153 3110 1268 3151 accom-

84 3208 235 3281 modatas;
263 3204 459 3267 revelationes
481 3218 578 3265 autem
602 3203 794 3280 opinionibus
816 3202 903 3265 etiam
924 3204 1133 3281 Prophetarum
1154 3221 1268 3263 accom-

84 3319 211 3378 modatae
233 3316 316 3390 sunt,
337 3331 371 3375 ut
392 3314 422 3375 in
444 3314 572 3375 secundo
595 3314 668 3391 Cap.
690 3315 884 3391 ostendimus,
902 3330 933 3375 et
953 3314 1023 3391 ipsae
1040 3330 1268 3392 reveracaptum

83 3430 241 3489 humanum
264 3426 407 3503 superant.
428 3428 526 3508 Quare
548 3425 681 3505 cognitio
702 3427 806 3488 horum
825 3425 971 3501 omnium,
991 3426 1050 3486 hoc
1071 3424 1268 3500 est,omnium

85 3542 147 3599 fere
168 3557 278 3615 rerum,
300 3558 364 3616 quae
386 3538 416 3599 in
436 3538 583 3614 Scriptura
605 3538 812 3613 continentur,
833 3540 870 3598 ab
891 3538 951 3614 ipsa
969 3536 1118 3614 Scriptura
1135 3536 1269 3613 solapeti

85 3654 192 3712 debet:
213 3650 297 3712 licuti
319 3650 451 3730 cognitio
473 3652 593 3712 Naturae
617 3654 652 3711 ab
675 3650 735 3727 ipsa
763 3652 887 3712 Natura.
926 3651 1017 3732 Quod
1038 3653 1074 3712 ad
1092 3652 1270 3711 documenta

85 3763 222 3839 moralia,
255 3780 319 3839 quae
352 3762 438 3823 etiarn
471 3762 500 3823 in
532 3762 634 3823 Bibliis
665 3763 871 3839 continentur,
902 3761 1026 3836 attinet,
1057 3759 1110 3821 etsi
1138 3759 1200 3836 ipsa
1231 3779 1270 3822 ex

87 3874 261 3936 notionibus
292 3874 495 3936 communibus
527 3876 714 3937 demonstrari
745 3875 879 3953 poliunt,
910 3894 969 3936 non
997 3873 1094 3951 potest
1114 3889 1210 3933 tamen
1232 3892 1269 3933 ex

86 3986 186 4049 iisdem
214 3986 417 4063 demonstrari,
445 3986 622 4063 Scripturam
649 3990 750 4049 eadem
778 3990 901 4061 docere,
922 3986 971 4047 sed
990 3987 1048 4047 hoc
1069 4004 1107 4046 ex
1128 3984 1188 4045 sola
1208 3984 1269 4061 ipsa

86 4100 233 4178 Scriptura
267 4101 396 4161 constare
425 4101 530 4177 potest.
556 4103 619 4163 Iuro
640 4099 660 4160 h
682 4101 739 4163 sine
760 4098 932 4177 praejudicio
952 4098 1107 4174 Scripturae
1129 4096 1269 4161 divinita·

86 4232 145 4276 tem
166 4212 262 4275 testari
282 4214 435 4288 volumus,
456 4211 541 4273 nobis
563 4231 599 4273 ex
621 4214 719 4275 eadem
742 4212 802 4273 sola
822 4210 953 4271 constare
970 4212 1075 4284 debet,
1092 4208 1182 4285 ipsam
1199 4226 1269 4270 vera

89 4331 267 4390 documenta
294 4326 411 4388 moralia
441 4328 563 4403 docere;
585 4346 622 4387 ex
641 4326 698 4387 hoc
721 4326 797 4387 enim
818 4326 881 4386 solo
903 4324 967 4401 ejus
988 4322 1128 4388 divinitas
1148 4325 1269 4385 demon·
