2934 4900
527 301 583 362 De
623 302 779 362 Mente.
1195 321 1254 382 119

50 474 238 548 formantur,
258 472 311 536 fibi
333 473 525 550 persuadent,
545 473 627 536 ideas
647 474 711 536 illas
732 491 841 552 rerum,
862 493 984 553 quarum
1004 476 1121 539 fimilero
1142 477 1250 540 nullam

48 588 210 667 imaginem
240 590 364 652 fornrare
394 588 560 666 possumus,
589 607 650 652 non
678 588 733 651 etse
762 590 860 667 ideas,
888 591 936 652 sed
963 607 1077 654 tantuna
1097 593 1252 672 figmenta,

52 719 119 776 quae
132 699 282 762 ealibero
303 699 470 764 voluntatis
490 701 612 764 arbitrio
632 701 781 781 fingimus3
802 702 883 764 ideas
903 702 993 782 igitur
1009 703 1103 767 veluti
1124 703 1250 780 pieturas

51 812 83 871 in
116 813 224 874 rabula
257 827 353 874 mutas
384 812 547 890 aspiciunt,
579 829 626 890 et,
656 815 715 876 hoc
746 814 919 892 prejudicio
949 817 1170 894 preoccupati,
1190 837 1250 880 non

51 920 174 990 vident.
208 921 322 996 ideam,
350 938 495 999 quatenus
516 920 581 984 idea
602 923 659 1000 est,
685 923 906 986 affirmationem
927 939 978 987 aut
999 924 1185 1004 negationem
1205 925 1250 988 in·

53 1034 192 1094 voluere.
235 1034 370 1110 Deinde,
400 1033 451 1112 qui
483 1036 573 1097 verba
605 1037 794 1098 confundunt
824 1055 891 1099 cum
921 1036 1004 1114 idea,
1035 1039 1084 1100 vel
1102 1057 1169 1100 curo
1190 1039 1252 1117 ipsa

51 1145 270 1223 affirmatione,
296 1165 382 1223 quant
411 1146 476 1209 idea
507 1146 654 1225 involvit,
681 1164 790 1225 putant
818 1149 846 1210 se
875 1149 955 1227 posse
976 1165 1079 1212 contra
1100 1151 1148 1228 id,
1168 1155 1251 1231 quod

52 1257 203 1334 sentiunt,
226 1257 318 1334 velle;
339 1261 458 1336 quando
480 1257 590 1336 aliquid
612 1259 682 1321 solis
703 1259 801 1323 verbis
823 1276 925 1322 contra
942 1259 988 1338 id,
1006 1264 1088 1339 quod
1106 1262 1251 1340 sentiunt,

54 1369 205 1431 affirmant
224 1383 277 1431 aut
297 1386 414 1448 negant.
435 1371 507 1432 Haec
528 1385 626 1432 autem
647 1369 816 1448 praejudicia
837 1390 944 1434 enuere
968 1372 1055 1436 facile
1075 1373 1101 1436 is
1121 1375 1251 1452 poterit,

55 1485 106 1562 qui
136 1487 177 1546 ad
205 1498 337 1546 naturam
365 1482 566 1564 Cogitationis
596 1484 740 1559 attendit,
770 1503 836 1562 quae
863 1485 1052 1549 Extenstonis
1072 1505 1250 1566 conceptum

55 1595 177 1656 minime
206 1595 352 1674 involvit,
380 1610 469 1674 atque
498 1599 573 1659 adeo
601 1599 676 1659 clare
697 1596 860 1677 intelliget,
880 1598 975 1661 ideam
996 1600 1250 1679 (quandoquidem

55 1711 165 1770 modus
187 1706 338 1788 cogitandi
359 1708 414 1788 esi)
436 1727 530 1786 neque
552 1708 582 1771 in
602 1709 645 1772 rei
665 1709 789 1788 alicujus
809 1710 951 1791 imagine,
979 1730 1075 1790 neque
1100 1712 1131 1774 in
1151 1713 1249 1777 verbis

55 1821 223 1884 consistere.
264 1822 430 1884 Verborum
459 1839 584 1900 namque
611 1837 642 1883 et
669 1822 826 1904 imaginum
854 1824 975 1887 essentia
993 1845 1011 1886 a
1030 1825 1101 1888 solis
1119 1825 1251 1888 motibus

56 1931 212 2010 corporeis
233 1931 436 2011 constituitur,
456 1933 509 2011 qui
529 1933 722 2014 cogitationis
745 1951 923 2014 conceptum
943 1936 1060 1998 minime
1078 1936 1249 2002 involvunt.

98 2048 203 2124 Atque
231 2044 294 2106 hac
321 2064 415 2122 pauca
444 2049 480 2107 de
508 2045 555 2108 his
582 2046 721 2109 monuisse
750 2047 892 2124 sufficiat3
920 2067 1009 2126 quare
1037 2052 1074 2112 ad
1097 2049 1249 2128 praedisias

60 2157 248 2234 objeetiones
268 2157 394 2220 transeo.
418 2159 529 2220 Hanun
546 2162 647 2240 prr‘nta
667 2158 724 2236 est,
746 2163 828 2237 quod
848 2161 978 2223 constare
999 2177 1122 2238 putant,
1142 2163 1248 2226 volun·

58 2287 150 2334 tatem
180 2270 271 2332 latius
298 2268 327 2332 se
355 2273 512 2332 extendere
540 2289 627 2348 quam
654 2270 852 2348 intellefium,
880 2286 970 2349 atque
990 2274 1065 2335 adeo
1086 2277 1123 2334 ab
1144 2276 1248 2335 eodeni

59 2382 204 2446 diversam
225 2381 292 2444 esse.
314 2382 406 2445 Ratio
428 2399 540 2460 autem,
561 2401 614 2446 cur
634 2399 762 2461 putant,
781 2385 966 2446 voluntatem
986 2383 1074 2447 latius
1095 2384 1123 2445 se
1145 2399 1248 2446 exten-

59 2500 125 2559 dere
156 2514 245 2573 quam
272 2494 467 2573 intellesium,
494 2495 551 2573 est,
579 2496 648 2574 quia
676 2497 705 2558 se
733 2496 858 2574 experiri
891 2496 990 2575 ajunt,
1010 2498 1039 2559 se
1059 2516 1120 2559 non
1141 2496 1248 2575 majore

56 2607 249 2685 assentiendi,
269 2607 329 2671 sive
350 2608 527 2684 affirmandi,
555 2624 586 2669 et
608 2610 733 2688 negandi
755 2611 895 2671 facultate
915 2608 1046 2689 indigere
1068 2612 1104 2672 ad
1124 2608 1248 2671 insanitis

56 2718 118 2779 aliis
141 2722 248 2797 rebus,
270 2737 344 2796 quas
366 2738 424 2781 non
446 2719 643 2797 percipimus,
664 2720 889 2797 assentiendum,
910 2720 1073 2800 quantiam
1093 2721 1249 2797 habemus,

57 2850 84 2893 at
112 2830 235 2909 quidem
264 2830 365 2908 majori
393 2833 533 2893 facultate
562 2830 754 2911 intelligendi.
795 2830 990 2911 Distinguitur
1017 2848 1087 2911 ergo
1108 2832 1248 2894 voluntas

55 2948 89 3004 ab
109 2944 282 3019 intellesiu,
302 2945 385 3020 quod
405 2942 506 3005 finitus
526 2942 575 3005 hic
596 2944 647 3022 fit,
668 2944 716 3005 illa
738 2958 836 3005 autem
857 2944 982 3007 infinita.
1016 2946 1140 3005 Secundo
1159 2944 1248 3006 nobis

56 3054 148 3133 objici
176 3054 275 3131 potest
281 3100 291 3132 ,
320 3057 401 3132 quod
429 3054 612 3130 experientia
642 3054 715 3117 nihil
736 3054 840 3117 clarius
861 3056 997 3118 videatur
1015 3060 1139 3134 docere,
1161 3075 1247 3135 quant

56 3168 141 3245 quod
170 3166 298 3227 nostrum
322 3164 468 3243 judicium
495 3167 645 3245 possumus
667 3167 858 3245 suspendere,
879 3187 916 3229 ne
936 3169 1040 3245 rebus,
1061 3186 1134 3245 quas
1153 3169 1247 3247 perci·

58 3282 155 3357 pimus
162 3324 173 3355 ,
195 3277 392 3357 assentiamur;
413 3282 496 3358 quod
518 3278 585 3341 hinc
606 3280 693 3341 etiam
714 3282 1011 3359 confirmattu,quod
1032 3298 1118 3342 nemo
1140 3280 1248 3344 dicitur

58 3390 174 3469 decipi,
196 3407 342 3468 quatenus
362 3390 473 3469 aliquid
494 3390 636 3467 percipit,
657 3390 707 3453 sed
728 3408 843 3455 tantum
865 3408 1011 3470 quatenus
1032 3390 1182 3453 assentitur
1195 3407 1247 3453 aut

58 3502 232 3566 dissentitur.
260 3502 317 3564 Ex.
337 3520 380 3583 gr.
401 3502 453 3581 qui
475 3520 583 3580 equum
605 3506 712 3566 alatum
733 3504 835 3585 fingit,
856 3523 916 3567 non
937 3504 1006 3566 ideo
1026 3503 1165 3565 concedit
1186 3503 1245 3566 dari

58 3636 165 3695 equum
188 3618 313 3693 alatum,
333 3614 391 3677 hoc
412 3616 470 3693 est,
490 3634 550 3677 non
572 3615 641 3678 ideo
663 3616 826 3693 decipitur,
845 3614 897 3677 nist
914 3614 995 3677 simul
1015 3615 1246 3694 concedat,dari

58 3748 165 3807 equum
186 3730 311 3803 alatum
339 3726 410 3790 nihil
437 3727 527 3807 igitur
547 3728 651 3789 clarius
672 3728 792 3790 videtur
813 3729 919 3789 docere
940 3726 1138 3805 experientia,
1160 3747 1245 3805 quaro

59 3844 138 3919 quod
159 3842 318 3917 voluntas,
338 3839 397 3903 srve
419 3842 542 3903 facultas
564 3838 755 3916 assentiendi,
775 3839 865 3900 libera
885 3838 939 3915 stt,
959 3855 990 3900 et
1011 3859 1028 3901 a
1048 3841 1188 3902 facultate
1202 3840 1245 3902 in·

58 3952 208 4034 telligendi
230 3951 351 4016 diversa.
378 3954 475 4015 Tertio
497 3950 588 4029 objici
610 3952 723 4029 potest.
741 3954 823 4028 quod
844 3970 901 4013 una
923 3950 1076 4015 affirmatio
1097 3970 1158 4014 non
1179 3954 1247 4029 plus

57 4062 198 4130 realitatis
219 4063 338 4127 videtur
359 4062 510 4125 continere
532 4082 618 4141 quant
639 4063 711 4140 alia;
731 4061 791 4124 hoc
811 4062 869 4139 est,
897 4081 957 4124 non
979 4062 1086 4139 majore
1106 4062 1243 4139 potentia

57 4178 187 4257 indigere
215 4174 350 4238 videmur
377 4178 414 4237 ad
442 4174 657 4251 affirmandum,
686 4193 786 4237 verum
813 4173 869 4236 esse
894 4172 943 4249 id,
963 4175 1046 4251 quod
1065 4190 1166 4236 verum
1186 4174 1246 4251 esf,

61 4308 144 4369 quam
166 4288 204 4349 ad
226 4284 354 4365 aliquid,
375 4290 456 4367 quod
477 4286 577 4350 salsum
599 4286 656 4364 est,
677 4304 777 4349 verum
798 4285 854 4346 esse
874 4284 1086 4363 affirmandum
1106 4299 1137 4345 at
1157 4303 1243 4350 unam
1262 4272 1271 4284 ⁰
