2934 4900
255 349 312 418 132
669 335 851 403 Ethicee
878 333 947 400 Pars
967 333 1020 400 111.

636 515 659 576 Ρ
671 516 700 577 R
711 516 738 577 0
750 515 772 575 Ρ
783 514 810 576 0
820 514 841 575 S
851 514 866 574 l
875 513 905 574 Τ
916 513 968 575 10
997 511 1051 574 VI.

297 627 481 706 unaqueque
500 646 564 705 res,
585 640 723 706 quantum
743 632 777 688 in
787 628 823 704 fe
842 625 894 704 est,
915 630 947 685 in
958 627 1014 703 suo
1032 623 1083 703 effe
1097 624 1293 703 perseverare
1311 637 1452 702 conatur·

644 785 1040 832 uumousruurrm

292 882 354 942 Res
385 880 462 942 enim
491 879 646 962 fingulares
677 882 756 944 modi
789 881 874 957 sunt,
902 879 1011 957 quibus
1038 879 1095 940 Dei
1124 878 1267 940 attributa
1295 893 1381 938 certo
1412 893 1447 937 et

252 993 447 1056 determinato
476 997 564 1056 modo
594 994 796 1071 exprimuntur
823 995 896 1073 (per
925 993 1027 1054 Coroll.
1054 994 1143 1071 Prop.
1172 1004 1220 1067 25.
1236 1004 1269 1071 p.
1295 991 1354 1070 1.);
1381 990 1445 1050 hoc

253 1106 293 1166 est
322 1105 394 1185 (per
413 1108 502 1186 Prop.
524 1123 573 1187 34.
589 1121 622 1186 p.
647 1107 686 1186 r.)
713 1125 776 1182 res,
798 1125 863 1183 quae
884 1105 942 1166 Dei
962 1103 1144 1183 potentiam,
1164 1122 1222 1181 qua
1243 1105 1326 1165 Deus
1346 1103 1389 1163 est
1412 1119 1447 1163 et

252 1215 329 1296 agit,
358 1232 439 1278 certo
468 1232 498 1278 et
527 1217 721 1279 determinato
747 1219 838 1280 modu
859 1217 1043 1294 exprimunt;
1064 1233 1160 1292 neque
1182 1217 1239 1276 ulla
1260 1232 1306 1277 ree
1328 1215 1447 1292 aliquid

167 1413 168 1420 4
251 1329 281 1390 in
310 1330 339 1391 se
367 1330 473 1406 habet,
495 1349 511 1392 a
533 1347 594 1408 quo
622 1331 708 1407 poffit
736 1329 860 1407 destrui,
880 1329 940 1392 five
962 1331 1044 1406 quod
1065 1327 1130 1405 ejus
1149 1325 1332 1388 existentiam
1353 1327 1448 1387 tollat

251 1441 324 1522 (per
343 1443 432 1522 Prop.
453 1463 482 1522 4.
503 1439 620 1521 hujus);
641 1441 689 1504 sed
712 1458 815 1504 contra
835 1442 862 1503 ei
884 1441 982 1518 omni,
1003 1444 1084 1518 quod
1105 1441 1232 1518 eiusdem
1254 1439 1445 1500 existentiam

250 1553 348 1630 potest
375 1553 496 1630 tollere,
526 1553 690 1630 opponitur
721 1554 793 1634 (per
824 1555 912 1634 Ptop.
939 1555 1098 1634 praeeed.);
1128 1556 1262 1631 adeoque
1294 1567 1445 1630 quamtum

252 1663 366 1739 potest,
388 1679 418 1724 et
439 1662 470 1724 in
491 1663 519 1724 se
541 1663 598 1740 est,
617 1663 647 1725 in
669 1663 722 1726 suo
745 1663 801 1726 effe
820 1665 1004 1742 perseverare
1025 1680 1159 1726 conatur.
1203 1667 1236 1741 Q.
1258 1665 1295 1726 E.
1316 1665 1357 1724 D.

629 1804 958 1868 PROPOSITIO
993 1807 1060 1867 v11.

294 1917 419 1978 Conatus
429 1963 439 1994 ,
460 1937 513 1994 quo
533 1935 709 1996 unaquaeque
729 1938 777 1978 res
795 1922 828 1978 t'n
841 1917 898 1994 suu
916 1918 969 1996 effe
984 1919 1177 1997 perseverare
1197 1930 1333 1993 conatur,
1367 1915 1449 1976 nihil

255 2026 293 2105 est
309 2041 422 2106 prum
440 2028 528 2108 ipstus
549 2032 595 2090 ret·
612 2029 752 2090 malem
772 2029 923 2109 effentiam.

647 2159 1042 2220 neuousruurrm

293 2267 340 2328 Ex
371 2270 439 2330 datu
470 2266 669 2345 cujuscunque
700 2268 741 2329 rei
773 2267 893 2330 effentia
923 2271 1058 2344 quaedam
1088 2264 1246 2328 neceffurio
1274 2266 1444 2342 sequuntur

254 2377 329 2459 (per
349 2380 438 2460 Prop.
456 2381 505 2457 36.
521 2394 554 2460 p.
568 2381 626 2460 r.),
646 2397 700 2441 nec
722 2397 768 2440 res
788 2379 867 2442 aliud
887 2377 1023 2456 potsunt,
1044 2395 1130 2456 quam
1151 2377 1182 2438 id
1188 2421 1199 2454 ,
1221 2379 1303 2455 quod
1324 2395 1362 2436 ex
1382 2379 1433 2436 de·

253 2490 407 2552 terminata
438 2508 536 2553 earum
567 2507 670 2553 natura
700 2488 857 2554 necefl‘ario
888 2490 1021 2568 sequitur
1046 2492 1118 2569 (per
1144 2491 1235 2568 Prop.
1256 2506 1305 2565 29.
1323 2508 1355 2565 p.
1380 2490 1438 2567 1.);

254 2620 343 2679 quare
370 2601 571 2680 cujuscunque
599 2602 639 2665 rei
665 2603 801 2679 potentie
829 2601 890 2665 five
910 2617 1052 2679 conatus,
1073 2619 1135 2679 quu
1154 2601 1216 2677 ipsa
1237 2600 1286 2663 vel
1306 2600 1368 2660 solt
1387 2602 1436 2662 vel

253 2731 318 2775 cum
348 2714 412 2773 aliie
440 2714 598 2790 quidquam
629 2713 689 2793 agit
715 2714 764 2776 vel
792 2732 875 2793 egere
896 2730 1038 2789 conatur,
1060 2712 1118 2773 huc
1140 2712 1181 2773 est
1203 2711 1278 2791 (per
1297 2711 1387 2790 Prop.
1406 2714 1438 2769 ό.

253 2822 352 2903 husus)
381 2825 516 2901 potentia
544 2824 602 2889 five
631 2840 776 2902 conatus,
803 2844 864 2903 quo
891 2826 922 2887 in
942 2827 996 2887 suo
1017 2824 1071 2887 effe
1091 2824 1275 2901 perseverare
1295 2838 1435 2896 conatur,

253 2935 325 2995 nihil
353 2936 394 2997 est
421 2951 525 3013 praeter
545 2936 634 3013 ipfius
654 2937 696 2998 rei
717 2940 815 2999 datam
836 2937 895 3001 five
917 2940 1057 3000 attuulem
1077 2934 1234 2999 essentiam.
1276 2936 1310 3012 Q.
1331 2934 1370 2996 Ε.
1389 2935 1430 2994 D.

618 3080 949 3142 PROPOSITIO
989 3081 1070 3141 Vlll.

296 3184 433 3264 Certatur,
453 3202 506 3267 quo
525 3208 701 3269 unaquaque
720 3212 768 3251 res
786 3196 819 3252 ἐκ
831 3190 888 3268 suo
908 3192 959 3272 effe
971 3194 1163 3270 perseverare
1179 3204 1310 3267 conatur,
1328 3190 1435 3249 nullum

253 3312 361 3378 tempus
377 3300 582 3391 finitumsed
600 3302 780 3382 indefinitum
798 3306 935 3365 involvit.

653 3448 1048 3497 utnumeruurrm

294 3524 324 3586 Si
345 3524 421 3586 enim
449 3538 565 3601 tempus
590 3524 746 3590 limitatum
767 3526 951 3605 involveret,
972 3531 1054 3606 quod
1074 3528 1115 3589 rei
1135 3528 1319 3591 durationem
1340 3531 1433 3591 deter-

255 3635 392 3713 minaret,
412 3650 474 3698 tum
495 3656 533 3697 ex
555 3637 614 3698 sola
634 3636 696 3715 ipsa
717 3639 871 3716 putentia,
889 3658 946 3717 qua
963 3658 1009 3702 res
1026 3640 1141 3717 existit,
1158 3640 1336 3717 sequeretur,
1354 3644 1434 3717 quod

253 3764 299 3807 res
319 3746 385 3823 post
405 3746 560 3810 limitatum
581 3748 654 3810 illud
674 3764 791 3826 tempus
808 3767 868 3811 nun
886 3750 979 3827 puiset
997 3751 1133 3829 existere,
1151 3753 1200 3814 sed
1217 3755 1299 3830 quod
1317 3755 1435 3813 deberet

254 3856 376 3934 destrui;
396 3857 478 3935 atqui
498 3858 557 3920 hoc
578 3859 653 3939 (per
672 3862 761 3941 Prop.
779 3882 808 3942 4.
829 3842 930 3942 hujus)
951 3862 992 3923 est
1013 3862 1182 3925 absurdum:
1204 3881 1273 3943 ergo
1293 3879 1435 3937 conatus,

254 3984 315 4045 quo
334 3983 380 4029 ret
401 3967 515 4046 existit,
544 3970 654 4033 mullum
676 3986 793 4048 tempus
812 3973 963 4035 definitum
984 3974 1131 4051 involvit;
1152 3974 1202 4037 sed
1222 3991 1341 4051 corum,
1360 3994 1432 4052 quo·

254 4078 329 4141 niam
361 4080 433 4160 (per
453 4084 568 4143 eandem
588 4085 677 4163 Prup.
697 4106 726 4165 4
748 4083 866 4165 husus),
889 4085 908 4146 sr
930 4106 946 4147 a
966 4088 1044 4148 nulla
1065 4102 1185 4148 externa
1207 4087 1291 4148 causa
1312 4088 1432 4149 destrua-

253 4206 319 4268 tur,
345 4193 444 4254 eudem
473 4194 608 4270 potentie
615 4239 626 4271 ,
654 4214 712 4273 qua
729 4196 789 4273 jam
809 4196 923 4275 existit,
952 4198 1073 4261 existere
1095 4213 1197 4279 perget
1218 4198 1346 4274 semper,
1364 4191 1430 4277 erg'o

253 4300 301 4362 hic
321 4318 447 4365 conatus
468 4321 584 4381 tempus
605 4306 788 4369 indefinitum
809 4308 947 4373 involvit.
989 4312 1022 4388 Q.
1043 4310 1081 4373 E.
1101 4312 1142 4373 D.
1444 4347 1445 4406 4
