2934 4900
218 277 277 356 διο
692 265 933 344 irascatur

216 453 355 533 Eljafibi,
374 453 500 532 jojada,
520 455 683 532 Jonacanis,
703 469 732 517 ea
750 455 874 526 Jaduuae
895 455 1022 536 supra¹
1045 465 1165 534 regnam
1182 457 1280 518 narsi
1300 457 1397 536 Persa

209 569 322 647 scripti
335 568 423 644 sunt,
438 583 541 644 nempe
552 565 582 628 in
594 567 818 648 chronologiis:
840 583 930 646 atque
950 569 1094 630 neminem
1115 569 1277 632 existimare
1298 573 1399 642 credo,
1448 598 1449 623 ι

216 681 299 756 quod
319 678 456 740 chras*
478 695 529 740 aut
548 679 706 741 Nehemias
727 682 803 743 adeo
823 680 952 759 longaevi
973 681 1101 758 nrerint,
1121 697 1156 744 ut
1177 683 1398 759 quatuordecim

215 791 314 870 Reges
344 789 490 852 Persarum
520 790 752 869 supervixerint3
784 811 849 854 narn
881 793 978 872 Cyrus
1008 793 1137 856 omnlum
1158 794 1271 870 pomus
1292 794 1399 875 Judae'u

216 905 331 969 veniam
351 903 472 983 largitus
492 903 532 966 est
553 905 692 982 templum
712 903 925 982 reaedificandi,
946 918 977 965 et
996 908 1034 966 ab
1055 921 1092 966 eo
1111 921 1242 981 tempore
1262 904 1399 982 usquead
1444 892 1450 922 '

215 1018 352 1093 Darium,
380 1017 523 1080 decimum
551 1033 685 1095 quartum
706 1033 738 1078 et
757 1016 892 1078 ultimum
919 1015 1067 1079 Persarum
1096 1018 1224 1095 Regem,
1245 1017 1326 1078 ultra
1346 1033 1400 1093 23⁰
1447 984 1449 1125 l

216 1130 284 1192 anni
306 1144 502 1191 numerantur.
542 1130 640 1212 Quare
660 1147 721 1190 non
743 1129 867 1204 dubito,
888 1129 960 1206 quin
980 1129 1012 1190 hi
1031 1128 1097 1190 lllsri
1118 1131 1228 1191 dudum
1248 1129 1399 1206 postquam
1446 1168 1449 1225 Α

214 1243 306 1324 Judas
335 1241 525 1304 Machabaeus
554 1241 654 1318 templi
686 1243 797 1304 crdtum
828 1239 1000 1304 restauravit
1028 1240 1131 1317 scripti
1161 1239 1293 1318 fuerint,
1314 1240 1400 1318 idque
1448 1242 1451 1329 l

217 1352 286 1430 quia
306 1369 368 1415 tum
389 1353 530 1430 temporis
552 1351 611 1414 falfi
633 1353 782 1429 Danielis,
810 1355 915 1414 Hezrae
936 1368 967 1415 et
987 1352 1095 1414 Esteris
1115 1353 1180 1414 libri
1201 1356 1368 1415 edebantur
1386 1373 1400 1413 a
1449 1360 1451 1435 l

215 1468 368 1531 malevolis
388 1465 577 1544 quibusdam,
597 1465 649 1544 qui
669 1464 728 1527 stne
749 1465 843 1528 dubio
864 1465 957 1528 Sada
977 1465 1205 1527 Tsaducaeorum
1226 1483 1400 1542 erant;nam

215 1577 349 1640 Pharisaei
369 1597 518 1656 nunquam
538 1578 605 1640 illos
626 1577 735 1656 libros,
754 1580 837 1656 quod
858 1578 962 1656 sciam,
982 1595 1166 1655 receperunt.
1206 1577 1247 1639 Et
1269 1580 1402 1656 quamvis

215 1693 245 1754 in
273 1692 365 1769 libro,
392 1692 443 1770 qul
471 1693 576 1753 Hezrae
605 1707 726 1769 quartus
754 1691 879 1770 dicitur,
906 1693 1013 1754 fabrslae
1040 1694 1173 1769 quaedam
1200 1693 1401 1768 reperiantur,

216 1823 289 1882 quas
306 1805 392 1868 etiam
414 1805 444 1866 in
464 1805 607 1866 Talmude
633 1804 773 1884 legimus,
800 1821 862 1866 non
882 1817 981 1866 tamen
1000 1803 1070 1866 ideo
1091 1803 1241 1865 Pharilaeis
1261 1805 1331 1866 sunt
1352 1806 1402 1865 tri·

215 1918 343 1994 buendi;
372 1935 454 1994 narn,
483 1914 505 1977 st
536 1916 740 1993 stupidilsrmos
770 1919 886 1988 demas,
917 1917 1014 1978 nulus
1046 1934 1148 1979 eorum
1178 1917 1238 1994 en,
1268 1917 1321 1994 qui
1343 1937 1402 1979 non

216 2033 332 2106 credat,
360 2029 423 2091 illas
450 2030 562 2091 fabulas
591 2031 627 2090 ab
655 2029 756 2106 aliquo
777 2045 920 2108 nugatore
941 2028 1069 2106 adjectas
1089 2027 1189 2106 fullie3
1210 2031 1403 2107 quodetiam

217 2143 305 2204 credo
326 2141 441 2219 aliquos
461 2140 576 2217 fecille,
597 2155 630 2202 ut
653 2159 755 2204 eorum
776 2141 951 2203 traditiones
977 2141 1113 2203 omnibus
1133 2143 1269 2204 ridendas
1290 2147 1404 2219 prabe-

216 2269 290 2316 rent.
317 2255 374 2315 Vel
394 2255 472 2316 forte
492 2271 526 2314 ea
544 2256 581 2315 de
603 2253 687 2315 causa
709 2269 772 2316 tum
793 2253 934 2330 temporis
955 2254 1092 2332 descripti
1112 2269 1203 2333 atque
1221 2255 1298 2316 editi
1317 2255 1405 2330 sunt,

216 2381 251 2425 ut
276 2367 390 2442 populo
420 2365 620 2442 ostenderent,
648 2365 778 2427 Danielis
809 2366 983 2442 Prophetias
1011 2366 1182 2443 adimpletas
1209 2358 1284 2444 elle,
1311 2381 1407 2444 atque
1449 2424 1450 2447 ,

216 2496 282 2539 eum
302 2478 356 2539 hac
376 2477 490 2540 ratione
510 2478 540 2539 in
562 2478 701 2559 religione
723 2479 945 2557 confirmarent,
964 2498 1001 2542 ne
1023 2481 1059 2541 de
1079 2478 1249 2541 melioribus
1259 2494 1292 2540 et
1303 2481 1406 2541 ftttura
1449 2453 1452 2526 l

216 2588 308 2650 salute
329 2588 358 2650 in
380 2589 471 2650 tantis
501 2590 716 2653 calamitatibus
749 2592 921 2669 desperaret.
963 2590 1241 2668 Verumenimvero,
1265 2590 1408 2667 quamuis
1449 2529 1452 2672 1

216 2700 246 2761 1ιί
266 2700 332 2764 libri
360 2703 434 2764 adeo
462 2718 594 2765 recentes
616 2719 645 2764 et
668 2703 742 2767 novi
760 2702 834 2782 lint,
855 2705 954 2766 multae
974 2719 1071 2765 tamen
1092 2705 1204 2765 mendae
1223 2721 1262 2764 ert
1284 2703 1407 2764 festina·

215 2812 315 2891 tione,
335 2814 366 2877 ni
387 2816 488 2893 fallor,
508 2815 731 2877 describentium
752 2816 784 2876 in
805 2817 921 2878 eosdem
941 2814 1125 2892 irrepserunt.
1151 2815 1186 2874 ln
1205 2812 1284 2875 hisce
1306 2815 1407 2891 enim,

215 2941 250 2987 ut
277 2926 307 2987 in
334 2926 469 3005 reliquis,
496 2943 575 2988 notae
596 2927 782 3008 marginales,
802 2930 839 2988 de
859 2926 968 3003 quibus
992 2925 1023 2987 in
1048 2924 1226 3001 praecedenti
1252 2942 1319 3002 cap.
1342 2928 1406 3005 egi·

217 3055 296 3116 mus,
317 3041 414 3117 plures
434 3039 522 3101 etlam
541 3040 742 3116 reperiuntur,
762 3055 792 3101 et
813 3053 953 3116 praterea
973 3038 1061 3101 etiam
1081 3039 1147 3101 loca
1166 3040 1317 3115 quedam,
1335 3058 1408 3116 qut

216 3150 294 3212 nulla
315 3150 370 3212 alis
390 3150 503 3213 ratione
525 3151 655 3214 excusari
675 3151 814 3229 possunt,
833 3167 868 3212 ut
884 3150 945 3228 jam
966 3150 1129 3212 ostendam:
1151 3149 1201 3213 sed
1219 3150 1304 3227 prius
1325 3152 1408 3211 circa

216 3262 318 3325 horum
338 3262 507 3343 marginales
527 3263 668 3326 lediiones
689 3263 785 3326 notari
807 3265 897 3339 volo,
917 3266 1001 3341 quod
1022 3262 1043 3323 li
1064 3262 1213 3325 Pharisaeis
1233 3268 1406 3325 conceden-

215 3376 299 3451 dum,
328 3392 377 3436 eas
406 3392 488 3453 aque
516 3374 652 3452 antiquas
681 3376 738 3437 else
767 3394 799 3437 ac
826 3376 907 3453 ipsos
935 3376 1038 3438 honum
1059 3376 1197 3437 librorum
1214 3375 1408 3452 Scriptores,

214 3501 276 3547 tum
297 3485 451 3549 neteliario
473 3486 628 3549 dicendum
647 3489 717 3565 erit,
734 3488 898 3565 Scriptores
916 3488 995 3567 ipsos
1000 3488 1129 3565 ,liforte
1147 3490 1245 3564 plures
1261 3488 1406 3562 fuerunt,

214 3614 264 3659 eas
284 3616 318 3658 ea
339 3601 376 3660 de
396 3597 481 3661 caula
502 3598 662 3675 notavil'e,
682 3600 752 3678 quia
771 3600 847 3677 ipsas
868 3599 1101 3681 Chronologias,
1122 3603 1201 3662 unde
1220 3618 1272 3661 eas
1293 3600 1405 3662 descri-

213 3708 348 3787 pserunt,
368 3728 429 3773 ιιοιι
448 3710 518 3773 satis
538 3728 672 3774 accurate
699 3713 822 3790 scriptas
841 3713 1035 3790 invenerunt3
1056 3728 1086 3775 et
1107 3714 1242 3793 quamvis
1261 3717 1404 3791 quadam

214 3823 325 3885 mendae
346 3823 428 3883 clare
450 3820 557 3901 essent,
578 3810 638 3887 non
659 3840 756 3887 tamen
777 3824 863 3889 ausos
884 3825 968 3888 tuille
996 3826 1184 3904 antiquorum
1204 3839 1236 3886 et
1256 3825 1405 3903 majorum

214 3932 319 4011 scripta
349 3938 510 3997 emendare.
549 3938 615 3999 Nec
646 3955 722 4017 opus
750 3937 811 4016 jam
841 3938 954 4017 habeo,
985 3954 1019 4001 ιιι
1048 3942 1086 4001 de
1112 3938 1158 4000 his
1186 3937 1332 4016 prolixius
1353 3938 1404 3999 ltic

251 4124 259 4151 ¹
296 4122 355 4174 ns.
374 4120 426 4173 nn
449 4120 570 4191 ιμιιαι
591 4124 679 4187 uisu,
701 4137 773 4177 error
797 4124 962 4177 arcannm
984 4123 1049 4186 rust,
1071 4122 1117 4187 qu
1132 4094 1174 4187 ‘ru
1187 4122 1271 4191 supr·
1287 4136 1338 4187 pm
1355 4120 1401 4183 tta

213 4200 291 4269 usque
308 4202 412 4267 scripsit.

246 4292 259 4319 ⁸
294 4285 337 4338 Cf.
353 4288 450 4339 donot.
466 4288 560 4340 XXIV.
