2934 4900
236 319 293 389 194
648 297 923 375 ethicestars
943 296 997 366 IV.

231 480 396 540 necessitate
413 477 520 541 divinae
538 492 667 553 natutae,
684 492 830 554 quatenns
848 475 971 555 alicujus
987 474 1114 537 hominis
1132 476 1198 538 idei
1212 474 1421 539 affedtutcon·

227 592 387 671 sidereum,
403 592 499 655 totius
514 594 635 654 Natutae
653 593 745 667 ordo,
761 605 907 667 quatenus
918 588 979 667 ipsa
989 588 1041 651 sub
1052 588 1241 651 Entenfionis
1252 604 1283 651 et
1293 586 1421 667 Cogita·
1457 614 1458 625 κ

230 703 322 766 tionis
342 703 491 765 attributis
508 703 686 780 concipitur,
702 702 809 765 deduci
827 705 961 780 debetet3
979 718 1068 779 atque
1086 704 1160 765 adeo
1179 702 1250 781 (per
1265 703 1357 781 Prop.
1370 716 1419 760 21.
1457 780 1458 785 ἵ

225 830 258 897 p.
282 818 347 897 1.*)
370 817 554 895 sequeretur,
574 833 610 880 ut
628 818 718 879 homo
740 816 808 878 esset
831 815 979 892 infinitus,
997 818 1078 894 quod
1097 815 1169 895 (per
1188 831 1213 876 1.
1226 828 1312 895 part.
1329 812 1420 889 husus

229 931 488 1010 demonstrationis)
505 931 546 991 est
564 929 726 993 absurdum.
748 930 823 991 Fieri
840 930 940 1005 itaque
958 929 1078 1006 nequit,
1097 944 1130 989 ut
1138 928 1228 989 homo
1239 928 1333 989 nullas
1344 927 1419 988 alias

228 1042 357 1118 patiatur
383 1042 579 1121 mutationes,
605 1042 658 1103 nist
679 1058 801 1119 quatum
821 1041 882 1118 ipse
903 1043 1055 1117 udaequata
1077 1040 1112 1101 sit
1132 1040 1226 1102 causa.
1259 1042 1293 1117 Q.
1314 1040 1354 1101 E.
1376 1040 1418 1101 D.

641 1186 1004 1233 connituntun.

267 1265 344 1327 Hinc
362 1267 503 1345 sequitur,
518 1268 665 1329 hominem
682 1267 840 1329 necessario
859 1267 1035 1343 passionibus
1052 1266 1229 1343 elsesempet
1240 1266 1420 1341 obnoxium,

201 1405 206 1413 ·
226 1397 467 1457 communemque
487 1382 609 1442 Natutae
631 1380 762 1442 ordinem
784 1379 867 1457 sequi
885 1395 916 1441 et
933 1379 1026 1442 eidem
1045 1396 1156 1457 parete,
1172 1378 1290 1457 seseque
1309 1379 1419 1456 eidem,

226 1508 368 1569 quantum
388 1511 481 1554 terum
502 1509 605 1554 natura
626 1493 736 1572 exigit,
758 1494 987 1553 accommodare.

621 1643 950 1705 PROPOSITIO
981 1644 1020 1703 V.

267 1742 322 1802 Vis
341 1754 370 1802 et
388 1744 589 1801 incrementum
608 1740 798 1817 cujuscunque
811 1741 966 1820 pafft'onis,
984 1740 1100 1817 ejusque
1115 1744 1148 1801 itt
1164 1742 1304 1820 existendo
1314 1746 1418 1825 perse-

225 1858 380 1929 vetantia,
409 1872 464 1913 non
494 1852 632 1931 definitur
658 1854 806 1932 potentini,
838 1870 896 1929 qua
927 1856 1033 1911 notin
1059 1853 1198 1931 existendo
1219 1856 1420 1934 perseverare

225 1986 373 2043 conamur,
387 1968 446 2044 sed
463 1967 557 2044 causa
576 1980 704 2026 externit
720 1965 856 2049 potentini
872 1982 933 2024 cunt
953 1966 1050 2044 nostra
1069 1964 1245 2045 comparatis.

612 2110 1008 2157 nnmonsunnutm

265 2190 402 2252 Paffionis
430 2190 549 2252 essentia
577 2208 637 2252 non
663 2190 760 2266 potest
781 2208 832 2267 pet
852 2189 940 2251 solam
961 2190 1086 2252 nostram
1107 2190 1254 2254 essentiam
1276 2194 1421 2271 explicati

226 2303 298 2382 (per
324 2303 418 2383 Defin.
449 2319 474 2363 1.
501 2317 530 2362 et
557 2321 587 2363 2.
610 2316 642 2383 p.
672 2302 715 2381 3.)
722 2347 733 2379 ,
754 2300 812 2361 hoc
834 2301 875 2361 est
897 2301 968 2381 (per
988 2304 1077 2383 Prop.
1100 2318 1127 2379 7.
1145 2317 1178 2383 p.
1200 2304 1260 2383 3.),
1281 2306 1423 2380 passionis

226 2415 361 2492 potentia
379 2415 491 2478 definiti
509 2415 613 2493 nequit
630 2415 783 2493 potentii,
803 2433 861 2493 qua
883 2414 913 2476 in
934 2415 1032 2478 nostro
1054 2414 1109 2477 esse
1127 2415 1310 2492 perseverate
1326 2436 1422 2480 conn-

225 2547 305 2603 mur,
336 2528 386 2590 sed
417 2529 464 2606 (ut
494 2529 582 2608 Prop.
614 2530 659 2589 16.
682 2540 714 2607 p.
737 2545 765 2589 α.
786 2528 921 2606 ostensum
942 2527 993 2607 est)
1015 2528 1129 2590 definiri
1150 2527 1305 2590 necessario
1328 2531 1423 2593 debet

225 2638 361 2716 potentii
382 2638 474 2700 causae
496 2653 625 2700 externae
645 2657 712 2700 cum
733 2638 828 2700 nostra
850 2642 1026 2716 comparati.
1061 2641 1094 2718 Q.
1116 2643 1154 2702 E.
1174 2643 1215 2703 D.

611 2779 944 2842 PROPOSITIO
975 2783 1028 2842 vl.

266 2887 322 2953 Vis
349 2892 474 2968 alicujus
499 2891 653 2971 pastionis,
679 2893 735 2970 feu
761 2890 894 2969 affeiitis,
920 2895 1049 2972 reliquas
1069 2893 1191 2956 hominis
1211 2897 1349 2974 adiuuet,
1366 2902 1425 2976 seu

221 3009 394 3082 potentiam,
403 3005 550 3084 superare
560 3005 667 3084 potest,
683 3009 729 3066 ita
743 3019 777 3066 ut
790 3003 910 3082 affciius
921 3010 1117 3087 pertinaciter
1131 3007 1240 3071 mmm
1255 3007 1425 3073 adstarent.

621 3151 1016 3200 nnmonsuunntm

266 3229 321 3290 Vis
352 3245 383 3297 et
412 3231 621 3292 incrementum
653 3230 856 3308 cujuscunque
888 3231 1041 3308 passionis,
1070 3231 1190 3310 ejusque
1211 3233 1241 3294 in
1263 3233 1423 3299 existendo

228 3343 456 3419 perseverantia,
477 3343 616 3406 desinitur
634 3344 772 3421 potentii
792 3343 885 3406 causae
907 3360 1035 3406 externae
1052 3364 1117 3407 tum
1136 3346 1231 3407 nostra
1248 3355 1425 3425 comparati

226 3455 300 3535 (per
318 3457 407 3535 Prop.
424 3456 547 3536 prae.);
568 3458 702 3533 adeoque
724 3457 797 3537 (per
816 3459 906 3538 Prop.
927 3475 955 3535 3.
976 3456 1077 3536 hujus)
1097 3457 1224 3520 hominis
1251 3461 1424 3536 potentiam

227 3567 361 3645 superate
381 3568 495 3646 potest,
517 3575 593 3630 etc.'
609 3569 642 3646 Q.
663 3569 701 3631 E.
722 3571 761 3632 D.

603 3713 932 3776 PROPOSITIO
967 3715 1035 3776 v11.

266 3823 394 3902 Affeiius
422 3827 546 3884 coe'rceri
575 3844 624 3886 nec
655 3828 717 3886 tolli
742 3827 846 3907 potest,
878 3826 932 3904 ntfi
950 3841 1008 3908 per
1035 3823 1169 3905 afftiium
1188 3833 1375 3890 contrarium
1396 3847 1423 3892 et

221 3937 377 4015 fortiorem
396 3935 502 4014 offeiiu
521 3941 675 4000 coe'rcendo.

619 4084 1021 4130 nnmonstunn1m

265 4150 416 4238 Affen'us,
453 4178 599 4238 quatenus
634 4166 672 4225 ad
708 4165 841 4225 Mentem
880 4165 1020 4242 tesettut,
1052 4166 1093 4227 est
1123 4165 1206 4244 idea,
1236 4185 1295 4244 qua
1328 4171 1423 4236 Mens

259 4332 273 4367 *
307 4331 434 4396 Schmidt,
449 4333 596 4394 Auetbnch,
612 4331 717 4383 Brudet.
732 4359 766 4372 ·-
783 4333 830 4384 Ed.
847 4335 905 4385 ΡΜ
918 4347 948 4402 p.
965 4349 990 4386 n.
