2934 4900
344 288 1017 370 'l‘heologico-PoliticiCap.IV.
1215 310 1273 373 423

72 483 157 540 nos,
178 484 239 542 quo
266 465 357 546 magis
377 484 423 527 res
444 467 590 529 naturales
618 437 842 547 cognoscimus,
869 487 907 529 eo
928 468 1065 545 majorem
1087 485 1118 531 et
1139 470 1274 547 perfeeti-

71 596 163 638 orem
183 578 241 638 Dei
262 578 463 657 cognitionem
484 580 649 656 acquirere;
671 582 718 644 vel
741 580 895 659 (quoniam
917 580 1051 661 cognitio
1074 582 1195 644 essemus
1221 599 1274 657 per

74 688 196 750 causam
216 689 289 751 nihil
308 690 388 752 aliud
408 690 465 766 est,
486 709 572 768 quam
593 691 686 752 causae
707 691 917 769 proprietatem
934 692 1058 771 aliquam
1070 694 1274 775 cognoscere),

75 820 146 880 quo
167 802 256 882 magis
276 820 322 863 res
342 804 488 865 naturales
509 803 728 882 cognoscimus,
750 821 787 864 eo
809 804 868 865 Dei
889 803 1037 867 essentiam
1049 807 1129 884 (quae
1142 806 1272 869 omniurn

74 932 177 975 rerum
197 915 282 975 causa
302 914 357 994 cst)
385 915 542 991 perfectius
569 915 761 995 cognoscere3
790 931 878 993 atque
901 919 975 979 adeo
1004 933 1070 979 tota
1098 917 1193 979 nostra
1222 938 1273 979 co·

76 1026 197 1106 gnitio,
217 1026 276 1088 hoc
297 1027 338 1087 est
360 1027 499 1089 summum
520 1027 649 1090 nostrum
659 1029 788 1105 bonum,
800 1047 860 1090 non
879 1030 1090 1091 tantumaDei
1101 1031 1274 1111 cognitione

76 1142 249 1216 dependet,
270 1140 319 1201 sed
339 1140 369 1201 in
386 1143 487 1201 eadem
509 1140 629 1202 omnino
652 1140 790 1203 consistit.
813 1142 903 1223 Quod
926 1142 1014 1203 etiam
1037 1160 1074 1203 ex
1094 1142 1154 1204 hoc
1176 1143 1273 1219 sequi·

77 1270 150 1329 tur,
176 1254 258 1329 quod
285 1254 375 1314 homo
403 1272 457 1329 pro
485 1268 588 1315 natura
618 1268 649 1315 et
678 1252 860 1329 perfectione
889 1252 946 1328 rci,
967 1272 1053 1330 quam
1075 1271 1134 1329 prae
1153 1252 1273 1331 reliquis

77 1380 177 1439 amat,
208 1382 246 1426 eo
277 1364 364 1426 etiam
395 1364 552 1440 perfectior
583 1364 641 1441 est,
669 1381 699 1426 et
731 1380 857 1425 contra:
889 1366 1024 1442 adeoque
1047 1366 1094 1427 ille
1114 1364 1272 1426 necessario

78 1474 300 1550 persediffimus
330 1473 371 1533 est
397 1489 427 1533 et
453 1476 489 1534 de
516 1473 624 1534 summa
650 1472 834 1536 beatitudine
865 1472 988 1534 manime
1019 1474 1193 1551 participat,
1220 1474 1272 1551 qui

79 1582 159 1658 Dei,
190 1581 268 1643 entis
299 1581 432 1645 nimirum
463 1581 671 1659 perfeeinmi,
702 1582 925 1645 intellectualem
957 1582 1157 1663 cognitionem
1188 1584 1274 1661 supra

79 1696 182 1757 omnia
201 1712 295 1773 amat,
315 1697 475 1772 eademque
499 1694 623 1756 maxime
644 1697 814 1757 delectatur.
836 1697 904 1758 Huc
925 1695 1026 1773 itaque
1048 1698 1176 1759 nostrum
1197 1698 1272 1759 sum-

79 1827 161 1871 mum
191 1811 302 1870 bonum
332 1808 488 1885 nostraque
520 1807 678 1869 beatitudo
710 1807 802 1884 redit,
830 1808 860 1868 in
889 1807 1091 1887 cognitionem
1112 1808 1221 1872 scilicet
1242 1828 1273 1873 et

79 1939 209 1983 amorem
236 1920 304 1981 Dei.
335 1920 435 1982 Media
465 1920 570 1999 igitur,
599 1939 664 1997 quae
686 1920 733 1981 hic
755 1920 821 1981 finis
843 1920 972 1983 omnium
992 1922 1179 1987 humanarum
1201 1923 1271 1986 atti-

81 2054 192 2109 onum,
222 2051 325 2109 nempe
352 2032 414 2109 ipse
441 2032 544 2108 Deus,
572 2046 718 2109 quatenus
747 2030 810 2108 ejus
839 2031 904 2093 idea
925 2032 955 2092 in
976 2031 1063 2094 nobis
1084 2034 1142 2110 est,
1162 2032 1272 2113 exigit,

77 2148 155 2228 jussa
176 2148 234 2209 Dei
255 2148 356 2212 vocari
377 2146 515 2225 posunt,
535 2146 605 2224 quia
626 2146 706 2223 quasr
726 2148 763 2207 ab
785 2145 850 2222 ipso
871 2147 955 2223 Deo,
977 2162 1122 2224 quatenus
1133 2147 1163 2209 in
1174 2148 1271 2209 nostra

79 2275 181 2321 mente
208 2259 323 2335 existit,
352 2259 439 2320 nobis
466 2257 708 2334 praescribuntur;
734 2272 823 2336 atque
853 2260 928 2319 adeo
949 2257 1025 2318 ratio
1047 2258 1184 2335 vivendi,
1205 2278 1271 2335 quae

80 2370 162 2431 hunc
181 2370 267 2431 finem
288 2369 417 2445 spedat,
436 2368 485 2428 lert
508 2366 607 2431 divina
629 2366 740 2445 optimc
762 2382 896 2433 vocatur.
927 2370 1069 2452 Quaenam
1091 2384 1187 2431 nutem
1208 2370 1271 2431 haec

79 2483 177 2544 media
209 2482 279 2559 srnt,
310 2497 340 2542 et
370 2500 504 2559 quaenam
534 2481 610 2544 ratio
644 2479 783 2557 vivendi,
814 2500 900 2559 quam
931 2481 978 2543 hic
1009 2481 1075 2543 finis
1103 2481 1213 2562 exigit,
1241 2497 1272 2543 et

80 2594 236 2670 quomodo
266 2592 345 2654 hunc
377 2591 497 2668 optima
527 2591 697 2667 reipublicae
728 2592 918 2654 fundamenta
949 2593 1123 2670 sequantur,
1143 2609 1174 2654 et
1194 2591 1270 2654 ratio

80 2704 205 2768 vivendi
235 2705 312 2766 inter
340 2703 490 2780 homines,
522 2705 559 2766 ad
591 2702 781 2768 universalem
808 2705 944 2767 Ethicam
973 2705 1110 2782 pertinet.
1132 2705 1188 2765 Hic
1210 2723 1271 2766 non

80 2816 135 2879 nifi
156 2818 192 2878 de
212 2817 276 2896 lege
297 2815 397 2880 divina
418 2815 447 2877 in
468 2833 574 2896 genere
594 2834 712 2896 pergam
732 2835 826 2897 agere.

123 2928 199 2990 Cum
219 2927 321 3006 itaque
337 2945 417 2989 amor
437 2927 496 2989 Dei
518 2929 626 2990 summa
647 2928 774 2990 hominis
793 2930 919 2991 felicitas
940 2929 975 2990 srt
995 2944 1025 2991 et
1045 2927 1219 3004 beatitudo,
1241 2941 1271 2988 et

80 3045 151 3106 finis
169 3045 290 3108 ultimus
310 3059 341 3106 et
361 3045 469 3120 scopus
491 3045 621 3106 omnium
642 3045 831 3106 humanarum
852 3045 1015 3122 allionum;
1037 3044 1183 3122 sequitur,
1204 3063 1270 3105 eum

81 3174 198 3219 tantum
218 3160 311 3238 legem
332 3156 460 3219 divinam
481 3155 581 3234 sequi,
603 3157 654 3234 qui
676 3159 774 3219 Deum
796 3175 888 3219 amare
910 3173 1008 3234 curat,
1029 3176 1089 3218 non
1111 3176 1148 3218 ex
1166 3156 1270 3218 timore

82 3271 235 3349 supplicii,
265 3289 360 3348 neque
389 3288 447 3346 prae
476 3288 574 3331 amore
602 3268 721 3331 alterius
742 3269 800 3346 rei,
822 3284 856 3330 ut
877 3269 1063 3345 deliciarum,
1083 3271 1182 3346 famae,
1203 3283 1271 3346 etc.‚

82 3384 134 3445 scd
155 3402 193 3444 ex
215 3401 252 3444 eo
278 3382 359 3456 solo,
387 3383 470 3459 quod
498 3383 595 3443 Deum
623 3381 727 3458 novit,
757 3381 815 3446 srve
838 3385 920 3458 quod
942 3381 1045 3457 novit,
1065 3380 1122 3442 Dei
1143 3380 1271 3460 cogniti·

83 3514 171 3556 onem
198 3511 229 3556 et
255 3513 381 3556 amorem
409 3495 547 3556 summum
573 3492 629 3554 esse
658 3497 779 3555 bonum.
808 3493 896 3572 Legis
925 3493 1014 3572 igitur
1035 3492 1142 3556 divinae
1164 3492 1271 3554 summa

83 3607 203 3687 ejusque
231 3607 370 3668 summum
397 3621 576 3683 praeceptum
606 3606 664 3682 est,
691 3608 786 3668 Deum
814 3622 848 3668 ut
869 3607 1008 3669 summum
1029 3608 1138 3668 bonum
1161 3623 1270 3682 amare3

82 3737 204 3796 nempe,
232 3734 266 3779 ut
288 3717 348 3795 jam
376 3717 520 3794 diximus,
549 3737 610 3780 non
639 3737 677 3778 ex
703 3733 785 3780 metu
807 3717 932 3795 alicujus
952 3716 1087 3795 supplicii
1108 3733 1138 3778 et
1159 3735 1270 3794 poenae,

83 3850 137 3892 nec
166 3849 225 3906 prae
256 3847 353 3891 amore
383 3829 503 3892 alterius
529 3829 588 3909 rei,
616 3849 675 3907 qna
696 3829 833 3892 delesiari
855 3829 1008 3906 cupimus;
1028 3829 1086 3890 hoc
1108 3819 1184 3890 enim
1204 3828 1271 3890 idea

83 3943 139 4004 Dei
160 3943 268 4019 distat,
287 3944 383 4004 Deum
406 3943 545 4006 summum
566 3943 621 4004 elle
642 3944 771 4005 nostrum
792 3941 990 4019 bonum,live
1002 3941 1058 4003 Dei
1070 3939 1271 4022 cognitionem

84 4071 114 4116 et
136 4073 262 4116 amorem
282 4056 367 4115 finem
390 4054 447 4116 esse
467 4054 619 4132 ultimum,
640 4057 677 4117 ad
697 4073 784 4134 quem
807 4073 907 4116 omnes
928 4053 1058 4116 astiones
1080 4054 1182 4115 nostrae
1205 4054 1273 4116 sunt

84 4168 251 4247 dirigendae.
277 4169 376 4229 Homo
399 4185 496 4230 tamen
517 4167 639 4230 carnalis
659 4168 722 4230 haec
744 4167 904 4247 intelligere
926 4165 1048 4242 nequit,
1070 4179 1100 4226 et
1121 4165 1174 4241 ipsi
1195 4184 1271 4227 vana

82 4283 238 4359 videntur,
259 4280 328 4364 quia
348 4278 433 4351 nimis
458 4280 588 4366 jejunam
615 4281 673 4352 Dei
692 4279 1021 4364 habctcognitionem,
1043 4295 1072 4348 et
1094 4276 1180 4351 etiam
1202 4277 1269 4364 quia
