2934 4900
565 305 621 366 De
653 304 750 364 Deo.
1212 313 1247 373 71

58 475 132 538 ririae
154 477 305 558 dirigeret.
326 479 429 556 Atque
450 477 491 540 ira
511 477 570 538 hoc
591 473 792 554 prejudicium
812 475 843 537 in
864 473 1098 552 superstitionem
1118 468 1249 543 versum,

59 604 90 649 et
111 591 185 650 altas
208 589 238 650 in
259 588 409 652 mentibus
430 588 491 668 egit
511 586 637 662 radices3
660 591 742 666 quod
759 587 791 650 in
809 586 894 650 causa
911 585 983 660 suit,
1002 601 1034 647 ut
1052 580 1252 660 unusquisque

59 699 188 764 maximo
210 717 322 764 conatu
344 701 473 762 omnium
493 717 586 764 rerum
608 699 709 762 causan
729 699 829 760 finales
849 697 1011 776 intelligere
1030 693 1135 772 easque
1155 691 1244 768 expli·

60 829 125 872 care
147 812 287 874 studeret.
328 814 387 874 Sed
407 814 475 875 dum
497 811 693 889 quaeuverunt
715 812 866 872 ostendere
873 812 1035 886 ,Naturam
1056 806 1130 869 nihil
1148 803 1250 866 frustra

61 921 133 998 (hoe
154 922 215 996 etl,
233 925 317 1000 quod
337 923 368 984 in
390 923 472 987 ulum
492 921 643 984 hominurn
662 941 723 986 non
740 923 790 1003 lit)
809 941 907 1002 agere,
925 920 999 983 nihil
1015 919 1094 981 aliud
1111 916 1249 981 videntur

61 1033 236 1108 ostendisse,
258 1053 344 1112 quam
365 1036 506 1098 Naturam
526 1034 667 1111 Deosque
690 1053 773 1112 aeque
793 1053 828 1096 ac
847 1032 982 1096 homines
1001 1031 1130 1093 delirare.
1170 1028 1248 1089 Vide

60 1143 179 1221 queso,
212 1164 275 1222 quo
305 1163 351 1206 rea
381 1149 497 1206 tandem
530 1145 637 1210 evasrtl
678 1146 759 1206 inter
788 1160 837 1208 tot
860 1147 982 1206 Naturae
1014 1144 1247 1204 commodanon

58 1275 154 1332 pauca
185 1256 311 1334 reperire
349 1259 515 1320 debuerunt
553 1257 760 1333 incommoda,
790 1256 976 1334 tempestates
1006 1254 1135 1329 scilicet,
1165 1268 1247 1314 terrae

58 1385 175 1443 morus,
204 1370 324 1432 morbos
352 1385 428 1445 ete,
453 1385 542 1448 atque
563 1371 626 1432 haec
648 1371 812 1434 statuerunt
834 1384 989 1445 propterea
1009 1365 1146 1442 evenire,
1166 1366 1248 1442 quod

56 1478 108 1540 Dii
130 1478 200 1540 irati
222 1478 314 1541 essent
333 1481 373 1541 ob
396 1480 514 1557 injurias
536 1481 587 1542 fibi
610 1483 645 1542 ab
668 1481 838 1542 hominibus
856 1482 960 1555 fastan,
977 1480 1038 1541 five
1061 1479 1101 1539 ob
1126 1490 1247 1554 peecata

55 1589 85 1649 in
106 1588 164 1652 suo
186 1591 271 1652 cultu
291 1589 453 1666 commiffa3
481 1605 512 1652 et
533 1591 668 1668 quamvis
689 1591 871 1668 experientia
893 1590 987 1652 indier
1006 1590 1192 1662 reclamaret,
1212 1604 1246 1647 ae

56 1699 183 1762 infinitis
210 1701 353 1777 exemplis
381 1701 562 1778 ostenderet,
591 1705 746 1766 commoda
770 1719 860 1781 atque
881 1701 1067 1764 incommoda
1087 1697 1144 1776 piis
1164 1715 1247 1774 aeque

56 1831 89 1872 ac
122 1811 224 1890 impiis
254 1811 417 1890 promiscue
449 1813 584 1890 evenire,
616 1833 677 1876 non
708 1816 777 1878 ideo
809 1818 845 1876 ab
876 1814 1043 1877 inveterato
1075 1807 1246 1887 prejudicio

57 1923 254 1986 destiterunt:
282 1924 398 1986 facilius
418 1924 551 1988 enimiir
573 1927 649 2003 luit,
677 1927 736 1988 hoc
756 1927 834 1988 inter
853 1926 908 1988 alia
934 1916 1102 2004 incognita,
1122 1939 1246 2000 quorum

57 2037 141 2098 usum
162 2037 358 2116 ignorabant,
385 2056 513 2114 ponere,
535 2055 565 2100 et
587 2039 625 2102 fic
646 2039 816 2116 praesentem
837 2040 920 2102 suum
939 2053 971 2101 et
991 2038 1123 2100 innatum
1142 2035 1246 2095 statum

58 2147 236 2228 ignorantiae
264 2149 406 2226 retinere,
434 2171 520 2228 quam
548 2167 641 2212 totam
668 2152 744 2214 illam
765 2151 902 2216 fabricam
923 2151 1067 2213 destruere
1087 2162 1118 2208 et
1138 2165 1245 2209 novam

56 2260 239 2340 excogitare.
280 2263 369 2324 Unde
397 2281 451 2338 pro
480 2277 561 2324 certo
590 2263 767 2340 statuerunt,
796 2267 928 2326 Deorum
950 2261 1062 2341 judicia
1089 2261 1245 2322 humanum

56 2386 178 2446 captum
197 2371 356 2452 longiffime
379 2372 526 2449 superare:
557 2393 623 2452 quae
645 2375 712 2436 sane
734 2375 821 2438 unica
841 2375 939 2437 fuisset
960 2374 1062 2450 causa,
1083 2389 1117 2435 ut
1137 2372 1246 2435 veritas

55 2484 216 2547 humanum
244 2501 337 2562 genus
365 2484 394 2545 in
426 2501 565 2547 aternum
593 2489 714 2565 lateret;
743 2488 794 2550 nist
822 2488 980 2565 Mathesrr,
1001 2507 1066 2565 cpuae
1087 2505 1147 2549 non
1169 2485 1245 2547 circa

56 2596 147 2671 linea,
176 2593 227 2657 sed
254 2610 368 2657 tantum
396 2594 471 2657 circa
499 2588 654 2677 figurarum
676 2598 809 2661 ellentias
830 2613 861 2660 et
879 2598 1077 2677 proprietates
1097 2596 1244 2671 uersatur,

57 2706 141 2767 aliam
171 2706 308 2769 veritatis
337 2725 465 2772 normam
498 2710 667 2772 hominibus
698 2710 881 2786 osteudilsct3
910 2728 941 2772 et
968 2726 1075 2788 praeter
1098 2707 1243 2771 Mathesrn

57 2820 120 2879 aliae
148 2818 239 2881 etiam
267 2819 407 2899 adfignari
436 2820 553 2897 poliunt
582 2822 674 2884 causae
704 2822 792 2901 (quar
818 2822 865 2883 hic
886 2839 1052 2885 enumerare
1073 2822 1243 2897 supervaca-

58 2950 148 2993 neum
176 2931 250 3011 est),
270 2951 288 2993 a
308 2931 416 3009 quibus
442 2934 504 2993 lieri
524 2933 643 3011 potuit,
664 2950 698 2995 ut
718 2934 852 2997 homines
872 2933 1037 2996 communia
1055 2934 1118 2994 haec
1137 2931 1243 3009 praeju·

58 3042 137 3105 dicia
158 3042 438 3120 animadverterent,
458 3060 489 3105 et
509 3045 539 3107 in
561 3064 658 3109 veram
678 3064 772 3109 rerum
792 3046 992 3127 cognitionem
1011 3048 1197 3107 ducerentur.

99 3153 158 3215 llir
187 3154 255 3215 satis
283 3154 411 3232 explicui
440 3156 487 3234 id,
515 3160 608 3237 quod¹
626 3158 720 3234 primo
749 3160 817 3219 loco
838 3156 963 3235 promisi.
1004 3160 1050 3221 Ut
1066 3158 1126 3237 jam
1147 3175 1244 3222 autem

59 3268 227 3340 ostendam,
248 3268 391 3329 Naturam
420 3268 506 3329 finem
537 3270 647 3331 nullutn
679 3270 730 3330 srbi
760 3272 908 3347 praefixum
935 3272 1059 3349 habere,
1086 3287 1116 3332 et
1144 3290 1245 3333 omnes

57 3378 161 3439 causae
190 3378 291 3439 finales
319 3376 390 3439 nihil
418 3378 469 3439 nifi
497 3380 621 3442 humana
648 3380 704 3443 else
724 3383 878 3461 figmenta,
898 3400 958 3444 non
980 3401 1057 3459 opus
1076 3382 1117 3443 est
1137 3384 1245 3445 multis.

59 3492 158 3552 Credo
181 3490 258 3551 enim
280 3490 309 3551 id
327 3490 386 3568 jam
408 3490 477 3553 satis
497 3492 647 3569 constare,
669 3509 727 3555 tam
748 3512 785 3554 err
802 3493 1244 3570 fundamentiaetcaulis,unde

59 3605 118 3663 hoc
139 3601 342 3679 prejudicium
365 3602 504 3683 originem
526 3604 604 3666 suam
625 3605 742 3667 traxilie
764 3606 893 3682 ostendi,
910 3626 996 3685 quam
1007 3626 1044 3671 ex
1055 3608 1246 3689 Proposstione

63 3720 108 3777 16.
138 3731 169 3777 et
200 3716 372 3776 Corollarir's
392 3718 407 3749 *
427 3718 632 3799 Propofitionis
660 3736 725 3796 32„
753 3735 783 3780 et
811 3736 950 3797 praeterea
977 3739 1014 3783 ex
1036 3720 1071 3782 iia
1092 3722 1244 3798 omnibus,

62 3830 172 3908 quibus
197 3827 328 3903 ostendi,
355 3829 452 3891 omnia
473 3847 583 3893 naturae
605 3835 712 3895 aeternd
733 3836 858 3909 quadam
877 3835 1060 3910 neceffitate,
1079 3834 1244 3913 summaque

64 3940 243 4019 perfellione
272 3941 438 4015 procedere.
483 3944 550 4004 Hoc
578 3959 675 4005 tamen
703 3946 798 4005 adhuc
826 3947 945 4022 addam,
971 3964 1093 4022 nempe,
1113 3946 1187 4007 hanc
1207 3950 1243 4010 de

64 4057 119 4116 fine
151 4051 311 4116 dodlrinam
339 4055 480 4117 Naturam
513 4054 633 4119 omnino
665 4073 806 4120 evertere.
846 4059 922 4119 Nam
952 4056 1002 4135 id,
1033 4063 1114 4137 quod
1144 4076 1244 4121 revera

99 4302 111 4333 ‘
143 4301 248 4357 Bruder·
263 4328 298 4339 -
314 4300 362 4357 Ed.
379 4302 436 4355 Por
454 4298 608 4355 Corollaria·
