2934 4900
192 289 250 368 488
309 351 312 358 ,
670 283 911 345 Tractatus

195 477 241 522 10.
270 460 312 523 vs.
347 477 391 540 14.
423 458 576 522 evidenter
606 458 756 536 (equitur,
786 459 866 520 hunc
897 458 1002 520 librum
1032 458 1133 520 multis
1164 458 1230 535 post
1262 457 1390 538 Josuam

190 571 303 634 saeculis
323 571 460 647 scriptum
480 570 583 632 fuine:
605 569 643 632 fic
664 570 742 632 enim
762 569 901 646 testatur,
928 572 1025 632 nullm
1053 572 1130 632 alius
1145 571 1233 649 ficuts'
1251 571 1303 630 ille
1325 573 1391 630 dies

185 683 268 761 fuit,
294 703 343 744 neo
369 697 455 744 antea
482 702 569 760 neque
592 683 706 762 postea,
737 701 791 760 quo
809 684 891 746 Deus
912 683 983 762 (ita)
1004 684 1132 744 obediret
1157 687 1312 761 marquart,
1335 698 1392 742 ere.

192 795 223 856 Si
243 812 330 873 quem
349 794 440 873 igitur
459 793 563 854 librum
583 793 674 874 Josua
695 812 823 870 unquam
843 792 969 870 scripit,
990 792 1047 854 fuit
1068 795 1135 856 sane
1154 795 1220 870 ille,
1241 794 1296 872 qui
1317 813 1392 869 cap.

195 923 241 968 10.
266 907 309 968 vs.
340 922 401 983 13„
429 905 459 967 in
479 906 535 967 hac
556 907 656 968 endem
685 904 796 966 scilicet
823 904 962 982 historia,
982 906 1100 968 citatur.
1140 906 1262 968 Librum
1282 921 1392 969 autern

191 1018 348 1099 Judicum,
369 1017 510 1080 neminem
532 1017 607 1079 sonae
629 1015 736 1078 mentis
754 1016 807 1077 {ibi
830 1015 1003 1092 persuadere
1022 1020 1127 1095 credo,
1150 1021 1187 1080 tb
1208 1017 1278 1094 ipfis
1297 1019 1391 1098 Judi·

192 1130 276 1192 cibus
296 1129 353 1192 eise
381 1129 533 1206 scriptum:
563 1129 699 1208 epilogus
719 1128 796 1189 enim
817 1129 914 1190 totius
934 1129 1079 1206 historiae,
1098 1130 1149 1206 qui
1169 1131 1297 1192 habetur
1317 1149 1391 1207 cap.

194 1261 222 1304 2.
229 1285 241 1320 ,
260 1243 335 1302 clare
356 1240 498 1318 ostendit,
519 1259 585 1302 eum
605 1255 704 1302 totum
725 1242 762 1300 ab
783 1258 844 1302 uno
865 1239 929 1301 solo
950 1240 1099 1304 Historico
1120 1241 1259 1318 scriptum
1288 1243 1391 1304 fuiiie.

194 1353 328 1430 Deinde,
348 1353 418 1430 quia
439 1352 503 1430 ejus
524 1353 656 1430 Scriptor
676 1353 752 1430 saepe
773 1369 892 1430 monet,
912 1356 995 1431 quod
1014 1352 1071 1414 iilis
1091 1353 1275 1430 temporibus
1285 1355 1392 1416 nulius

195 1479 257 1526 erat
287 1467 355 1526 Rex
385 1465 415 1526 in
446 1463 546 1540 Israel,
576 1482 636 1525 non
659 1464 780 1526 dubium
801 1465 860 1540 est,
881 1465 953 1542 quin
974 1465 1098 1542 scriptus
1118 1465 1209 1528 fuerit
1228 1467 1391 1545 postqffim

195 1577 346 1654 imperium
373 1578 471 1656 Reges
500 1574 700 1637 obtinuerant.
741 1575 829 1638 Circa
855 1576 998 1638 SamuEIis
1023 1577 1114 1640 libros
1135 1596 1196 1640 non
1215 1579 1307 1640 etiam
1327 1579 1391 1654 cst,

195 1709 246 1752 cur
266 1691 318 1752 diu
338 1706 497 1764 moremur,
518 1687 759 1766 quandoquidem
778 1689 898 1751 historia
918 1690 1006 1769 longe
1028 1690 1094 1766 post
1113 1689 1178 1767 ejus
1197 1691 1292 1752 vitatu
1311 1709 1387 1768 pro

196 1802 321 1864 ducitur.
362 1802 429 1861 Hoc
450 1814 548 1862 tamen
570 1814 684 1861 tantum
706 1799 803 1861 notari
825 1800 931 1876 velim,
950 1801 1028 1862 hunc
1048 1801 1154 1863 librum
1175 1802 1262 1864 etiam
1284 1804 1391 1865 multis

196 1915 261 1991 post
287 1913 447 1975 Samuelem
475 1911 588 1974 saeculis
616 1911 755 1988 scriptum
784 1910 879 1972 fuisse.
918 1913 995 1972 Nam
1014 1912 1080 1974 libr.
1105 1930 1131 1974 1.
1152 1933 1218 1990 cap.
1238 1932 1269 1992 9.
1288 1914 1336 1976 vs.
1359 1934 1389 1992 9.

195 2025 359 2089 Historicus
389 2043 442 2102 per
471 2021 653 2101 parenthesin
684 2037 804 2100 monet,
832 2027 997 2100 antiquitus
1023 2028 1057 2083 in
1084 2027 1185 2102 israe?
1204 2027 1245 2104 fic
1260 2029 1390 2088 uerebar

197 2141 317 2218 qursque
344 2139 455 2216 quando
474 2137 539 2197 ibat
557 2137 601 2196 ad
617 2136 814 2213 consulendum
840 2135 948 2212 Deum,
966 2135 1032 2213 Age
1047 2156 1144 2197 eamus
1162 2141 1206 2199 ad
1222 2141 1390 2212 videntem

196 2269 263 2312 nam
284 2253 335 2328 qui
355 2247 437 2310 hodie
453 2245 614 2327 propheta,
634 2250 800 2324 antiquitus
819 2249 921 2307 videns
941 2249 1112 2310 vocabatur.
1153 2249 1236 2311 Libri
1257 2251 1389 2328 denique

197 2368 331 2443 Regum,
352 2377 386 2423 ut
407 2380 444 2422 ex
465 2360 565 2422 iisdem
587 2359 718 2436 constat,
738 2359 871 2436 decerpti
890 2359 959 2422 sunt
976 2379 1015 2421 ex
1025 2361 1106 2422 libris
1114 2380 1209 2424 rerum
1219 2363 1389 2424 Salomonis

197 2477 280 2559 (vide
311 2478 387 2555 Reg.
418 2490 443 2535 r.
474 2493 538 2550 cap.
570 2490 615 2533 11.
644 2472 686 2539 vs.
714 2489 764 2552 41.
785 2473 833 2552 ¹⁴),
864 2472 1079 2535 Chronicorum
1099 2475 1230 2554 ‘Regum
1262 2475 1388 2555 Jehudae

198 2590 282 2669 (vide
303 2607 366 2665 cap.
391 2603 436 2667 14.
457 2585 499 2648 vs.
524 2601 576 2663 19,
598 2602 646 2662 29.
668 2583 829 2663 ejusdem),
850 2600 881 2645 et
903 2582 1117 2647 Chronicorum
1139 2588 1254 2665 Regum
1264 2584 1387 2647 maere

198 2700 411 2763 Concludimus
432 2699 550 2775 itaque,
572 2715 673 2759 omnes
693 2696 749 2759 hos
769 2695 878 2772 libros,
899 2714 977 2773 quos
996 2698 1055 2759 huc
1073 2696 1166 2775 usque
1176 2696 1386 2773 recensuimus,

198 2810 251 2873 eise
274 2810 458 2891 apographa,
478 2809 579 2887 resque
601 2808 631 2869 in
652 2809 689 2869 iis
710 2822 868 2870 contentas
888 2824 922 2869 ut
943 2809 1080 2885 antiquas
1099 2809 1233 2871 enarrari.

237 2925 268 2987 Si
289 2925 349 3002 jam
378 2926 414 2985 ad
442 2922 658 2984 connexionem
687 2936 718 2982 et
747 2935 950 2999 argumentum
970 2921 1075 2983 horum
1095 2921 1224 2983 omnium
1244 2920 1382 2983 librorum
1447 2989 1448 3016 ¹

199 3039 402 3110 attendamus,
431 3034 515 3094 facile
538 3031 732 3111 colligemus,
759 3049 813 3092 eos
834 3049 936 3093 omnes
958 3034 994 3092 nb
1016 3051 1077 3093 uno
1098 3032 1263 3109 eodemque
1283 3031 1383 3093 Histo·
1447 3031 1448 3058 ³

198 3150 261 3211 rico
292 3147 416 3221 scriptos
448 3143 551 3221 suiiie,
582 3144 633 3221 qui
664 3146 835 3225 Judaeorum
870 3144 1065 3221 antiquitates
1096 3147 1133 3205 ab
1163 3162 1265 3207 eorum
1295 3145 1382 3221 prima

200 3260 311 3339 origine
332 3258 423 3335 usque
445 3259 481 3318 ad
502 3256 621 3334 primam
643 3256 735 3319 Urbis
756 3255 949 3319 vastationem
969 3256 1091 3318 scribere
1113 3257 1222 3319 voluit.
1248 3256 1288 3317 Hi
1307 3256 1382 3317 enim

199 3371 264 3432 libri
285 3370 325 3431 ita
346 3369 473 3431 invicem
502 3370 735 3443 connectuntur,
763 3383 797 3429 ut
818 3386 855 3428 ex
876 3367 934 3429 hoc
955 3368 1018 3429 solo
1039 3367 1210 3447 dignoscere
1234 3369 1382 3443 pommus,

200 3502 253 3546 eos
273 3482 386 3544 nonnisi
409 3500 494 3542 unam
516 3481 603 3543 unius
625 3479 764 3542 Historici
784 3480 979 3542 narrationem
1000 3480 1160 3541 continere.
1179 3482 1257 3540 Nam
1270 3479 1381 3541 rimulae

201 3594 292 3656 Mosrs
314 3594 403 3657 vitam
425 3611 537 3654 nnmare
559 3592 677 3669 definit,
696 3594 733 3654 ad
752 3590 899 3653 historiam
915 3592 1013 3673 Josuae
1030 3591 1069 3652 src
1087 3590 1381 3668 moturemoture

196 3707 344 3787 postquam
371 3717 498 3764 mortuus
525 3704 562 3781 est
583 3704 681 3780 Moses
695 3702 806 3781 servus
827 3705 884 3765 Dei
890 3748 900 3779 ,
920 3719 953 3765 at
973 3706 1053 3766 Deus
1073 3707 1181 3765 dicerer
1198 3707 1312 3782 Josua,
1329 3720 1379 3766 erc.

200 3820 241 3879 Et
250 3819 304 3879 hac
316 3832 408 3879 morte
428 3816 526 3898 Josuae
547 3815 644 3893 finita,
665 3820 765 3879 endem
787 3817 957 3880 transrtione
968 3834 999 3880 et
1009 3817 1218 3895 conjunctione
1238 3818 1379 3880 historiam

200 3929 336 4011 Judicum
359 3927 481 4004 incipit,
502 3946 623 4004 nempe,
646 3930 687 3989 Er
707 3932 828 4006 conrt'gr'r
843 3931 991 4010 postquam
1011 3944 1139 3991 mortuus
1158 3932 1197 4010 est
1221 3932 1326 4009 Irrsuo,
1348 3948 1380 3992 ret

198 4043 257 4123 filii
276 4042 399 4119 Israelis
418 4061 438 4101 a
458 4042 519 4103 Deo
540 4056 722 4120 quererent,
743 4057 794 4103 erc.
814 4044 854 4104 Et
874 4043 943 4104 huic
963 4043 1057 4122 libro,
1083 4060 1223 4121 tanquam
1243 4044 1377 4121 appendi·

235 4285 248 4316 ‘
283 4282 387 4337 Brudcr.
403 4310 437 4322 -
454 4282 501 4335 Ed.
519 4284 575 4335 Pu:
594 4282 661 4335 vers.
680 4300 705 4348 5.
