2934 4900
337 339 835 420 Theologico-Politici
859 339 1024 416 Cepvll.
1210 356 1269 420 473

79 535 179 578 earum
210 515 402 593 scriptoribus
432 517 582 576 habemus.
623 513 746 576 Constat
778 515 896 592 itaque,
926 515 1065 578 notitiam
1096 515 1271 592 authorum,

78 627 134 704 qui
164 645 210 689 res
240 627 377 690 obscuras
408 642 459 688 aut
488 627 637 690 intellestu
659 626 906 702 imperceptibiles
929 628 1120 704 scripserunt,
1140 629 1270 704 apprime

79 735 263 798 necessariam
295 735 369 812 esse,
389 736 411 797 fi
431 755 531 798 eorum
552 736 658 813 scripta
681 737 866 814 interpretari
887 739 1041 814 volumus3
1061 737 1162 799 iisdem
1183 737 1271 799 etiam

79 851 119 910 de
141 848 249 926 causrs,
270 863 303 910 ut
325 865 362 910 ex
383 849 471 912 variis
492 848 679 910 obscurarum
689 849 871 912 historiarum
882 850 1059 913 ledionibus
1071 868 1156 914 veras
1166 849 1271 928 eligere

78 959 243 1038 possemus,
272 959 384 1022 necesse
405 961 446 1022 est
467 961 555 1034 scire,
578 961 607 1022 in
630 980 755 1038 quorum
777 961 934 1038 exemplari
956 961 1043 1025 variae
1064 962 1109 1022 hae
1130 960 1271 1022 lestiones

77 1089 204 1148 repertae
235 1072 308 1149 fint,
339 1087 370 1134 et
398 1092 434 1134 an
462 1091 522 1134 non
544 1074 641 1151 plures
663 1073 725 1134 aliae
748 1076 827 1149 apud
848 1073 922 1134 alios
942 1072 1060 1150 majoris
1082 1071 1270 1135 authoritatis

78 1187 165 1250 viros
185 1205 312 1263 unquam
334 1186 444 1247 fuerint
465 1185 604 1249 inventae.

123 1299 191 1360 Alia
213 1299 340 1375 denique
361 1297 519 1360 difficultas
541 1297 681 1374 quosdarn
708 1297 799 1359 libros
819 1297 976 1374 scripturae
997 1317 1034 1358 ex
1056 1298 1111 1358 hac
1128 1297 1270 1358 methodo

78 1410 294 1486 interpretandi
316 1409 346 1470 in
367 1429 404 1471 eo
426 1410 483 1487 est,
506 1413 588 1487 quod
608 1429 660 1472 eos
682 1413 783 1472 eadem
811 1411 927 1490 lingua,
948 1430 1006 1488 qua
1027 1411 1150 1486 primurn
1170 1410 1271 1488 scripti

79 1525 220 1597 fuerunt,
241 1539 301 1582 non
328 1520 496 1582 habeamus.
536 1520 729 1600 Evangelium
751 1521 829 1582 enirn
849 1521 1007 1584 secundum
1028 1521 1220 1595 Matthaeum,
1240 1534 1272 1582 et

79 1633 142 1694 srne
164 1633 256 1694 dubio
278 1633 364 1694 etiarn
386 1633 520 1708 Epistola
542 1635 578 1694 ad
600 1634 760 1709 Hebraeos,
781 1633 925 1694 Hebraice
945 1652 983 1694 er
1004 1632 1152 1694 communi
1172 1632 1270 1709 opini-

81 1764 142 1806 one
174 1744 280 1820 scn'pta
309 1744 394 1822 sunt,
426 1761 491 1822 quae
523 1761 620 1806 tamen
650 1765 710 1806 non
743 1761 857 1807 extant.
888 1748 936 1807 De
966 1746 1042 1807 libro
1073 1761 1170 1808 autem
1200 1745 1271 1826 Jobi

8 1883 9 1916 1
80 1857 252 1932 dubitatur,
274 1875 331 1934 qua
352 1856 451 1936 lingua
471 1856 597 1932 scriptus
622 1857 720 1918 fuerit.
761 1860 848 1918 Aben
873 1860 970 1920 Hezra
990 1857 1020 1918 in
1042 1856 1100 1919 suis
1120 1875 1270 1919 commen-

81 1967 166 2029 tariis
195 1968 315 2030 affirmat
322 2013 332 2044 ,
363 1987 429 2030 eum
450 1987 487 2028 err
508 1968 563 2030 alia
585 1968 684 2047 lingua
705 1969 736 2028 in
758 1971 911 2030 llebraeam
933 1969 1100 2030 translatum
1119 1969 1221 2045 fuisse,
1240 1984 1271 2031 et

81 2081 161 2140 hanc
190 2078 244 2140 esse
266 2079 330 2156 ejus
358 2079 546 2141 obscuritatis
576 2079 699 2140 causam.
720 2081 768 2140 De
789 2080 871 2141 libris
892 2081 1072 2159 apocryphis
1093 2081 1165 2142 nihil
1185 2081 1271 2158 dico,

8 2221 10 2254 ;
84 2187 326 2265 quandoquidem
355 2190 443 2266 longe
475 2187 611 2250 dissimilis
641 2189 709 2250 sunt
740 2189 940 2251 authoritatis.
981 2191 1083 2267 Atque
1103 2191 1148 2252 hae
1169 2209 1271 2252 omnes

8 2331 10 2366 :
82 2299 173 2374 hujus
212 2299 344 2362 methodi
382 2299 593 2376 interpretandi
632 2301 811 2377 Scriptorum
842 2321 879 2362 ex
909 2300 1015 2378 ipsius,
1046 2321 1133 2378 quam
1162 2303 1271 2364 habere

8 2452 11 2483 =‚
84 2409 252 2488 possumus,
272 2410 389 2473 historia
411 2411 599 2473 difficultates
620 2412 706 2487 sunt,
727 2432 800 2490 quas
821 2430 951 2475 enarrare
972 2413 1167 2492 susceperam,
1187 2415 1271 2492 quas·

9 2558 10 2567 κ
84 2543 143 2600 que
162 2542 218 2603 ego
240 2526 314 2585 adeo
336 2542 454 2603 magnas
476 2524 626 2601 existimo,
649 2540 682 2586 ut
703 2526 842 2588 affirmare
863 2545 923 2587 non
945 2526 1271 2602 dubitem,nosvcrum

9 2672 10 2705 3
83 2634 241 2712 scripture
269 2635 381 2697 sensum
410 2636 539 2712 plurimis
561 2637 590 2697 in
611 2638 684 2699 locis
706 2640 754 2700 vel
777 2638 927 2717 ignorare,
946 2640 995 2701 vel
1014 2638 1073 2699 srne
1094 2638 1272 2701 certitudine

9 2782 11 2821 ξ
81 2746 230 2809 hariolari.
270 2750 380 2809 Verum
408 2748 557 2811 enimuero
587 2749 644 2811 hoc
666 2750 771 2811 iterum
792 2766 894 2812 contra
916 2752 1079 2811 notandum
1099 2750 1200 2827 venit,
1219 2750 1271 2813 has

9 2894 11 2929 ;
84 2878 187 2921 omnes
208 2860 398 2921 difficultates
418 2860 557 2937 impedire
578 2876 693 2923 tantum
715 2862 814 2938 polle,
836 2862 994 2939 quominus
1004 2878 1131 2924 mentem
1141 2864 1270 2939 Prophe·

10 3034 11 3039 ,
84 2988 180 3033 rarum
203 2971 383 3049 assequamur
404 2972 480 3035 circa
501 2991 546 3034 res
568 2972 832 3050 imperceptibiles,
853 2990 883 3035 et
904 2991 1103 3051 quaerentum
1114 2975 1272 3055 imaginari,

9 3120 11 3155 ;
83 3098 117 3143 at
138 3102 199 3143 non
221 3084 297 3145 circa
319 3102 384 3160 res,
406 3102 479 3161 quas
501 3100 531 3146 et
553 3085 704 3149 intelleeiu
724 3084 832 3163 assequi
853 3102 884 3147 et
905 3104 1026 3163 quarum
1048 3089 1155 3148 clarum
1175 3087 1272 3163 pollu-

84 3212 152 3256 mus
183 3194 267 3255 facile
300 3196 422 3257 sorrnare
455 3212 632 3273 conceptum
660 3200 695 3257 *τ
723 3217 769 3259 res
790 3197 884 3273 enirn,
905 3217 971 3274 quae
993 3197 1043 3260 sua
1063 3214 1165 3260 natura
1186 3197 1272 3259 facile

85 3306 308 3383 percipiuntur,
336 3325 485 3385 nunquam
506 3324 565 3369 tam
586 3309 709 3372 obscure
730 3309 790 3371 dici
811 3308 945 3385 poliunt,
965 3310 1037 3386 quin
1057 3310 1143 3371 facile
1164 3310 1271 3372 intelli·

84 3433 209 3498 gantur,
225 3419 312 3495 juxta
334 3420 405 3482 illud
427 3420 632 3497 proverbium,
651 3424 826 3498 intelligenti
845 3423 949 3481 didam
963 3423 1018 3499 fat
1038 3423 1084 3501 est.
1124 3422 1272 3499 Euclides,

85 3530 140 3607 qui
160 3549 221 3592 non
243 3529 294 3593 nist
315 3548 360 3593 res
382 3533 538 3594 admodum
567 3532 709 3610 ssmplices
730 3550 761 3595 et
782 3533 906 3595 manime
926 3533 1124 3613 intelligibiles
1145 3535 1271 3612 scripsrt,

85 3642 173 3705 facile
195 3646 231 3705 ab
253 3662 436 3721 unoquoque
457 3644 487 3705 in
508 3645 613 3722 quevis
634 3646 732 3724 lingua
754 3645 935 3721 explicatum
956 3646 1132 3725 nonenim,
1153 3664 1186 3709 ut
1207 3648 1271 3725 ejus

86 3768 213 3815 mentem
245 3752 438 3832 assequamur,
469 3770 500 3817 et
531 3758 566 3817 de
596 3774 667 3819 vero
699 3756 763 3833 ejus
795 3755 879 3817 sensu
909 3755 981 3816 certi
1012 3756 1114 3833 simus,
1134 3776 1211 3833 opus
1231 3758 1273 3819 est

86 3870 228 3948 integram
259 3866 383 3947 linguae,
421 3887 479 3945 qua
518 3868 644 3946 scripsit,
682 3868 885 3948 cognitionem
922 3868 1045 3942 habere,
1077 3868 1126 3929 sed
1156 3884 1272 3930 tantum

87 3982 244 4042 admodum
266 3996 449 4043 communem
471 3997 501 4042 et
523 3983 583 4043 fere
603 3980 760 4059 puerilem
789 3999 849 4043 non
870 3981 978 4056 vitam,
998 3980 1107 4056 studia,
1128 3996 1158 4042 et
1179 4000 1273 4043 mores

87 4092 220 4156 authoris
241 4092 329 4169 scire,
350 4112 447 4171 neque
469 4112 527 4171 qua
548 4094 667 4174 lingua,
688 4093 753 4173 cui,
774 4112 870 4175 neque
891 4097 1011 4176 quando
1032 4092 1192 4173 scripserit,
1212 4112 1272 4160 non

122 4342 135 4367 ·
170 4332 213 4386 Cl.
229 4336 327 4385 Annot.
344 4336 417 4387 Vlll.
