2934 4900
219 343 279 431 462
696 339 933 411 Tractatue

119 559 122 566 ·
219 525 298 587 strati
318 525 430 602 potest:
453 542 517 584 nam
539 521 743 584 certitudinem
761 523 972 600 Prophetarum
991 543 1027 586 ex
1046 526 1105 586 hoe
1116 527 1262 604 praecipue
1274 527 1397 589 constare

220 638 414 713 ostendimus,
435 639 516 714 quod
537 636 691 712 Prophetae
712 637 839 698 animum
860 641 898 699 ad
918 657 1034 728 equum
1055 653 1086 700 et
1106 641 1216 701 bonum
1234 641 1398 702 inclinatum

219 752 376 813 habebant.
416 751 515 832 Quare
545 749 603 810 hoc
635 747 710 810 idem
744 749 831 810 etiam
863 749 950 812 nobis
980 751 1111 812 constare
1141 754 1247 829 debet,
1266 770 1302 815 ut
1321 755 1398 814 fidem

219 863 287 939 ipsis
309 863 444 939 poliimus
465 862 580 922 habere.
602 861 648 922 Ex
671 861 818 923 miraculis
837 877 935 924 autem
957 863 1014 923 Dei
1036 863 1222 926 divinitatem
1243 884 1305 927 non
1326 865 1399 944 polle

220 975 377 1050 convinci,
393 973 452 1051 jam
474 973 561 1034 etiam
590 974 866 1052 demonstravimus;
895 992 929 1036 ut
946 975 1006 1052 jam
1026 990 1156 1053 taceam,
1177 981 1260 1054 quod
1280 979 1399 1039 etiamr

220 1087 495 1164 Pseudo-propheta
514 1085 576 1147 fieri
596 1101 745 1162 poterant.
766 1088 864 1169 Quare
884 1087 1041 1164 Scriptura
1063 1088 1203 1152 divinitas
1224 1109 1262 1150 ex
1271 1091 1333 1151 hoc
1341 1091 1398 1151 solo

221 1199 350 1261 constare
371 1199 476 1272 debet,
498 1197 580 1271 quod
601 1195 661 1271 ipsa
682 1213 781 1258 veram
802 1195 942 1257 virtutem
964 1199 1080 1259 doceat.
1101 1199 1197 1276 Atqui
1216 1201 1274 1261 hoc
1296 1200 1399 1261 exlola

219 1312 368 1388 Scriptura
396 1309 526 1371 constare
547 1307 654 1385 potest.
685 1309 777 1390 Quod
797 1306 818 1367 li
839 1327 899 1369 non
921 1308 1014 1384 pollet
1039 1310 1117 1387 fieri,
1138 1329 1199 1372 non
1219 1310 1278 1373 fine
1299 1329 1398 1390 magno

219 1421 390 1500 prejudicio
419 1423 539 1482 eandem
567 1420 819 1496 amplecteremur,
848 1437 878 1481 et
899 1423 935 1482 de
957 1420 1022 1498 ejus
1050 1421 1208 1486 divinitate
1228 1423 1398 1484 testaremur.

218 1537 299 1597 Tota
330 1535 430 1611 itaque
461 1533 618 1608 Scriptutae
649 1533 783 1611 cognitio
815 1535 852 1592 ab
884 1532 945 1608 ipsa
977 1533 1036 1594 sola
1065 1533 1127 1611 peti
1149 1536 1246 1596 debet.
1267 1535 1399 1611 Denique

218 1647 367 1724 Scriptura
387 1663 499 1721 rerum,
518 1647 555 1706 de
577 1643 684 1723 quibus
706 1644 856 1722 loquitur,
877 1646 1065 1708 definitiones
1085 1665 1145 1708 non
1166 1648 1272 1723 tradit,
1293 1663 1329 1709 ut
1349 1665 1398 1708 nec

219 1760 305 1822 etiam
335 1761 457 1820 Natura.
488 1759 607 1840 Quare,
628 1760 873 1834 quemadmodum
894 1777 931 1818 cx
958 1757 1077 1821 diversis
1096 1761 1218 1822 Natura:
1238 1761 1399 1823 ustionibus

218 1872 405 1937 definitiones
435 1889 528 1932 rerum
560 1870 736 1932 naturalium
763 1873 974 1933 concludenda
1006 1871 1091 1949 sunt,
1121 1876 1225 1934 eodem
1245 1877 1336 1935 modo
1357 1874 1397 1932 lta

218 2005 255 2047 ex
277 1984 395 2048 diverlis
416 1983 648 2060 narrationibus,
670 2003 736 2061 quae
758 1987 794 2046 de
815 2003 992 2060 unaquaque
1012 2003 1043 2046 re
1053 1985 1082 2045 in
1094 1985 1216 2064 Scriptis
1226 2001 1397 2058 occurrunt,

218 2099 285 2161 sunt
305 2097 465 2159 eliciendae.
486 2099 599 2176 Regula
620 2097 710 2176 igitur
730 2096 900 2160 universalis
921 2095 1132 2174 interpretandi
1153 2099 1329 2174 Scripturam
1351 2098 1397 2170 eli,

218 2211 290 2272 nihil
316 2210 472 2286 Scripturae
499 2225 637 2286 tanquam
665 2209 729 2286 ejus
757 2211 965 2272 documentum
986 2209 1132 2285 tribuere,
1152 2213 1234 2287 quod
1255 2229 1291 2270 ex
1313 2207 1396 2286 ipsmr

217 2322 334 2384 historia
355 2340 440 2400 quam
461 2323 584 2384 maxime
612 2321 794 2398 perspeitum
816 2340 876 2382 non
896 2323 1064 2384 habeamus.
1094 2321 1198 2404 Qualis
1219 2335 1317 2383 autem
1338 2321 1398 2396 ejus

217 2435 334 2499 historia
362 2439 468 2499 debeat
497 2435 568 2511 elle,
589 2451 619 2497 et
641 2455 706 2513 quae
729 2436 903 2512 potissimum
925 2454 1070 2512 enarrare,
1091 2431 1138 2496 laic
1155 2433 1216 2512 jam
1236 2433 1397 2497 dicendum.

256 2552 371 2627 Nempe
402 2551 425 2610 I.
466 2548 618 2610 continere
647 2552 736 2610 deber
763 2564 896 2609 naturam
917 2563 947 2610 et
967 2548 1161 2625 proprietates
1182 2547 1323 2627 Linguae,
1343 2566 1397 2625 qua

216 2660 281 2721 libri
306 2661 462 2737 Scriptura
489 2660 589 2735 scripti
619 2662 755 2737 fuerunt,
784 2676 813 2721 et
842 2679 929 2737 quam
957 2678 1058 2722 eorum
1078 2660 1229 2721 Authores
1249 2659 1332 2737 loqui
1353 2660 1396 2719 so·

215 2775 323 2835 lebant.
363 2772 412 2835 Sic
442 2772 518 2833 enim
550 2792 651 2833 omnes
682 2772 798 2850 sensus,
827 2792 905 2849 quos
937 2790 1120 2849 unaquaeque
1142 2772 1238 2833 oratio
1260 2791 1299 2832 etr
1318 2790 1394 2832 com·

216 2887 295 2949 muni
321 2885 462 2963 loquendi
483 2886 538 2947 usu
558 2886 710 2947 admittere
732 2886 846 2962 potest,
866 2885 1039 2964 investigare
1068 2886 1238 2961 poterimus.
1269 2886 1310 2946 Et
1330 2884 1395 2961 quia

216 3018 333 3075 omnes,
361 3015 419 3060 tam
446 2998 564 3059 Veteris
586 3017 672 3076 quam
692 2998 776 3061 Novi
805 2997 999 3073 Testamenti,
1021 2996 1177 3073 scriptores
1197 2998 1314 3057 Hebraei
1335 2997 1393 3055 lue·

215 3126 301 3188 runt,
328 3126 438 3172 certum
467 3110 520 3187 est,
548 3110 704 3171 Historiam
732 3110 838 3189 linguae
860 3110 1013 3170 Hebraicae
1036 3127 1094 3185 prae
1116 3109 1252 3171 omnibus
1272 3106 1392 3170 necella-

216 3225 285 3286 riam
307 3222 379 3300 elle,
401 3242 461 3284 non
482 3238 595 3283 tantum
618 3224 654 3283 ad
675 3222 898 3301 intelligentiam
919 3221 1057 3283 librorum
1078 3221 1196 3282 Veteris
1206 3219 1391 3292 Testamenti,

216 3338 266 3415 qni
297 3338 350 3397 hac
381 3336 480 3415 lingua
509 3334 608 3411 scripti
638 3336 721 3411 sunt,
753 3335 803 3396 sed
834 3334 922 3396 etiam
954 3334 1053 3409 Novi3
1086 3351 1150 3394 nam
1181 3332 1314 3411 quamvis
1334 3331 1391 3393 aliis

211 3448 319 3527 linguis
341 3447 453 3527 vulgati
475 3446 600 3523 fuerint,
620 3447 791 3509 hebraizant
811 3464 918 3508 tamen.

254 3560 292 3620 ll.
333 3556 499 3621 Sententiae
520 3556 747 3635 uniuscujusque
767 3558 834 3619 libri
855 3558 990 3638 colligere
1012 3560 1118 3634 debet,
1139 3559 1244 3635 easque
1264 3561 1300 3620 ad
1321 3558 1388 3619 sum·

214 3692 258 3732 ma
287 3673 384 3748 capita
404 3670 550 3749 redigere,
578 3686 612 3731 ut
632 3669 670 3730 stc
691 3688 809 3746 omnes,
830 3690 895 3747 quae
917 3674 953 3732 de
975 3672 1075 3732 eadem
1096 3688 1127 3731 re
1148 3670 1343 3747 reperiuntur,
1362 3666 1387 3725 in

214 3794 353 3862 promptu
382 3784 489 3845 habere
521 3784 676 3860 poffimus;
707 3783 813 3845 deinde
845 3803 894 3845 eas
926 3802 1048 3859 omnes,
1080 3801 1145 3860 quae
1176 3782 1317 3861 ambiguae
1347 3778 1387 3841 vcl

213 3896 343 3957 obscurae
370 3896 453 3970 sunt,
481 3897 531 3957 vel
551 3912 616 3970 qnae
637 3893 763 3957 invicem
784 3913 944 3973 repugnare
965 3894 1119 3969 videntur,
1140 3908 1253 3954 notare.
1294 3894 1386 3967 Atque

214 4026 262 4069 eas
290 4006 448 4068 sententias
476 4005 524 4065 hic
545 4004 682 4066 obscuras
703 4019 755 4066 aut
775 4007 866 4066 claras
887 4023 982 4081 voco,
1004 4024 1125 4083 quarum
1145 4004 1246 4066 sensus
1266 4024 1303 4065 ex
1322 4020 1385 4063 con·

213 4132 301 4181 textu
331 4118 475 4181 orationis
505 4117 590 4179 facile
621 4120 668 4181 vel
699 4118 855 4179 difficulter
885 4116 1014 4179 Ratione
1046 4116 1226 4194 percipitut;
1266 4120 1303 4179 de
1330 4114 1384 4175 solo

214 4232 290 4291 enim
322 4231 404 4292 sensu
437 4230 619 4305 orationum,
649 4248 709 4291 non
743 4244 839 4291 autem
872 4232 909 4291 de
940 4248 1036 4291 earum
1068 4228 1191 4292 veritate
1222 4230 1383 4289 laboramus.

212 4342 293 4425 Quin
315 4342 373 4402 imo
402 4340 531 4417 apprime
559 4344 721 4404 cavendum
743 4340 801 4418 est,
821 4340 962 4418 quamdiu
981 4339 1094 4403 sensum
1114 4340 1269 4416 Scriptura
1291 4335 1383 4417 quati·
