2934 4900
231 300 286 383 146
646 292 827 360 Ethicea
854 292 923 358 Pars
943 290 995 360 111.

627 490 1019 535 DEMONSTRATIQ

267 605 318 679 Id,
339 605 420 680 quod
440 621 516 679 rem,
537 600 622 679 cujus
643 619 699 661 nos
720 599 851 676 miseret,
871 597 1003 659 Tristitia
1025 597 1133 674 afficit,
1150 613 1207 656 nos
1224 594 1307 656 fimili
1329 593 1432 654 etiam

227 717 357 778 Tristitia
385 717 474 778 afficit
503 717 577 798 (per
602 717 691 795 Prap.
709 715 866 795 praeci.);
894 717 1029 791 adeoque
1057 732 1144 774 omne
1174 713 1222 790 id,
1246 713 1331 788 quod
1357 709 1433 786 ejus

226 829 267 889 rei
288 829 468 890 existentiam
490 828 586 904 tollit,
611 827 671 892 stve
694 831 775 906 quod
797 846 855 889 rem
878 826 1015 901 destruit,
1043 823 1223 887 comminisci
1242 823 1434 885 conabimur

228 943 302 1022 (per
320 944 409 1022 Prap.
434 960 479 1019 13.
499 941 618 1021 liujus),
644 942 702 1002 hoc
732 941 773 1001 est
802 940 876 1019 (per
895 939 986 1000 Seirai.
1008 939 1098 1018 Prap.
1119 956 1148 1015 9.
1170 935 1288 1015 lruy'ras),
1312 936 1344 996 id
1371 937 1431 994 de-

227 1053 332 1114 struere
360 1069 549 1132 appetentus,
577 1051 635 1116 sive
664 1056 700 1114 ad
729 1053 759 1113 id
786 1051 991 1112 destruendum
1020 1048 1292 1122 determinabimur;
1325 1061 1431 1122 atque

227 1167 302 1227 adeo
322 1184 396 1243 tem,
417 1165 501 1244 cujus
523 1166 700 1241 miseremur,
712 1184 727 1225 a
741 1165 791 1226 sua
808 1165 920 1226 miseria
939 1164 1060 1224 liberare
1078 1161 1258 1223 conabimur.
1280 1161 1316 1236 Q.
1328 1159 1372 1220 E.
1383 1159 1431 1220 D.

694 1343 951 1388 scuoulum.

267 1455 338 1519 Haec
359 1458 498 1520 voluntas
519 1455 578 1519 srve
601 1454 753 1532 appetitus
774 1425 996 1528 benefaciendi,
1017 1453 1068 1531 qui
1086 1470 1124 1513 ex
1143 1471 1180 1512 eo
1203 1449 1315 1522 oritur,
1334 1451 1428 1525 quod

227 1569 285 1644 rei,
307 1570 336 1630 in
358 1587 443 1645 quam
463 1568 637 1629 beneficium
660 1568 792 1627 conferre
814 1568 968 1641 volumus,
988 1583 1044 1626 nos
1066 1563 1195 1637 miseret,
1214 1562 1430 1622 Benevalrnria

229 1695 369 1754 vocatur,
390 1699 455 1757 quae
477 1679 601 1756 proinde
623 1679 695 1739 nihil
716 1678 795 1738 aliud
820 1677 874 1755 cst,
896 1695 982 1754 quam
1005 1676 1160 1754 Cupiditas
1180 1693 1217 1732 ra
1236 1674 1428 1748 cammrssera·

228 1797 302 1852 tione
327 1805 403 1853 arra.
445 1792 591 1852 Ceterum
620 1792 656 1850 de
685 1790 795 1849 Amore
817 1804 847 1847 et
869 1787 950 1848 Odio
972 1804 1038 1866 erga
1060 1786 1157 1859 illum,
1178 1784 1229 1860 qui
1249 1784 1307 1859 tei,
1330 1775 1426 1860 quam

228 1903 315 1965 nobis
346 1902 462 1964 ssmilem
494 1901 548 1963 eise
580 1901 784 1980 imaginamur,
815 1903 890 1960 bene
920 1913 972 1960 aut
1000 1900 1073 1958 male
1101 1897 1190 1971 fecit,
1219 1896 1289 1958 vide
1317 1895 1426 1955 Schol.

229 2015 315 2092 Prop.
337 2033 385 2076 aa.
407 2015 505 2092 huJ‘us.

573 2178 904 2260 unouostrt'o
932 2196 1070 2257 xxvut.

269 2325 310 2412 Ia
325 2345 416 2402 omne,
438 2327 514 2404 quad
529 2327 572 2386 ad
589 2328 739 2388 Laetitiam
759 2329 910 2387 conducere
928 2329 1134 2401 imaginamur,
1155 2340 1292 2383 cananurr
1307 2333 1429 2401 promo·

230 2457 299 2497 uere
318 2452 351 2498 ut
368 2437 442 2517 fias,-
463 2440 537 2516 quad
555 2458 624 2499 uera
644 2441 732 2500 cidem
753 2452 931 2519 repugnare,
947 2438 1008 2517 five
1028 2440 1070 2500 ad
1092 2435 1254 2515 Tristitiam
1271 2434 1429 2495 conducere

229 2553 442 2627 imaginamur,
463 2566 594 2610 amouere
615 2552 663 2609 uei
681 2550 825 2629 destruere
844 2568 987 2611 conamur.

632 2723 1029 2769 DEMONSTRATIOE

272 2828 363 2913 Quod
394 2835 430 2893 ad
461 2832 609 2895 Laetitiam
641 2838 806 2897 conducere
838 2836 1042 2914 imaginamur,
1082 2850 1224 2911 quantum
1255 2832 1428 2910 poisumus,

234 2942 383 3020 imaginari
403 2961 542 3006 conamur
564 2946 922 3027 (perPrnp.12.lrujus);
943 2948 1000 3007 boc
1022 2945 1063 3005 est
1084 2945 1256 3023 (perProp.
1271 2960 1317 3019 17.
1325 2957 1359 3022 p.
1372 2945 1429 3022 a.),

234 3054 264 3115 id
292 3072 434 3130 quantum
463 3056 613 3133 possumus
642 3060 814 3120 conabimur
841 3074 875 3121 ut
904 3059 1030 3135 praesent
1057 3058 1117 3122 sive
1145 3074 1178 3118 ut
1206 3060 1273 3120 adiu
1296 3055 1429 3116 existens

234 3168 434 3245 contemplari.
456 3170 514 3231 Sed
536 3171 649 3233 Mentis
671 3188 797 3234 conatus
818 3172 870 3234 seu
891 3171 1027 3249 potentin
1051 3172 1080 3233 in
1102 3171 1263 3249 cogitando
1285 3170 1429 3245 aqualis,

235 3295 265 3339 et
292 3279 389 3356 stmul,
418 3286 520 3343 naturi
552 3282 592 3343 est
621 3302 686 3344 cum
715 3284 858 3362 Corporis
887 3299 999 3345 conatu
1027 3284 1078 3345 seu
1098 3282 1235 3359 potentia
1256 3282 1285 3342 in
1307 3284 1430 3359 agendo

235 3392 281 3469 (ur
311 3396 390 3454 clarc
413 3397 552 3471 sequitur
582 3415 618 3455 ex
651 3396 755 3456 Caroli.
786 3398 875 3475 Prop.
897 3412 924 3471 7.
946 3408 974 3455 et
999 3395 1102 3454 Caroli.
1132 3395 1222 3471 Prap.
1247 3409 1293 3453 11.
1308 3406 1342 3469 p.
1363 3394 1430 3470 2.):

235 3521 322 3583 ergo,
343 3520 376 3567 ut
399 3505 428 3567 id
450 3507 571 3583 existat,
595 3508 728 3569 absolute
750 3526 907 3581 conamur,
928 3505 988 3568 stve
1011 3508 1103 3584 (quod
1116 3519 1173 3585 per
1192 3504 1283 3565 Sahal.
1294 3504 1387 3583 Prop.
1399 3522 1429 3580 9.

236 3615 322 3690 hujus
342 3618 415 3676 idem
436 3618 487 3695 est)
511 3619 678 3694 appetimus
698 3634 728 3679 et
751 3618 947 3693 intendimus;
969 3620 1060 3696 Quod
1082 3634 1144 3677 erat
1165 3618 1298 3694 primum.
1308 3615 1429 3676 Deinde

235 3725 256 3787 st
277 3727 324 3802 id,
344 3730 425 3804 quod
447 3728 585 3790 Tristitia·
608 3731 721 3792 causam
744 3729 799 3790 eise
822 3731 982 3805 credimus,
1004 3730 1062 3789 hoc
1085 3728 1125 3789 eii
1147 3729 1221 3807 (per
1231 3727 1322 3790 Seirai.
1334 3730 1428 3807 Prop.

241 3840 417 3919 13.lrujns),
438 3842 458 3901 st
479 3842 526 3919 id,
549 3846 631 3919 quod
654 3844 725 3905 odio
747 3844 905 3916 habemus,
926 3840 1033 3903 destrui
1054 3840 1252 3919 imaginamur,
1263 3840 1429 3901 laerabimur

239 3954 311 4031 (per
331 3954 420 4031 Prop.
443 3970 491 4013 ao.
513 3952 630 4031 nujus„
661 3958 797 4031 adeoque
826 3954 901 4015 idem
931 3953 1004 4031 (per
1027 3957 1157 4031 primam
1183 3951 1271 4027 irusirs
1293 3953 1427 4031 partem)

238 4065 408 4125 conabimur
435 4064 596 4141 destruere,
625 4066 684 4128 srve
713 4063 1090 4144 (perProp.13.dujus)
1119 4064 1244 4126 anobis
1272 4080 1450 4146 amovete,

239 4196 276 4238 ne
297 4178 390 4254 ipsum
412 4192 444 4237 ut
466 4177 591 4255 presens
611 4180 860 4254 contemplentu3
888 4176 980 4258 Quod
1001 4190 1063 4237 erat
1083 4174 1252 4238 secundum.
1293 4175 1373 4255 Ergo
1395 4177 1427 4239 id

241 4308 343 4367 omne,
365 4292 446 4365 quod
468 4292 504 4350 ad
525 4290 689 4368 Latinium,
711 4302 769 4351 etc.
811 4290 845 4366 Q.
867 4288 904 4349 E.
924 4288 965 4349 D.
