2934 4900
148 1544 278 1623 oslqutm
307 1564 353 1607 me
381 1544 562 1621 experientia
594 1542 714 1621 docuit,
745 1542 859 1619 omnia,
888 1562 954 1621 que
985 1542 1015 1606 in
1046 1545 1194 1607 communi
1215 1546 1276 1609 vita

148 1655 316 1730 frequenter
343 1666 523 1728 occurrunt,
549 1670 623 1715 vana
652 1666 682 1712 et
714 1650 810 1711 futilia
832 1649 903 1711 csse:
926 1668 991 1710 cum
1012 1649 1141 1713 viderem
1162 1650 1277 1725 omnia,

88 1784 108 1825 a
135 1764 243 1842 quibua
274 1779 305 1826 et
336 1780 402 1840 quae
432 1762 588 1839 timebam,
619 1762 691 1824 nihil
721 1779 817 1839 neque
847 1762 920 1822 boni
958 1779 1053 1838 neque
1083 1760 1150 1821 mali
1180 1761 1210 1822 in
1247 1761 1277 1822 se

88 1877 214 1947 bebere,
243 1875 297 1937 nisi
327 1890 474 1953 quatenus
504 1877 540 1937 ab
572 1874 608 1935 iis
640 1875 752 1937 animus
782 1876 972 1950 movebatur;
1002 1874 1140 1937 constitui
1160 1877 1278 1938 tandem

89 1986 258 2064 inquirere,
278 2006 315 2047 an
335 1985 446 2063 aliquid
467 1988 602 2063 daretur,
629 1990 710 2064 quod
732 2004 832 2048 verum
854 1988 982 2063 bonum,
1002 2002 1033 2049 et
1054 1986 1098 2049 sui
1118 1988 1279 2049 communi·

89 2098 183 2159 cubile
213 2096 301 2175 esset,
327 2114 358 2159 et
380 2116 396 2159 a
417 2116 478 2175 quo
498 2098 580 2175 solo,
606 2098 720 2175 rejediis
741 2098 855 2160 ceteris
876 2098 1030 2175 omnibus,
1050 2098 1162 2161 animun
1183 2098 1279 2160 affice·

89 2226 185 2287 retut3
206 2211 266 2271 imo
287 2229 324 2273 an
343 2210 453 2288 aliquid
475 2214 608 2287 daretur,
635 2230 696 2288 quo
723 2212 849 2273 invento
881 2227 912 2272 et
943 2210 1086 2289 acquisito
1093 2257 1104 2288 ,
1135 2212 1275 2273 continuo

96 2342 129 2385 ac
150 2323 258 2385 summa
280 2322 310 2384 in
331 2336 470 2384 eternum
495 2324 605 2383 flueret
628 2322 741 2384 laetitia.
781 2322 877 2399 Dico,
896 2342 939 2383 me
959 2325 1072 2384 tandem
1098 2324 1282 2403 constituissit

94 2433 191 2512 primo
212 2434 288 2496 enim
307 2434 420 2498 intuitu
439 2432 635 2498 inconsultum
654 2434 820 2510 videbatur,
837 2451 960 2514 propter
975 2453 1034 2497 rem
1052 2451 1124 2498 tnnc
1142 2435 1280 2498 incertam

96 2562 206 2609 certam
230 2547 362 2608 amittere
390 2547 481 2610 velle:
507 2546 642 2610 videbam
662 2546 795 2608 nimirum
816 2551 987 2622 commoda,
1017 2565 1082 2624 quae
1110 2565 1148 2608 ex
1167 2547 1281 2609 honore

95 2677 131 2720 ac
152 2656 265 2722 divitiis
291 2658 499 2735 acquiruntur,
520 2672 550 2718 et
572 2660 653 2735 qnod
675 2659 710 2718 ab
731 2657 769 2718 iis
789 2657 953 2734 querendis
974 2660 1101 2738 cogebar
1121 2659 1281 2734 abstinere,

95 2769 117 2831 fi
138 2769 238 2832 seriam
258 2769 300 2830 rei
320 2769 369 2831 alii
389 2785 477 2832 nove
498 2785 616 2846 operam
637 2771 704 2830 dare
725 2770 846 2831 vellen:
868 2785 899 2830 ct
920 2769 939 2829 sr
961 2771 1039 2831 forte
1059 2770 1166 2832 summa
1187 2769 1281 2832 felici·

96 2897 144 2944 tat
160 2881 193 2943 in
207 2881 244 2942 iit
264 2879 334 2942 esset
355 2880 424 2956 sita,
443 2879 649 2958 perspiciebam
656 2899 722 2956 ,me
733 2899 768 2942 ea
778 2883 885 2942 debere
896 2882 1122 2959 carere3livero
1134 2883 1164 2944 in
1175 2883 1211 2944 iit
1221 2903 1283 2944 non

96 2993 167 3055 esset
194 2992 265 3069 fita,
291 2991 390 3070 eisque
418 3005 532 3053 tantum
559 2993 656 3052 darem
684 3009 820 3069 operam,
841 3008 902 3053 tum
923 2993 1010 3054 etiam
1030 2994 1137 3056 summa
1159 3013 1283 3056 carerem

95 3105 250 3166 felicitate.
290 3105 456 3168 volvebam
476 3102 567 3183 igitur
586 3104 698 3179 animo,
719 3121 755 3164 an
776 3104 854 3165 forte
874 3103 944 3165 elset
965 3105 1095 3181 poilibile
1116 3109 1152 3168 nd
1173 3124 1283 3170 novum

95 3217 281 3292 institutum,
307 3230 358 3278 aut
385 3215 483 3278 saltem
511 3217 548 3276 ad
576 3213 664 3292 ipliua
685 3215 890 3277 certitudinem
912 3217 1082 3293 pervenire,
1111 3215 1182 3279 licet
1209 3219 1284 3279 ordo

96 3347 128 3394 et
156 3346 313 3392 commune
339 3327 409 3391 vitae
430 3343 502 3388 meae
522 3325 685 3390 institutum
707 3345 767 3388 non
789 3343 965 3404 mutaretur,
986 3332 1067 3407 quod
1087 3329 1163 3407 saepe
1184 3331 1284 3392 frustra

96 3440 224 3505 tentavi.
265 3441 341 3502 Nam
369 3456 434 3516 quae
463 3440 633 3515 plerumque
653 3438 684 3499 in
706 3437 768 3500 vita
789 3455 964 3512 occurrunt,
984 3457 1015 3500 et
1036 3443 1114 3516 apud
1134 3440 1286 3515 homines,

97 3569 133 3615 ut
152 3571 191 3614 ex
213 3569 314 3613 comm
335 3549 476 3627 operibus
497 3548 633 3628 colligere
651 3549 722 3611 licet
733 3593 743 3624 ,
763 3566 901 3627 tanquam
921 3550 1060 3612 summum
1080 3552 1190 3613 bonum
1212 3551 1286 3612 aeni-

99 3679 234 3736 mantnt,
264 3665 301 3724 ad
331 3661 394 3724 baec
424 3659 480 3723 tria
511 3659 697 3740 rediguntur:
730 3661 849 3723 divitias
870 3660 998 3736 scilicet,
1016 3661 1177 3738 honorem,
1197 3678 1286 3740 atquc

97 3775 259 3838 libidinem.
301 3772 355 3834 Hit
386 3773 481 3834 tribur
511 3775 588 3834 adeo
619 3771 786 3834 distrahitur
811 3791 912 3849 ment,
939 3789 973 3834 nt
1000 3772 1116 3835 minime
1143 3775 1229 3851 poffit
1250 3776 1286 3836 de

99 3887 157 3949 alio
176 3885 279 3964 aliquo
299 3886 381 3947 bono
402 3883 542 3964 cogitare.
582 3885 657 3945 Nam
679 3886 762 3960 quod
782 3887 819 3945 ad
838 3882 987 3945 libidinem
1009 3882 1136 3960 attinet,
1157 3903 1190 3945 ea
1212 3886 1286 3945 adeo

100 3995 286 4076 suspenditur
315 3995 446 4070 animus,
477 4013 510 4055 uc
540 3993 561 4054 sn
593 3993 622 4055 in
651 3993 751 4072 aliquo
779 3997 861 4056 bono
883 3994 1061 4073 quiesceret;
1082 4015 1143 4073 quo
1164 3995 1288 4056 manime

99 4111 269 4188 impeditur,
289 4125 327 4169 ne
347 4109 384 4170 de
405 4107 464 4168 alio
485 4105 615 4186 cogitet3
632 4106 682 4168 sed
703 4106 769 4182 pon
785 4106 863 4168 illiue
881 4106 1051 4168 fruitionem
1067 4106 1174 4170 summa
1191 4106 1288 4184 sequi·

76 4205 148 4284 ¹tur
178 4219 311 4294 tristitia,
341 4236 422 4296 quae,
449 4217 470 4279 st
499 4235 559 4278 non
590 4215 742 4294 suspendit
773 4234 917 4294 mentem,
946 4233 1043 4279 tamen
1074 4219 1226 4296 perturbat
1259 4234 1289 4278 et

102 4335 232 4396 hebetat.
273 4333 413 4392 llonoret
440 4348 473 4390 tc
505 4327 625 4394 divitias
651 4328 859 4408 prosequendo
879 4348 939 4392 non
961 4348 1061 4406 patum
1082 4330 1169 4392 etiam
1189 4330 1289 4393 distra-
