2934 4900
245 329 300 410 148
660 331 845 392 Ethices
872 330 941 392 Pats
960 327 1013 392 111.

240 517 379 579 tanquam
407 501 492 565 causa
522 503 681 580 afficietur,
708 504 768 568 stuc
795 503 918 582 seipsum
939 521 1005 566 cum
1026 502 1146 565 Laetitia
1169 501 1448 577 contemplabitur,

240 629 271 674 a
293 630 405 677 contra.
435 616 468 693 Q.
490 617 528 678 a.
548 617 592 678 D.
957 605 962 616 ’

708 781 721 824 s
735 781 753 823 c
766 780 788 823 tt
801 781 821 823 o
834 780 853 823 n
866 781 878 823 1
890 779 913 824 u
926 779 963 823 st.

279 869 355 932 Cum
383 873 476 932 Amor
504 870 797 951 (perstantium.
823 888 868 948 ¹3·
888 870 990 949 bajus)
1013 869 1047 931 fit
1069 870 1188 932 Latitia
1210 869 1444 930 concomitante

240 983 303 1044 idea
335 983 428 1046 causae
460 998 607 1060 externat,
638 999 668 1045 et
700 984 809 1047 Odium
839 983 970 1044 Tristitia
1000 983 1219 1045 concomitante
1248 982 1337 1044 etiam
1372 982 1444 1042 idea

240 1093 331 1156 causae
363 1111 509 1173 extetnae;
537 1095 592 1158 etit
621 1115 691 1176 ergo
718 1099 782 1158 haec
809 1097 930 1159 Laetitia
958 1111 989 1156 et
1017 1095 1147 1158 Tristitia
1169 1095 1288 1156 Amoris
1308 1110 1342 1154 et
1366 1095 1444 1156 Odii

238 1207 361 1284 species.
398 1209 456 1271 Sed
485 1209 554 1287 quia
582 1211 675 1270 Amor
703 1225 731 1270 et
761 1209 870 1271 Odium
898 1213 935 1271 ad
964 1209 1079 1286 objetta
1108 1223 1230 1268 externa
1250 1208 1444 1280 referuntur,

239 1319 308 1382 ideo
344 1320 400 1381 hos
427 1321 561 1384 Alledius
589 1321 654 1384 aliis
682 1321 851 1384 nominibus
879 1319 1119 1400 fignificabimus3
1149 1337 1253 1396 nempe
1282 1318 1444 1380 Laetitiam

239 1432 459 1494 concomitante
480 1433 545 1495 iden
566 1433 659 1496 causae
681 1450 810 1495 extentae
832 1438 847 1469 *
869 1435 1018 1509 Gloriam,
1039 1449 1070 1493 et
1092 1432 1254 1493 Tristitiam
1270 1432 1341 1493 huic
1362 1449 1442 1492 ton-

239 1543 353 1604 trariam
375 1545 516 1606 Pudorem
536 1547 761 1622 appellabimus:
784 1547 934 1624 ltttellige,
955 1548 1074 1624 quaudo
1096 1545 1215 1608 Latitia
1235 1547 1282 1608 vel
1302 1543 1444 1606 Tristitia

239 1675 276 1717 ex
308 1677 345 1718 eo
377 1657 489 1735 oritur,
520 1661 601 1735 quod
629 1657 719 1719 homo
752 1659 781 1719 se
811 1658 921 1720 laudati
953 1661 1000 1721 vel
1032 1657 1192 1734 vituperati
1222 1657 1333 1732 credit;
1364 1657 1441 1718 alias

239 1769 388 1832 Laetitiam
418 1771 637 1832 concomitante
663 1771 730 1833 idea
759 1769 851 1832 causae
879 1788 1009 1832 extetnae
1039 1773 1053 1805 *
1082 1771 1331 1848 Aequiescemiam
1351 1773 1387 1828 in
1403 1771 1442 1844 fe

238 1884 317 1962 ipso,
343 1882 503 1944 Tristitiatu
527 1901 598 1948 vero
621 1883 713 1945 eidem
737 1885 911 1946 contrariam
933 1887 1136 1945 Paenitentiam
1157 1885 1284 1946 vocabo.
1315 1881 1437 1942 Deinde

240 1995 308 2070 quia
330 1995 402 2074 (per
424 1998 526 2057 Corail.
550 1999 639 2077 Prop.
665 2012 709 2070 17.
727 2010 760 2076 p.
779 1999 811 2074 2)
831 1997 892 2057 lieri
909 1997 1023 2072 potest,
1042 2012 1075 2057 ut
1093 1995 1231 2070 Laetitia,
1250 2013 1306 2071 qua
1326 1993 1439 2070 aliquis

240 2105 268 2166 sc
297 2107 425 2184 reliquos
448 2108 560 2170 afficere
584 2108 776 2188 imaginatur,
797 2107 963 2187 imaginaria
983 2123 1099 2168 tantum
1122 2105 1172 2180 stt,
1194 2122 1225 2166 et
1247 2105 1319 2184 (per
1341 2105 1435 2181 Prop.

240 2232 288 2294 25.
319 2219 420 2300 husius)
450 2220 650 2298 unusquisque
678 2224 714 2282 de
746 2221 773 2281 se
802 2220 832 2282 id
862 2237 947 2281 omne
970 2235 1094 2280 conatur
1114 2216 1280 2296 imaginari,
1300 2219 1385 2292 quod
1408 2215 1437 2272 se

240 2330 359 2392 Laetitia
399 2332 511 2392 afficere
544 2332 735 2412 imaginatum
767 2331 852 2392 facile
883 2349 953 2411 ergo
984 2330 1046 2392 lieri
1077 2329 1192 2406 potest,
1223 2343 1257 2389 ut
1287 2325 1436 2406 gloriosus

240 2441 381 2519 superbus
403 2443 455 2520 stt,
476 2460 506 2505 et
528 2444 556 2505 se
580 2445 716 2507 omnibus
737 2462 850 2525 gratum
871 2442 926 2505 effe
948 2443 1138 2522 imaginetur,
1157 2442 1276 2519 quando
1294 2437 1434 2500 omnibus

239 2555 375 2617 molestus
396 2556 446 2617 eli.

598 2737 930 2798 PROPOSITIO
961 2736 1068 2797 XXXI.

281 2862 317 2925 Si
337 2866 460 2942 aliquem
480 2868 675 2940 imaginamur
695 2885 811 2941 amare,
833 2868 883 2925 uel
900 2880 1017 2945 cupere,
1034 2867 1085 2924 uel
1097 2867 1158 2925 odia
1176 2862 1281 2924 habere
1297 2863 1429 2940 aliquid,

240 2978 315 3054 quud
332 2976 386 3057 ipſs
406 2958 550 3053 amamini,
571 2982 711 3057 cupimus,
732 2981 782 3038 uel
799 2981 860 3039 odio
879 2977 1027 3051 habemus,
1048 2999 1077 3037 ea
1099 2979 1162 3057 ipso
1180 2995 1240 3037 rem
1256 2976 1430 3054 constantius

239 3090 412 3166 amabimus,
431 3104 482 3151 cic.
511 3091 547 3151 Si
563 3105 657 3151 autem
674 3094 721 3167 id,
741 3094 817 3170 quod
830 3110 974 3166 amamus,
988 3110 1049 3150 eum
1065 3092 1207 3168 aversari
1221 3092 1429 3165 imaginamur,

238 3204 287 3261 uel
305 3216 422 3278 contra,
443 3216 502 3262 tum
522 3207 614 3263 antimi
629 3204 841 3279 fluduationem
857 3208 1014 3283 patiemur.

638 3381 1030 3425 nmmonsnnnnto

278 3474 324 3533 Ex
357 3492 393 3533 eo
425 3473 506 3550 solo,
537 3478 618 3551 quod
650 3474 777 3552 aliquem
809 3474 919 3551 aliquid
948 3493 1041 3535 amare
1072 3474 1275 3553 imaginantur,
1303 3492 1341 3533 co
1364 3471 1428 3549 ipso

238 3584 313 3647 idem
334 3586 494 3647 amabimus
516 3585 588 3665 (per
608 3588 697 3666 Prap.
720 3603 769 3662 27.
792 3586 903 3665 liujus).
934 3588 976 3647 At
997 3585 1055 3647 stne
1076 3586 1135 3645 hoc
1155 3604 1211 3645 nos
1233 3584 1308 3645 idem
1331 3602 1425 3645 amate

238 3696 428 3771 supponimus
450 3698 498 3772 **;
519 3698 632 3759 accedit
654 3716 723 3776 ergo
745 3696 848 3758 Amori
869 3716 948 3759 nova
969 3682 1064 3769 causa,
1083 3715 1099 3755 a
1117 3716 1174 3771 qua
1187 3696 1424 3771 nocentiumque

238 3810 312 3869 adeo
335 3808 381 3885 id,
403 3812 485 3885 quod
506 3827 650 3886 amamus,
671 3810 728 3870 hoc
752 3810 816 3885 ipso
838 3808 1019 3870 constantius
1041 3808 1209 3869 amabimus.
1250 3806 1366 3867 Deinde
1390 3826 1424 3866 ex
1448 3837 1449 3840 κ

242 3982 517 3995 ————

272 4092 373 4143 'Vati
397 4094 466 4161 belg.
491 4107 516 4145 ct
535 4096 667 4147 cuncter:
686 4097 819 4155 internae,
838 4097 928 4147 collata
948 4097 1026 4163 arpi.
1043 4096 1127 4161 Defin.
1145 4095 1236 4161 Affece.
1255 4108 1295 4157 24.
1312 4098 1347 4145 At
1365 4093 1423 4147 vide
1447 4087 1448 4126 l

238 4171 309 4238 supra
333 4178 414 4227 Scitul.
433 4193 457 4229 2.
490 4178 567 4244 Prop.
586 4181 610 4229 8.
625 4192 653 4245 p.
675 4196 703 4241 t,
720 4180 782 4243 quid
800 4180 844 4230 ilbi
862 4180 926 4231 velit
943 4180 1022 4245 caasa
1041 4190 1166 4239 exterum
1182 4194 1257 4242 quatu
1275 4178 1301 4228 in
1319 4180 1423 4237 codem,

236 4272 312 4321 tuque
329 4258 469 4321 causatum,
487 4262 624 4313 individuo
642 4260 722 4313 sedern
741 4265 831 4313 habere
849 4262 911 4313 nibli
929 4277 1009 4315 vetat.
1446 4325 1447 4328 Ἴ

270 4343 297 4373 *’
318 4340 387 4392 i'cti.
405 4343 487 4411 netga
510 4346 556 4407 tuti
573 4346 738 4410 ondersielleu
755 4347 804 4396 dat
821 4346 876 4407 νῇ.
892 4374 925 4383 ·-
943 4346 1099 4413 Corrigenda
1117 4346 1154 4397 lid
1181 4346 1236 4395 Pa:
1250 4344 1422 4411 supponimur.
1446 4391 1447 4410 ,
