2934 4900
469 323 525 389 De
555 320 827 383 Assectibus.
1189 318 1243 393 183

591 496 715 558 XXXV.

96 615 298 675 Benevohntia
329 612 371 673 est
400 609 559 689 Cupiditas
589 606 793 670 benefaciendi
824 608 870 683 ei,
906 606 991 685 cujus
1028 624 1083 668 nos
1119 604 1244 667 miseret.

61 727 129 785 Vide
147 723 239 785 Sestos.
261 724 353 803 Prop.
374 739 425 799 27.
445 721 542 799 liujus,

583 850 721 911 XXXVI.

93 968 147 1027 Ira
173 966 215 1027 est
244 964 422 1042 Cupiditas,
451 981 509 1040 qua
531 980 569 1022 ex
589 961 669 1023 Odio
690 960 846 1023 incitamur
866 961 903 1022 ad
923 960 982 1035 illi,
1003 976 1089 1037 quem
1111 958 1244 1032 odimus,

60 1078 156 1137 uelum
175 1077 374 1140 inferendum.
418 1076 493 1136 Vide
513 1075 601 1153 Prop.
624 1090 672 1151 39.
693 1071 790 1149 nujus.

573 1218 726 1279 XXXVII.

97 1333 235 1393 Vindida
268 1332 310 1393 est
339 1330 517 1409 Cupiditas,
548 1350 606 1407 qua
637 1346 675 1391 ert
705 1328 858 1404 reciproco
889 1328 968 1389 Odio
1001 1325 1182 1387 concitamur
1209 1326 1246 1385 ad

62 1445 158 1504 mtlum
186 1444 373 1507 inferendum
403 1443 451 1520 ei,
471 1442 523 1521 qui
545 1443 633 1504 nobis
654 1440 716 1518 pari
738 1440 845 1503 odedu
866 1443 1000 1501 damnum
1021 1436 1130 1498 intulit.
1172 1436 1247 1495 Vide

61 1570 86 1614 a.
107 1556 211 1617 Corois.
232 1557 324 1636 Prop.
345 1574 394 1635 40.
416 1555 503 1632 hujus
523 1574 585 1615 cum
605 1556 728 1633 ejusdem
749 1552 839 1615 Schol.

570 1700 737 1761 xxxvru.

98 1813 267 1873 Crudelitas
296 1812 348 1873 seu
376 1813 500 1873 Saeviria
531 1812 572 1873 est
604 1811 777 1888 Cupiditas,
804 1830 862 1889 qua
890 1809 995 1887 aliquis
1017 1805 1183 1869 concitetur
1210 1806 1247 1866 ad

59 1925 162 1985 malum
191 1924 377 1985 inferendum
407 1924 451 1998 ei,
479 1942 566 2001 quem
593 1942 736 1999 amamus,
765 1924 812 1985 vel
834 1921 918 1998 cujus
938 1938 994 1981 nos
1015 1918 1139 1979 miseret.
1231 2008 1232 2013 γ

498 2084 807 2138 exeuronsro

95 2178 276 2242 Crudelitati
303 2178 468 2256 opponitur
495 2178 675 2256 Clementia,
703 2197 769 2257 quae
797 2180 885 2256 pallio
913 2196 973 2238 non
1003 2174 1059 2252 est,
1088 2174 1137 2236 sed
1158 2172 1247 2235 animi

60 2292 190 2366 potentia
200 2338 212 2369 ,
233 2311 294 2371 qua
314 2292 404 2353 homo
425 2291 495 2353 iram
516 2307 548 2353 et
567 2291 725 2355 vindiiiam
747 2292 921 2353 moderatur.

583 2436 719 2500 XXXIX.

99 2553 199 2612 Timor
215 2551 258 2612 est
274 2550 432 2628 Cupiditas
449 2550 557 2628 maius,
575 2553 657 2627 quod
674 2549 846 2624 metuimus,
862 2548 968 2608 malum
986 2545 1098 2605 minore
1116 2538 1243 2604 vitandi.

60 2664 127 2723 Vide
146 2663 243 2726 Sestos.
264 2665 353 2744 Prop.
376 2680 424 2740 ³9·
446 2662 542 2738 hujus.

94 2901 232 2963 Audacia
258 2901 300 2963 est
328 2901 505 2979 Cupiditas,
536 2921 594 2979 qua
627 2901 731 2980 aliquis
752 2901 893 2964 incitatur
913 2900 949 2960 ad
971 2895 1081 2972 aliquid
1101 2892 1244 2972 agendum

61 3033 120 3075 cum
141 3015 294 3092 periculo,
315 3019 398 3092 quod
419 3014 483 3094 ejus
504 3017 633 3092 aequales
655 3015 749 3078 subire
770 3029 917 3076 metuunt.

612 3143 690 3205 XLI.

97 3258 326 3337 Fufidianimiras
356 3255 465 3318 dicitur
495 3258 532 3317 de
562 3274 620 3332 eo,
651 3255 736 3333 cujus
768 3253 925 3331 Cupiditas
956 3255 1110 3312 codrcetur
1139 3243 1246 3304 timore

64 3369 198 3443 periculi,
218 3371 300 3447 quod
321 3367 386 3447 ejus
407 3368 535 3444 equales
556 3367 651 3428 subire
672 3370 793 3429 audent.

497 3529 804 3574 uxeurcnsrm

97 3627 145 3687 Est
175 3627 267 3707 igitur
296 3624 517 3688 Pufilleminitas
548 3625 619 3688 nihil
650 3625 747 3702 aliud,
778 3643 864 3702 quam
893 3625 995 3686 Metus
1017 3621 1140 3699 alicujus
1160 3619 1245 3695 mali,

64 3741 138 3814 quod
159 3737 291 3816 plerique
311 3755 373 3798 non
396 3737 491 3799 solent
513 3753 658 3813 metuere;
676 3754 766 3815 quare
784 3735 873 3813 ipsam
895 3737 932 3796 ad
953 3733 1137 3811 Cupiditatis
1157 3731 1244 3792 affec-

63 3864 104 3909 tus
123 3869 185 3911 non
205 3851 312 3911 refero.
352 3849 484 3910 Eandem
512 3864 608 3910 tamen
629 3849 678 3910 hic
700 3847 845 3924 explicare
868 3847 967 3922 volui,
988 3844 1076 3922 quia,
1098 3857 1245 3921 quatenus

64 3959 94 4018 ad
114 3959 316 4038 Cupiditatem
338 3959 538 4035 attendimus,
559 3959 676 4022 olseitui
697 3957 838 4020 Audaciae
859 3976 960 4020 revera
982 3955 1155 4033 opponitur.

604 4088 697 4148 XLll.

102 4202 297 4281 consternatio
324 4201 433 4263 dicitur
454 4202 490 4263 de
513 4219 565 4277 eo,
586 4199 670 4278 cujus
691 4199 848 4276 Cupiditas
869 4199 973 4260 malum
995 4195 1109 4261 vit'andi
1127 4199 1243 4256 toirce·

66 4326 111 4374 tur
130 4313 322 4377 admiratione
342 4313 427 4391 mali,
446 4316 529 4391 quod
550 4312 645 4374 timet.
