2934 4900
338 307 841 388 Theologico·Politici
881 307 955 384 Cap.
976 306 1043 368 Xll.
1223 317 1281 381 523

97 486 168 564 quia
195 485 313 566 Religio
340 485 427 547 nullis
455 484 658 562 superstitiosis
686 483 865 546 ornamentis
892 484 1022 564 indiget,
1048 483 1100 544 sed
1120 495 1224 543 contra
1245 482 1282 542 de

97 597 188 676 ipsius
208 597 361 674 splendore
381 597 527 673 adimitur,
549 599 668 674 quando
689 597 829 660 similibus
855 596 1002 677 figmentis
1029 597 1197 658 adornatur.
1238 594 1282 654 At

98 711 216 786 dicent,
236 717 370 788 quamvls
389 710 439 770 lex
458 708 559 773 divina
579 708 718 771 cordibus
739 707 877 785 inscripta
897 708 949 784 stt,
976 706 1154 783 scripturam
1173 703 1281 766 nihilo·

97 821 194 882 minus
221 821 278 883 Dei
305 820 360 882 else
387 822 525 898 verbum,
546 822 680 899 adeoque
701 839 762 882 non
781 819 873 900 magis
893 824 930 882 de
961 819 1110 896 Scriptura
1137 817 1283 894 quamde

97 931 156 994 Dei
166 934 268 993 Verbo
290 931 386 994 dicere
406 931 492 1010 licet,
513 935 634 994 eandem
655 947 818 994 truncatam
838 948 868 994 et
889 935 1078 1009 depravatam
1098 928 1163 991 elie.
1172 931 1283 990 Verum

98 1063 156 1124 ego
184 1058 286 1106 contra
312 1062 432 1120 vereor,
461 1063 496 1106 ne
525 1044 610 1106 nimis
638 1045 772 1106 studeant
792 1043 847 1106 esse
868 1044 973 1120 sandi,
994 1059 1025 1106 et
1046 1041 1231 1122 Religionem
1252 1040 1283 1102 in

97 1156 331 1235 superstitionem
362 1172 555 1232 convertant;
586 1156 646 1219 imo
679 1177 715 1220 ne
745 1157 894 1220 simulacra
924 1173 955 1219 et
985 1156 1142 1236 imagines,
1162 1155 1221 1216 hoc
1242 1153 1283 1214 est

98 1273 227 1334 chartam
249 1288 279 1334 et
300 1288 509 1348 atramentum,
529 1290 582 1349 pro
602 1272 659 1335 Dei
681 1275 785 1334 Verbo
805 1276 926 1335 adorare
947 1272 1100 1348 incipiant.
1122 1272 1190 1332 Hoc
1210 1269 1283 1344 scio,

97 1401 144 1443 me
165 1381 237 1442 nihil
256 1383 406 1462 indignum
427 1383 575 1460 Scriptura
597 1399 648 1445 aut
668 1384 726 1445 Dei
747 1387 840 1446 verbo
861 1382 981 1459 dixisse,
1008 1383 1061 1460 qui
1080 1381 1154 1443 nihil
1173 1381 1280 1441 statue·

97 1494 168 1570 rim,
189 1498 270 1572 quod
298 1513 359 1557 non
387 1494 604 1558 evidentissimis
624 1495 790 1558 rationibus
810 1513 912 1559 verum
933 1494 989 1556 esse
1010 1492 1284 1569 demonstraverim

98 1622 131 1668 et
151 1607 205 1668 hac
226 1610 263 1669 de
284 1607 369 1670 causa
389 1607 477 1670 etiam
498 1625 581 1670 certo
602 1608 741 1670 affirmare
762 1610 879 1686 poliim,
899 1627 944 1669 me
966 1607 1039 1669 nihil
1058 1605 1180 1684 dixisse,
1201 1607 1284 1683 quod

97 1719 218 1795 impium
240 1718 291 1797 fit,
311 1721 360 1784 vel
381 1722 463 1798 quod
483 1719 663 1798 impietatem
684 1723 826 1783 redoleat.
846 1723 962 1797 Fateor,
982 1722 1123 1798 profanos
1143 1719 1284 1798 quosdam

96 1830 250 1908 homines,
271 1830 379 1910 quibus
400 1833 519 1912 Religio
541 1851 617 1894 onus
638 1833 696 1910 eli,
716 1852 755 1894 ex
776 1835 822 1895 his
842 1834 989 1896 licentiam
1010 1831 1152 1910 peccandi
1171 1831 1282 1894 sumere

97 1942 196 2020 posse,
216 1961 247 2006 et
267 1945 326 2007 stne
347 1946 406 2006 ulla
426 1944 559 2022 ratione,
580 1945 630 2009 sed
651 1960 765 2009 tantum
787 1963 822 2008 ut
841 1945 991 2024 voluptati
1012 1946 1195 2022 concedant,
1214 1943 1284 2005 hinc

97 2056 291 2133 concludere,
312 2055 487 2133 Scripturam
509 2057 619 2134 ubique
640 2057 696 2119 elie
716 2059 882 2120 mendosam
904 2074 935 2120 et
953 2058 1145 2134 falsificatam,
1162 2073 1193 2118 et
1210 2075 1283 2119 con-

97 2167 253 2245 sequenter
280 2167 388 2230 nullius
416 2166 503 2230 etiam
525 2167 723 2230 authoritatis.
764 2172 875 2232 Verum
894 2169 1034 2232 similibus
1054 2168 1209 2248 subvenire
1229 2168 1282 2228 im-

96 2279 230 2357 pollibile
250 2279 307 2357 esi,
327 2278 485 2342 secundum
505 2279 577 2341 illud
597 2280 715 2358 tritum,
734 2285 817 2359 quod
834 2282 906 2345 nihil
923 2285 998 2344 adeo
1015 2284 1092 2344 reste
1102 2280 1161 2343 dici
1171 2279 1286 2357 potest,

98 2391 172 2471 quin
193 2393 265 2455 male
285 2391 506 2471 interpretando
527 2391 612 2470 posit
632 2394 795 2471 depravari.
826 2394 887 2479 Qui
907 2395 1114 2474 voluptatibus
1134 2395 1284 2474 indulgere

98 2506 224 2581 volunt,
251 2504 335 2567 facile
363 2506 476 2569 causam
504 2525 715 2586 quamcumque
743 2508 875 2572 invenire
901 2508 1037 2587 poliunt,
1065 2528 1120 2571 nec
1148 2508 1217 2569 olim
1245 2507 1283 2581 ii,

99 2615 152 2693 qui
172 2616 233 2693 ipsa
254 2616 422 2697 originalia,
443 2635 536 2679 arcam
557 2618 701 2697 foederis,
722 2620 783 2683 imo
804 2620 884 2697 ipsos
903 2619 1283 2698 Prophetasetnponoros

97 2728 263 2805 habebant,
291 2728 424 2791 meliores
450 2731 585 2807 fuerunt,
613 2750 668 2793 nec
696 2732 787 2811 magis
815 2735 1070 2810 obtemperantes;
1094 2731 1144 2793 sed
1165 2748 1283 2805 omnes,

98 2854 158 2901 tam
185 2839 281 2920 Judaei
308 2858 394 2918 quam
422 2840 571 2919 Gentiles,
598 2841 686 2905 iidem
713 2843 826 2921 semper
851 2846 990 2921 suerunt,
1011 2860 1042 2906 et
1062 2844 1093 2905 in
1114 2840 1194 2904 omni
1215 2859 1282 2905 aevo

97 2952 194 3017 virtus
214 2954 370 3015 admodum
390 2970 451 3015 rara
472 2954 539 3016 suit.
559 2956 718 3033 Attamen,
738 2972 773 3017 ut
794 2974 908 3018 omnem
929 2976 1080 3021 amoveam
1100 2956 1281 3033 scrupulum,

99 3063 308 3127 ostendendum
329 3066 376 3125 hic
397 3066 453 3143 esl,
474 3085 532 3144 qua
552 3066 666 3129 ratione
687 3067 853 3147 Scriptura,
870 3084 901 3129 et
919 3086 1103 3145 quacunque
1121 3084 1168 3129 res
1184 3079 1283 3143 muta,

97 3173 177 3235 sacra
198 3188 228 3235 et
249 3172 350 3237 divina
371 3173 429 3235 dici
450 3176 572 3235 debeat:
594 3176 718 3253 deinde,
739 3176 811 3255 quid
832 3177 867 3239 stt
888 3196 988 3241 revera
1008 3179 1140 3240 Verbum
1159 3176 1233 3253 Dei,
1250 3192 1282 3238 et

98 3286 181 3363 quod
212 3284 243 3347 id
274 3303 334 3347 non
366 3286 554 3349 contineatur
584 3287 615 3349 in
646 3303 728 3351 cetto
761 3307 881 3353 numero
908 3290 1063 3353 librorum:
1085 3305 1117 3352 et
1137 3289 1283 3369 denique,

98 3397 292 3474 Scripturam,
314 3412 459 3474 quatenus
480 3416 515 3459 ea
535 3401 643 3476 docet,
671 3418 737 3479 quae
759 3404 796 3463 ad
817 3400 1016 3463 obedientiam
1038 3416 1069 3463 et
1090 3400 1210 3463 salutem
1230 3419 1282 3462 ne·

98 3507 213 3571 cellaria
234 3508 316 3585 sunt,
338 3528 399 3571 non
421 3508 546 3586 potuisse
568 3512 723 3589 corrumpi.
754 3515 831 3574 Nam
853 3532 890 3575 ex
910 3514 956 3575 his
977 3513 1061 3576 facile
1082 3512 1282 3590 unusquisque

93 3620 226 3701 judicare
257 3621 385 3699 poterit,
416 3640 472 3684 nos
503 3622 575 3683 nihil
605 3639 708 3687 contra
739 3624 796 3686 Dei
826 3627 947 3689 verbum
979 3625 1079 3688 dixisse
1085 3670 1096 3703 ,
1117 3643 1171 3687 nec
1192 3626 1281 3687 ullum

97 3734 195 3793 locum
216 3732 361 3809 impietati
382 3732 498 3795 dedisse.

139 3844 172 3905 ld
194 3844 301 3906 sacrum
318 3861 349 3906 et
364 3844 496 3909 divinum
518 3862 653 3923 vocatur,
674 3850 758 3925 quod
777 3848 883 3925 pietati
904 3864 934 3910 et
955 3848 1090 3927 religioni
1110 3851 1280 3911 exercende

97 3955 271 4020 destinatum
292 3958 349 4035 esi;
370 3972 401 4019 et
422 3959 534 4021 tamdiu
560 3974 674 4021 tanturn
701 3959 811 4023 sacrum
837 3961 910 4039 erit,
931 3961 1068 4039 quamdiu
1089 3961 1224 4024 homines
1243 3982 1280 4026 eo

96 4068 229 4149 religiose
251 4086 391 4149 utuntur;
413 4071 531 4148 quodsi
546 4072 588 4149 pii
610 4072 666 4133 esse
688 4072 835 4152 defluant,
857 4089 888 4135 et
908 4074 939 4137 id
960 4074 1048 4137 etiam
1068 4073 1149 4137 srmul
1170 4074 1280 4139 sacrum

98 4180 153 4243 esse
181 4182 308 4259 definet;
337 4198 366 4245 at
395 4182 415 4243 sr
442 4184 518 4246 idem
547 4188 583 4246 ad
609 4203 655 4246 res
676 4186 779 4262 impias
806 4190 962 4264 patrandas
990 4186 1145 4264 dedicent,
1166 4204 1227 4250 tum
1249 4187 1279 4250 id

97 4292 209 4371 ipsum,
236 4298 317 4371 quod
345 4310 430 4359 antea
458 4294 567 4361 sacrum
595 4312 673 4373 erat,
700 4297 878 4361 immundum
899 4314 929 4359 et
949 4301 1105 4376 profanum
1131 4302 1278 4367 reddetur.
