2934 4900
364 358 676 423 Emendatione
706 358 951 423 Tractatus.
1213 376 1248 437 17

54 534 126 595 talis
154 534 220 597 idea
248 536 405 599 versetur?
446 538 544 599 Video
567 556 628 599 eam
650 553 764 599 tantum
785 536 891 600 versari
913 538 988 599 circa
1010 536 1167 614 poiiibilin3
1188 555 1249 597 non

53 666 132 710 vero
165 649 241 709 circa
271 648 449 725 neceii'aria,
479 668 575 727 neque
606 650 682 711 circa
714 650 904 727 impoffibiiia.
946 652 1019 713 Rem
1052 649 1249 727 impoffibilem

52 780 139 823 voco
147 808 157 838 ,
177 762 263 839 cujus
284 778 388 825 natura
410 762 540 839 implicat
566 762 847 839 contradictionem,
874 778 908 825 ut
929 780 963 824 ea
985 762 1104 825 existat:
1125 762 1249 823 neceiia-

50 872 145 948 riam,
177 872 263 951 cujus
294 889 398 936 natura
430 874 559 950 implicat
591 874 870 951 contradictionem,
901 891 935 936 ut
966 893 1001 935 ea
1029 894 1091 935 non
1123 874 1249 936 existat:

51 976 235 1062 poffibilem,
263 986 348 1063 cujus
377 986 494 1064 quidem
521 986 691 1063 existentia,
719 986 780 1063 ipia
808 986 857 1049 sua
886 990 1003 1062 natura,
1031 1002 1092 1047 non
1120 984 1248 1061 implicat

49 1096 340 1173 contradictionem,
369 1117 403 1159 ut
435 1098 538 1159 existat
569 1117 620 1160 aut
651 1117 711 1159 non
743 1097 863 1173 existam
891 1098 941 1159 sed
968 1096 1054 1174 eujus
1087 1096 1247 1157 existentia·

51 1210 224 1284 neceiiitas,
245 1226 297 1269 aut
318 1208 545 1286 impoffibilitas,
575 1212 682 1286 pendet
704 1230 719 1270 a
741 1210 832 1272 caufis
853 1208 940 1270 nobis
962 1208 1089 1288 ignotis,
1110 1208 1249 1285 quamdiu

51 1316 148 1391 ipssus
176 1318 358 1381 existentiam
386 1320 538 1399 fingimus;
567 1321 694 1399 ideoque
715 1320 736 1382 st
757 1320 845 1397 ipsius
866 1322 1014 1383 neceffitas
1040 1336 1091 1383 aut
1123 1321 1248 1397 impoffi-

50 1430 175 1507 bilitas,
201 1452 267 1509 quae
288 1453 303 1493 a
325 1434 416 1494 causis
445 1434 572 1495 externis
601 1436 725 1510 pendet,
754 1433 842 1494 nobis
871 1431 940 1493 esset
960 1448 1031 1493 nota
1038 1476 1048 1507 ,
1068 1430 1141 1493 nihil
1161 1430 1248 1491 ctiam

49 1546 89 1603 de
112 1562 148 1605 ea
170 1542 361 1620 potuinemus
382 1546 498 1625 fingere.
530 1549 618 1609 Unde
640 1546 789 1624 sequitur,
810 1544 829 1606 st
851 1549 937 1608 detur
956 1544 1063 1622 aliquis
1080 1546 1181 1618 Deus,
1196 1560 1247 1604 aut

49 1656 229 1719 omniscium
251 1658 339 1735 qnid,
360 1658 432 1720 nihil
453 1658 568 1735 prorsus
588 1660 673 1720 hoe*
696 1657 774 1735 poiie
797 1658 913 1736 fingere.
934 1658 1029 1733 Nam,
1050 1658 1133 1733 quod
1143 1657 1180 1716 ad
1191 1673 1247 1716 nos

48 1768 182 1843 attinet,
213 1770 366 1846 postquam
403 1770 413 1811 ¹
448 1772 519 1835 novi
551 1790 595 1831 me
632 1770 770 1846 existere,
806 1788 867 1831 non
909 1767 1021 1845 poisum
1058 1768 1165 1847 fingere
1202 1786 1246 1827 me

48 1880 175 1941 existere
205 1897 257 1942 aut
288 1900 348 1943 non
370 1882 507 1959 existere3
529 1902 583 1944 nec
605 1882 692 1945 ctiam
714 1880 826 1959 poii‘ttm
847 1883 953 1961 fingere
975 1880 1173 1957 elephantem,
1194 1879 1245 1955 qui
1314 1873 1319 1884 ’

49 1992 182 2053 transeat
213 2012 265 2069 per
295 2012 366 2055 acus
398 1996 544 2071 foramem
576 2015 629 2057 nec
661 1994 794 2071 poii'um,
826 1994 976 2071 postquam
1003 1997 1169 2055 ²natnram
1189 1991 1246 2052 Dei

50 2106 124 2166 novi
131 2150 142 2181 ,
164 2106 273 2185 fingere
294 2126 360 2169 eum
378 2107 546 2169 existentem
571 2126 622 2171 aut
640 2128 700 2169 non
718 2107 905 2169 existentem:
934 2107 1010 2168 idern
1028 2105 1246 2185 intelligendum

51 2216 92 2277 esi
114 2220 152 2277 dc
176 2216 336 2295 Chimera,
356 2217 440 2296 cujus
462 2235 563 2281 natura
584 2220 703 2281 existere
726 2218 855 2295 implicat
876 2220 917 2279 **.
958 2218 1006 2279 Ex
1032 2216 1140 2293 quibus
1166 2231 1248 2292 patet

51 2328 100 2405 id,
130 2332 215 2407 quod
245 2330 324 2407 dixi,
351 2330 462 2391 scilicet
490 2334 572 2407 quod
591 2331 690 2409 fictio,
710 2334 747 2392 de
768 2350 827 2408 qna
847 2330 895 2391 hic
914 2328 1071 2406 loquimur,
1092 2347 1153 2389 non
1175 2346 1246 2388 con·

52 2440 145 2521 tingit
179 2440 254 2504 cirea
286 2459 408 2504 eternas
443 2447 465 2495 ³,
488 2442 635 2506 veritates.
677 2442 735 2505 Sed
772 2459 928 2521 antequam
959 2439 1081 2504 ulterius
1112 2458 1246 2519 pergam,

53 2553 103 2612 hic
132 2553 233 2614 obiter
256 2557 418 2616 notandum
446 2541 506 2632 est,
530 2558 612 2631 quod
639 2554 686 2616 illa
715 2553 894 2630 differentia,
915 2571 980 2630 quae
1000 2553 1041 2614 est
1061 2552 1137 2614 inter
1156 2551 1246 2613 effen·

54 2665 126 2725 tiam
160 2663 248 2726 unius
277 2665 317 2726 rei
338 2681 369 2726 et
389 2663 534 2729 essentiam
565 2663 698 2742 alterius,
727 2684 760 2727 ea
786 2665 847 2741 ipsa
878 2664 913 2726 stt
944 2664 1019 2725 inter
1049 2663 1244 2726 adualitatem

53 2793 107 2838 ant
138 2775 321 2838 existentiam
353 2777 479 2854 ejusdcm
510 2777 571 2854 rei,
601 2793 632 2838 et
662 2777 739 2838 inter
768 2776 964 2839 adntlitatem
991 2792 1042 2838 aut
1062 2774 1244 2836 existentiam

52 2887 176 2950 alterius
196 2888 247 2948 rei.
288 2889 374 2950 Adeo
396 2905 430 2949 ut
451 2888 471 2949 [i
492 2887 673 2950 existentiam
695 2908 742 2950 ex.
762 2907 804 2967 gr.
824 2887 930 2949 Adami
951 2903 1065 2949 tantum
1086 2905 1137 2962 per
1157 2905 1244 2966 gene·

89 3107 102 3136 ’
139 3105 188 3156 Ed.
205 3106 261 3154 ΡΜ
279 3105 346 3154 aridii
359 3115 468 3170 praetem
485 3118 539 3154 nos.
574 3106 646 3154 Vets.
663 3103 748 3170 Belga
766 3119 829 3154 curn.

93 3197 100 3220 ¹
141 3187 207 3254 Qnia
233 3201 289 3249 res,
313 3187 389 3238 modo
413 3202 441 3238 ea
465 3187 636 3254 intelligatur,
662 3185 685 3237 sc
712 3185 789 3250 ipsam
815 3185 974 3249 manifestat,
996 3187 1054 3238 ideo
1072 3199 1168 3238 tantum
1187 3203 1244 3254 ege-

50 3287 111 3323 mus
128 3271 247 3335 exemplo
265 3271 314 3322 ssne
332 3270 379 3320 alia
396 3267 617 3320 demonstratione.
650 3269 772 3332 Idemque
790 3269 839 3321 crit
855 3268 930 3332 hujus
957 3267 1168 3332 contradictoria,
1186 3286 1243 3334 qne

52 3369 83 3406 ut
109 3367 230 3418 appareat
255 3353 301 3404 effe
328 3351 403 3415 salia,
429 3365 525 3403 tannnn
553 3367 620 3416 opus
638 3351 779 3413 recenseri,
796 3351 834 3402 uti
851 3351 931 3403 statim
950 3352 1098 3416 apparebit,
1116 3367 1193 3416 quum
1211 3353 1243 3403 dc

53 3436 161 3488 fictione
177 3437 243 3486 circa
261 3435 386 3486 edentiam
404 3437 545 3500 loquemur.

91 3528 101 3552 ¹
140 3521 226 3582 Nota,
242 3518 359 3582 quamvis
384 3517 457 3570 multi
482 3517 567 3570 dicant
594 3515 618 3568 se
645 3517 778 3580 dubitare,
802 3520 926 3569 anDens
952 3517 1058 3580 existat,
1084 3517 1142 3568 illoc
1159 3530 1241 3569 tamen

51 3601 117 3652 nihil
144 3615 235 3666 practer
260 3616 352 3652 nomen
379 3601 487 3662 habere,
503 3601 545 3652 vei
563 3599 658 3663 aliquid
676 3598 787 3666 fingere,
805 3601 875 3663 quod
893 3602 974 3651 Deum
992 3611 1104 3651 vocant:
1127 3599 1152 3650 id
1170 3603 1240 3664 qnod

52 3699 111 3734 cum
130 3683 179 3734 Dei
197 3696 285 3734 natura
303 3697 354 3732 non
372 3685 509 3745 convenit,
527 3695 555 3734 nt
572 3681 657 3746 postea
675 3680 718 3733 sue
736 3681 794 3732 ideo
812 3682 950 3734 ostendam.

89 3767 116 3796 ”
152 3769 173 3816 1.
189 3781 213 3816 e.
230 3765 456 3816 contradictionem
482 3765 643 3816 involvendo
661 3764 767 3828 impedit
789 3780 810 3817 a.
833 3765 980 3830 praecluditt
1006 3765 1039 3816 cf.
1057 3767 1122 3832 cog.
1139 3769 1202 3818 Mct.
1219 3768 1241 3817 1.

53 3849 179 3913 3§8ct
197 3849 231 3900 ΙΙ.
251 3863 261 3899 ι
281 3847 295 3912 §
314 3865 339 3911 3.
365 3847 405 3898 Sic
422 3847 496 3898 etiarn
516 3851 588 3898 Vers.
604 3848 673 3916 deig.
691 3847 747 3898 Etsi
762 3861 869 3912 propter
885 3850 920 3900 C.
933 3851 971 3899 M.
988 3849 1022 3899 11.
1042 3849 1239 3914 12§4leperc

53 3931 110 3994 qun
128 3929 206 3982 vciit:
223 3931 295 3995 cajus
313 3939 410 3980 natura
429 3945 475 3980 non
495 3931 609 3980 existere
627 3930 753 3996 implicat.

88 4021 98 4046 ¹
136 4013 224 4064 Statim
248 4011 324 4064 etiam
348 4011 494 4073 ostendam,
517 4013 588 4076 quod
616 4013 684 4062 nulla
710 4011 780 4062 fleto
803 4011 919 4064 metietur
943 4013 1009 4064 circa
1026 4026 1131 4064 :eternas
1147 4012 1240 4064 vetita·

54 4109 98 4146 res.
133 4098 181 4146 Pcr
206 4109 324 4147 eternam
353 4095 486 4146 veritatem
514 4095 587 4148 talem
607 4095 737 4161 intelligo,
754 4109 825 4158 quae,
843 4096 860 4146 n
878 4094 914 4147 cst
930 4094 1094 4157 affirmativa,
1112 4111 1239 4160 nunqnam

53 4179 146 4242 poterit
167 4177 214 4229 ene
239 4177 367 4245 negativa.
389 4177 430 4228 Sic
452 4176 532 4241 prima
554 4191 579 4228 et
603 4191 695 4228 aetcrnn
720 4175 815 4228 vetitas
838 4175 888 4240 est,
914 4179 993 4228 Deum
1012 4179 1070 4243 effe,
1087 4191 1138 4229 non
1156 4191 1239 4229 autem

53 4261 86 4311 cii
102 4273 196 4312 eterna
214 4259 325 4322 veritas,
348 4260 473 4310 Adamana
499 4261 625 4326 cogitare.
653 4259 803 4311 Chimaeram
821 4277 869 4310 non
886 4261 949 4325 effe,
966 4261 1002 4312 cst
1018 4275 1111 4312 attenta
1129 4261 1240 4323 veritas,

52 4359 100 4394 naun
118 4357 222 4404 autem,
240 4343 366 4394 Adamana
385 4358 432 4392 aron
450 4344 575 4408 cogitare.

1123 4439 1140 4476 2
