2934 4900
205 304 264 378 53⁶
680 294 921 354 Tractatur

204 487 272 534 ante
303 471 399 533 omnia
430 489 467 532 ex
497 467 625 546 profeffo
657 483 688 530 et
718 469 795 528 clare
821 469 947 543 docere,
974 469 1057 544 quod
1084 467 1186 530 nullibi
1207 469 1316 530 fastuum
1336 468 1390 528 est,

203 587 350 662 Adeoque
371 582 487 644 minime
508 582 698 654 credendum,
723 578 882 656 opiniones
902 578 1037 640 absolute
1058 579 1267 656 confideretis,
1277 579 1390 658 absque

202 696 333 774 respectu
365 697 401 757 ad
433 712 539 771 opera,
569 691 680 769 aliquid
710 690 831 768 pietatis
863 704 914 752 aut
945 690 1106 768 impietatis
1137 692 1263 769 habere,
1281 692 1334 754 sed
1353 711 1391 752 et

202 810 323 871 tandum
351 809 387 868 de
415 804 500 866 causa
527 804 674 866 hominem
696 803 808 881 aliquid
828 803 877 879 pie
898 818 950 865 aut
969 802 1059 880 impie
1078 805 1194 866 credere
1214 803 1390 880 dicendum,

203 936 348 998 quatenus
370 937 408 981 er
429 917 487 980 suis
508 915 701 995 opinionibus
722 919 760 978 ad
780 914 979 977 obedientiam
998 931 1148 993 movetur,
1158 917 1207 979 vel
1227 933 1266 976 ex
1285 914 1389 977 iisdem

202 1029 349 1092 licentiam
373 1032 409 1092 ad
425 1031 606 1106 peccandum
628 1043 680 1090 aut
706 1028 903 1089 rebellandum
930 1025 1033 1104 sumit;
1054 1026 1096 1088 ita
1117 1042 1169 1103 ut,
1186 1026 1208 1087 fi
1229 1026 1296 1104 quis
1317 1046 1389 1088 uera

199 1142 349 1204 credendo
370 1141 421 1202 fiat
442 1155 616 1217 contumax,
637 1138 662 1200 ia
681 1155 783 1201 revera
803 1129 935 1213 impiam,
955 1137 1132 1200 etficontri
1151 1137 1223 1199 falsa
1238 1139 1389 1200 credendo

203 1251 362 1328 obediens,
393 1251 469 1328 piam
500 1252 591 1312 babet
622 1250 716 1310 fidem.
758 1250 865 1310 Veram
896 1248 973 1312 enim
1003 1249 1061 1310 Dei
1092 1249 1293 1328 cognitionem
1325 1268 1389 1310 non

203 1366 385 1439 mandatum,
416 1361 466 1424 sed
497 1364 607 1423 donum
638 1360 771 1424 divinum
802 1358 859 1421 effe
887 1359 1082 1436 ostendimus,
1101 1361 1257 1439 Deumque
1277 1362 1389 1422 nullam

203 1473 286 1536 allam
313 1476 350 1536 ab
376 1473 546 1536 hominibus
573 1471 702 1550 petiiffe,
725 1491 811 1549 quam
832 1472 1036 1552 cognitionem
1055 1471 1163 1534 divinae
1184 1471 1242 1534 sure
1261 1472 1390 1552 Justitiae

203 1600 235 1646 et
263 1584 440 1660 charitatis;
471 1603 536 1662 quae
568 1582 702 1664 cognitio
730 1600 792 1644 non
813 1585 850 1645 ad
871 1582 1024 1659 scientias,
1052 1583 1102 1644 sed
1121 1597 1235 1646 tantum
1255 1585 1293 1644 ad
1314 1585 1391 1644 obe·

206 1696 344 1759 dientiam
366 1695 521 1758 neceiiaria
540 1695 591 1758 est.

643 1931 826 1995 CAPUT
867 1932 948 1993 XIV.

244 2145 323 2222 Quid
333 2144 373 2222 fir
393 2091 499 2219 Fides,
515 2146 633 2220 quinam
649 2141 767 2221 fideles,
794 2143 878 2204 Fidei
891 2141 1087 2218 fundamenta
1106 2143 1350 2217 determinantur,

440 2268 468 2314 et
495 2256 562 2333 ipsa
582 2273 601 2314 a
622 2252 811 2334 Philosophia
839 2255 952 2314 tandem
976 2255 1149 2333 ¹separatur.

242 2481 291 2543 Ad
312 2496 409 2542 veram
430 2478 512 2541 Fidei
534 2479 736 2558 cognitionem
757 2478 886 2556 apprime
907 2478 1094 2541 necessarium
1115 2478 1187 2556 eise,
1207 2480 1398 2558 scire,quod

202 2590 350 2666 Scriptura
389 2593 608 2653 accommodata
640 2590 676 2652 iit
706 2609 769 2652 non
800 2606 914 2654 tantum
945 2592 1048 2669 captui
1078 2592 1307 2669 Prophetarum,
1341 2594 1398 2654 sed

202 2702 290 2765 etiam
316 2702 389 2766 varii
417 2719 448 2764 et
476 2702 669 2765 inconstantis
695 2703 865 2783 Judaeorum
894 2704 993 2783 vulgi,
1019 2723 1123 2780 nemo,
1144 2703 1195 2781 qui
1216 2706 1264 2767 vel
1283 2705 1399 2767 leviter

202 2815 347 2891 attendit,
368 2816 501 2895 ignorare
524 2816 637 2893 potest;
658 2816 710 2892 qui
731 2814 809 2877 enim
830 2816 945 2892 omnia,
966 2815 1083 2893 quaein
1104 2816 1252 2892 Scriptura
1277 2816 1397 2878 haben·

201 2941 259 3003 tur,
281 2926 442 3004 promiscue
465 2929 658 3004 ampleeiitur‚
678 2943 818 3005 tanquam
839 2928 1029 2991 universalem
1050 2942 1081 2989 et
1100 2927 1262 2990 absolutam
1273 2930 1311 2989 de
1320 2930 1397 2991 Deo
1466 2988 1467 2997 ,

201 3039 379 3117 dodrinam,
401 3060 454 3101 nec
476 3054 609 3102 accurate
631 3040 791 3120 cognovit,
802 3039 941 3117 quidnam
962 3040 1063 3117 captui
1084 3040 1165 3121 vulgi
1185 3045 1395 3103 accommoda·

201 3164 264 3211 tum
292 3150 344 3227 stt,
373 3169 433 3212 non
458 3152 570 3227 poterit
590 3152 672 3229 vulgi
694 3150 853 3227 opiniones
874 3170 940 3212 cum
960 3151 1062 3215 divina
1083 3152 1213 3214 doiirina
1233 3171 1294 3214 non
1316 3172 1395 3214 con·

202 3262 342 3338 fundere,
371 3279 401 3324 et
428 3263 579 3325 bominum
608 3279 775 3324 commenta
802 3279 834 3324 et
862 3263 970 3339 placita
991 3283 1045 3341 pro
1066 3264 1177 3329 divinis
1203 3268 1395 3329 documentis

203 3391 263 3434 non
286 3372 455 3450 venditare,
477 3375 691 3452 Scripturaeque
723 3374 905 3437 authoritate
925 3394 986 3437 non
1007 3377 1099 3439 abuti.
1140 3378 1233 3461 Quis,
1251 3377 1394 3455 inquam,

201 3506 262 3549 non
294 3487 394 3562 videt,
426 3488 500 3549 hanc
532 3488 683 3550 maximam
714 3488 771 3550 eise
802 3489 934 3564 causam,
965 3509 1017 3553 cur
1047 3492 1159 3555 sedarii
1179 3507 1249 3568 tot,
1268 3509 1392 3571 tamque

201 3599 378 3674 contrarias,
407 3598 564 3675 opiniones
591 3615 729 3679 tanquam
758 3602 827 3663 fidei
855 3604 1032 3664 documenta
1060 3606 1204 3681 doceant,
1232 3605 1392 3683 multisque

201 3713 357 3790 Scriptura
385 3713 526 3789 exemplis
552 3714 742 3790 confirment,
770 3717 847 3775 unde
875 3717 955 3791 apud
982 3717 1086 3795 Belgas
1112 3719 1221 3780 dudum
1247 3717 1391 3780 inuium

202 3826 352 3889 Proverbii
375 3826 497 3901 abierit,
515 3846 586 3901 geerr
606 3828 699 3887 kerrer
712 3829 822 3905 sunder
841 3828 937 3887 letter.
978 3828 1060 3889 Libri
1087 3847 1211 3906 namque
1233 3829 1303 3891 sacn’
1326 3848 1388 3891 non

203 3940 238 3997 ab
262 3956 322 3999 uno
344 3938 425 4015 solo,
445 3956 500 3999 nec
521 3938 610 3999 unius
632 3939 727 4000 atatis
749 3941 841 4018 vulgo
863 3938 963 4017 scripti
983 3942 1120 4017 fuerunt,
1148 3942 1198 4005 sed
1218 3961 1236 4003 a
1255 3943 1390 4021 plurimis

202 4048 306 4112 diversi
327 4050 435 4131 ingenii
457 4050 620 4128 diversaque
643 4050 698 4113 avi
720 4050 808 4126 viris;
830 4070 955 4128 quorum
975 4051 996 4112 fi
1019 4052 1149 4115 omnium
1169 4069 1285 4130 tempus
1306 4074 1389 4117 com·

201 4175 304 4235 putare
332 4160 454 4224 velimus
460 4207 470 4238 ,
498 4162 559 4223 fere
589 4162 635 4223 bis
663 4163 739 4225 mille
760 4181 919 4239 annorum,
941 4180 970 4225 et
992 4166 1070 4226 forte
1090 4166 1184 4226 multo
1204 4166 1324 4245 longius
1345 4168 1388 4228 in-

201 4267 346 4332 venietur.
387 4270 531 4334 sectarios
568 4287 664 4335 tamen
700 4274 770 4335 istos
805 4276 942 4336 nolumus
973 4293 1007 4337 ea
1038 4279 1075 4337 de
1105 4276 1191 4337 causa
1226 4276 1388 4354 impietatis
