2934 4900
230 360 288 421 324
586 340 826 401 Tractatus
866 338 1053 401 Politici

228 534 293 578 nam
321 515 460 576 summum
481 514 591 577 militiae
619 514 767 591 premium
794 515 914 577 libertas
941 518 990 577 est.
1031 517 1065 576 ln
1094 515 1170 577 statu
1189 514 1267 575 enim
1289 512 1427 575 naturali

228 627 333 688 nititur
360 626 557 703 unusquisque
584 626 644 687 sola
670 626 815 689 libertatis
845 628 930 689 causa
957 628 1032 704 sese,
1061 642 1202 704 quantum
1223 625 1347 701 potest,
1371 628 1425 684 de-

229 742 359 815 fendere,
380 758 434 799 nec
457 739 535 800 aliud
557 738 669 800 bellicae
690 739 811 802 virtutis
832 740 980 816 praemium
1003 740 1166 816 exspectat,
1187 758 1274 815 quam
1291 754 1330 799 ut
1348 738 1423 797 suus

226 851 276 930 srt;
306 852 335 912 in
365 852 440 914 statu
467 868 564 913 autem
593 852 673 915 civili
702 871 804 914 omnes
831 853 912 914 simul
943 853 1023 917 ciues
1056 851 1255 914 confiderandi
1288 850 1421 926 perinde

228 982 261 1025 ac
289 964 379 1025 homo
402 964 431 1024 in
453 964 529 1025 statu
556 965 697 1041 naturali,
719 966 771 1041 qui
792 980 966 1042 propterea,
987 967 1055 1025 dum
1076 982 1177 1025 omnes
1198 981 1253 1041 pro
1275 982 1314 1023 eo
1340 962 1421 1021 statu

230 1076 373 1152 militant,
404 1076 455 1137 srbi
482 1093 589 1139 cavent
616 1078 728 1155 sibique
751 1093 867 1139 vacant.
908 1079 954 1138 Ac
975 1077 1153 1151 consiliarii,
1174 1075 1313 1157 Judices,
1337 1077 1418 1135 Prae·

226 1204 322 1264 tores,
350 1204 406 1249 etc.
436 1190 502 1265 plus
530 1190 593 1250 aliis
622 1208 709 1266 quam
739 1189 790 1249 srbi
817 1205 941 1266 vacant,
963 1208 1051 1266 quare
1082 1189 1118 1250 iis
1146 1186 1316 1249 vacationis
1338 1206 1418 1263 prae-

224 1300 312 1361 mium
333 1300 449 1361 decerni
475 1319 589 1377 aequum
612 1301 660 1363 est.
703 1300 845 1378 Accedit,
868 1304 950 1378 quod
971 1300 1000 1362 in
1022 1302 1101 1362 bello
1123 1302 1234 1363 nullum
1253 1300 1416 1360 honestius

224 1432 279 1474 nec
301 1412 392 1489 majus
413 1412 543 1475 vidoriae
565 1412 787 1474 incitamentum
809 1413 865 1474 else
887 1413 1001 1489 potest,
1022 1432 1108 1490 quam
1130 1404 1276 1474 liberfatis
1294 1412 1414 1490 imago;

225 1526 274 1586 sed
294 1526 315 1585 sr
336 1541 438 1587 contra
470 1524 578 1588 civium
610 1526 706 1602 aliqua
739 1545 805 1602 pars
836 1526 947 1587 militiae
979 1526 1158 1606 designetur,
1187 1544 1246 1602 qua
1265 1528 1305 1585 de
1325 1523 1416 1584 causa

226 1636 336 1699 necesse
357 1638 444 1699 etiarn
466 1638 521 1699 erit
542 1638 642 1699 iisdem
661 1654 771 1700 certum
789 1638 963 1715 stipendium
981 1643 1149 1715 decernere,
1165 1642 1233 1699 Rex
1250 1637 1413 1698 necessario

226 1751 341 1813 eosdem
369 1769 428 1827 prae
456 1750 576 1827 reliquis
605 1750 743 1830 agnoscet
765 1751 814 1830 (ut
835 1754 901 1813 Art.
927 1769 972 1812 12.
993 1751 1082 1828 hujus
1102 1751 1176 1827 Cap.
1198 1750 1412 1828 ostendimus),

224 1863 358 1925 homines
390 1862 515 1940 scilicet,
547 1863 598 1940 qui
629 1864 697 1925 belli
730 1880 809 1926 artes
841 1867 1045 1927 tantummodo
1076 1878 1203 1938 norunt,
1230 1879 1261 1924 et
1282 1862 1313 1923 in
1334 1882 1410 1939 pace

225 1988 347 2050 propter
374 1973 494 2035 nimium
523 1975 617 2036 otium
645 1976 718 2036 luxu
747 1991 988 2052 corrumpuntur,
1009 1992 1040 2036 et
1060 1978 1177 2036 tandem
1198 1990 1320 2052 propter
1341 1974 1407 2034 ino-

225 2084 302 2159 piam
330 2084 371 2145 rei
400 2085 546 2147 familiaris
575 2086 647 2147 nihil
676 2103 781 2162 praeter
808 2087 939 2164 rapinas,
959 2087 1118 2149 discordias
1139 2087 1258 2163 civiles,
1280 2103 1311 2148 et
1333 2088 1407 2147 bella

225 2196 417 2273 meditantur;
446 2214 535 2275 atque
564 2202 638 2260 adeo
661 2199 800 2260 affirmare
821 2199 987 2277 possumus,
1006 2200 1162 2276 imperium
1182 2200 1405 2260 Monarchicum

223 2308 391 2385 hujusmodi
418 2328 519 2373 revera
548 2311 651 2373 statum
678 2313 748 2372 belli
770 2310 841 2388 esse,
862 2326 892 2372 et
915 2312 1002 2373 solam
1025 2313 1155 2374 militiam
1176 2311 1310 2373 libertate
1333 2330 1402 2391 gau-

224 2424 309 2500 dere,
329 2420 459 2499 reliquos
481 2438 577 2485 autem
600 2423 714 2488 servire.

263 2535 290 2615 §.
311 2536 418 2597 xxm.
459 2537 533 2618 Quae
555 2541 590 2598 de
612 2538 772 2616 peregrinis
792 2543 822 2599 in
845 2537 953 2601 civium
976 2556 1125 2600 numerum
1145 2537 1321 2613 recipiendis
1338 2539 1404 2596 Art,

225 2665 272 2724 32.
293 2651 416 2724 praeced.
440 2647 512 2726 Cap.
536 2649 679 2726 diximus,
699 2669 751 2726 per
772 2649 800 2710 se
822 2666 894 2711 nota
912 2649 967 2712 esse
985 2651 1083 2712 cred0.
1105 2651 1245 2711 Praeterea
1261 2649 1402 2711 neminem

224 2760 358 2822 dubitare
380 2762 528 2839 existimo,
551 2765 632 2839 quod
651 2762 687 2840 ii,
706 2763 758 2839 qui
777 2764 854 2841 Regi
872 2763 1010 2842 sanguine
1027 2763 1187 2840 propinqui
1203 2761 1286 2838 sunt,
1302 2763 1402 2839 procul

223 2873 258 2932 ab
287 2891 323 2933 eo
352 2873 406 2934 else
435 2876 578 2951 debeant,
607 2889 637 2935 et
668 2893 727 2934 non
756 2876 842 2949 belli,
870 2875 919 2935 sed
948 2875 1029 2950 pacis
1061 2873 1189 2952 negotiis
1212 2872 1343 2947 distrahi;
1365 2891 1401 2931 ex

223 2983 331 3059 quibus
357 2984 425 3060 ipsus
453 2988 562 3062 decus,
592 3001 622 3046 et
650 2985 773 3061 imperio
803 2985 887 3063 quies
915 2985 1060 3062 sequatur.
1102 2983 1245 3066 Quamvis
1272 3002 1323 3043 nec
1343 2983 1400 3041 hoc

223 3096 340 3172 quidem
368 3097 529 3157 Turcarum
557 3097 706 3177 Tyrannis
736 3097 805 3159 satis
833 3113 931 3159 tutum
960 3096 1053 3161 visum
1081 3097 1188 3174 fuerit,
1208 3096 1312 3172 quibus
1332 3113 1399 3170 pro·

222 3225 322 3283 pterea
353 3208 471 3286 Religio
504 3209 560 3284 est,
591 3210 693 3270 fratres
726 3227 827 3270 omnes
860 3228 971 3270 necare.
1013 3212 1078 3270 Nec
1109 3209 1226 3283 mirum;
1254 3225 1397 3282 namquo

221 3320 310 3399 magis
332 3320 465 3381 absolute
485 3320 598 3396 imperil
615 3321 665 3398 jus
687 3321 717 3382 in
740 3340 829 3383 unum
851 3321 1018 3382 transsatum
1040 3320 1098 3396 est,
1115 3338 1152 3380 eo
1175 3317 1289 3379 facilius
1307 3317 1395 3392 ipsum

222 3431 270 3510 (ut
290 3434 354 3492 Art.
370 3448 415 3512 ¹4·
432 3432 520 3508 hujus
541 3431 614 3507 Cap.
638 3435 773 3508 exemplo
795 3433 987 3511 ostendimus)
1009 3451 1048 3492 ex
1067 3449 1128 3492 uno
1150 3430 1180 3491 in
1203 3431 1287 3492 ulium
1307 3446 1394 3490 trans-

220 3543 287 3603 femi
309 3543 413 3619 potest.
454 3547 497 3604 At
525 3543 677 3620 imperium
705 3544 947 3620 Monarchicum,
973 3546 1058 3620 quale
1078 3544 1126 3604 hic
1147 3544 1344 3619 concipimus,
1364 3543 1391 3603 in

221 3673 281 3731 quo
309 3655 418 3717 scilicet
446 3656 638 3719 mercenarius
666 3657 747 3718 miles
776 3659 874 3719 trullus
902 3658 958 3733 est,
987 3657 1056 3718 satis
1078 3658 1152 3734 hoc,
1174 3676 1235 3735 quo
1256 3658 1390 3730 diximus,

220 3768 309 3826 modo
331 3765 421 3845 Regis
442 3767 526 3828 saluti
548 3783 667 3830 cautum
689 3769 771 3846 sore,
794 3787 878 3830 extra
900 3769 1021 3830 dubium
1043 3769 1093 3830 est.

260 3875 286 3956 S.
307 3877 415 3939 XXIV.
456 3880 501 3940 De
529 3879 565 3940 iis
594 3880 698 3957 etiam,
719 3899 785 3957 quae
806 3881 872 3941 Art.
893 3897 942 3960 34.
964 3897 994 3940 et
1017 3892 1064 3956 35.
1086 3884 1209 3955 praeced.
1230 3881 1301 3956 Cap.
1319 3881 1388 3942 diri·

219 4007 299 4068 mus,
321 3989 464 4070 ambigere
485 4011 571 4054 nemo
594 3994 701 4070 potest.
722 3995 813 4076 Quod
835 4008 932 4054 autem
955 3996 1021 4055 Rex
1043 4009 1207 4054 extraneam
1228 3994 1256 4053 in
1278 4011 1386 4054 uxorem

219 4103 323 4163 ducere
345 4122 405 4164 non
428 4106 532 4181 debet,
554 4105 637 4166 facile
659 4105 880 4167 demonstratur.
921 4109 997 4166 Nam
1018 4121 1209 4183 praeterquom
1231 4109 1309 4182 quod
1326 4109 1384 4167 due

218 4213 382 4292 Civitates,
408 4234 573 4292 quanquam
602 4219 710 4278 soedere
741 4217 818 4278 inter
838 4219 867 4278 se
891 4217 1024 4294 sociatae,
1045 4219 1074 4278 in
1095 4218 1171 4279 statu
1191 4235 1286 4279 tamen
1305 4217 1382 4277 hosti-

217 4322 310 4384 litatis
340 4323 406 4384 sunt
438 4325 509 4404 (per
540 4327 609 4388 Art.
645 4345 690 4408 14.
723 4330 796 4410 Cap.
828 4331 888 4409 3.),
920 4331 1048 4406 apprime
1079 4332 1241 4393 cavendum
1272 4329 1322 4406 est,
1351 4347 1383 4389 ne
