<?xml version="1.0" encoding="UTF-8"?>
<!DOCTYPE html PUBLIC "-//W3C//DTD XHTML 1.0 Transitional//EN"
    "http://www.w3.org/TR/xhtml1/DTD/xhtml1-transitional.dtd">
<html xmlns="http://www.w3.org/1999/xhtml" xml:lang="en" lang="en">
 <head>
  <title>
</title>
<meta http-equiv="Content-Type" content="text/html;charset=utf-8" />
  <meta name='ocr-system' content='tesseract 3.04.00' />
  <meta name='ocr-capabilities' content='ocr_page ocr_carea ocr_par ocr_line ocrx_word'/>
</head>
<body>
  <div class='ocr_page' id='page_1' title='image "benedictidespin02landgoog_0302.png"; bbox 0 0 2934 4900; ppageno 0'>
   <div class='ocr_carea' id='block_1_1' title="bbox 231 325 993 403">
    <p class='ocr_par' dir='ltr' id='par_1_1' title="bbox 231 325 993 403">
     <span class='ocr_line' id='line_1_1' title="bbox 231 325 993 403; baseline -0.003 -16"><span class='ocrx_word' id='word_1_1' title='bbox 231 328 289 403; x_wconf 85' lang='lat'>278</span> <span class='ocrx_word' id='word_1_2' title='bbox 656 325 837 387; x_wconf 89' lang='lat' dir='ltr'>Ethices</span> <span class='ocrx_word' id='word_1_3' title='bbox 865 326 933 385; x_wconf 86' lang='lat' dir='ltr'>Pars</span> <span class='ocrx_word' id='word_1_4' title='bbox 954 326 993 385; x_wconf 90' lang='lat' dir='ltr'>V.</span> 
     </span>
    </p>
   </div>
   <div class='ocr_carea' id='block_1_2' title="bbox 231 499 1419 1814">
    <p class='ocr_par' dir='ltr' id='par_1_2' title="bbox 231 499 1419 1814">
     <span class='ocr_line' id='line_1_2' title="bbox 232 499 1415 583; baseline -0.007 -20"><span class='ocrx_word' id='word_1_5' title='bbox 232 505 302 583; x_wconf 83' lang='lat' dir='ltr'>(per</span> <span class='ocrx_word' id='word_1_6' title='bbox 332 504 435 564; x_wconf 87' lang='lat' dir='ltr'>Coroll.</span> <span class='ocrx_word' id='word_1_7' title='bbox 457 504 546 581; x_wconf 87' lang='lat' dir='ltr'>Prop.</span> <span class='ocrx_word' id='word_1_8' title='bbox 569 520 617 578; x_wconf 76' lang='lat'>32.</span> <span class='ocrx_word' id='word_1_9' title='bbox 639 500 758 581; x_wconf 81' lang='lat' dir='ltr'>lrujus);</span> <span class='ocrx_word' id='word_1_10' title='bbox 780 515 868 577; x_wconf 89' lang='lat' dir='ltr'>atque</span> <span class='ocrx_word' id='word_1_11' title='bbox 890 502 966 561; x_wconf 88' lang='lat' dir='ltr'>adeo</span> <span class='ocrx_word' id='word_1_12' title='bbox 987 499 1035 560; x_wconf 87' lang='lat' dir='ltr'>lric</span> <span class='ocrx_word' id='word_1_13' title='bbox 1056 502 1149 560; x_wconf 88' lang='lat' dir='ltr'>Amor</span> <span class='ocrx_word' id='word_1_14' title='bbox 1169 500 1241 579; x_wconf 85' lang='lat' dir='ltr'>(per</span> <span class='ocrx_word' id='word_1_15' title='bbox 1262 502 1355 579; x_wconf 80' lang='lat' dir='ltr'>Prop.</span> <span class='ocrx_word' id='word_1_16' title='bbox 1375 516 1415 573; x_wconf 87' lang='lat'>59.</span> 
     </span>
     <span class='ocr_line' id='line_1_3' title="bbox 231 612 1415 700; baseline -0.005 -25"><span class='ocrx_word' id='word_1_17' title='bbox 231 629 258 700; x_wconf 76' lang='lat' dir='ltr'>et</span> <span class='ocrx_word' id='word_1_18' title='bbox 290 634 317 691; x_wconf 89' lang='grc'>3.</span> <span class='ocrx_word' id='word_1_19' title='bbox 345 628 376 695; x_wconf 83' lang='lat' dir='ltr'>p.</span> <span class='ocrx_word' id='word_1_20' title='bbox 409 616 451 693; x_wconf 85' lang='lat'>3.)</span> <span class='ocrx_word' id='word_1_21' title='bbox 480 617 516 674; x_wconf 95' lang='lat' dir='ltr'>ad</span> <span class='ocrx_word' id='word_1_22' title='bbox 547 616 696 686; x_wconf 86' lang='lat' dir='ltr'>Mentem,</span> <span class='ocrx_word' id='word_1_23' title='bbox 726 628 873 689; x_wconf 87' lang='lat' dir='ltr'>quatenus</span> <span class='ocrx_word' id='word_1_24' title='bbox 895 612 974 691; x_wconf 86' lang='lat' dir='ltr'>agit,</span> <span class='ocrx_word' id='word_1_25' title='bbox 995 612 1093 673; x_wconf 88' lang='lat' dir='ltr'>referri</span> <span class='ocrx_word' id='word_1_26' title='bbox 1114 615 1219 687; x_wconf 91' lang='lat' dir='ltr'>debet;</span> <span class='ocrx_word' id='word_1_27' title='bbox 1241 632 1276 673; x_wconf 92' lang='lat' dir='ltr'>ac</span> <span class='ocrx_word' id='word_1_28' title='bbox 1298 612 1415 687; x_wconf 84' lang='lat' dir='ltr'>proinde</span> 
     </span>
     <span class='ocr_line' id='line_1_4' title="bbox 231 724 1415 806; baseline -0.005 -21"><span class='ocrx_word' id='word_1_29' title='bbox 231 726 301 805; x_wconf 84' lang='lat' dir='ltr'>(per</span> <span class='ocrx_word' id='word_1_30' title='bbox 321 726 416 805; x_wconf 74' lang='lat' dir='ltr'>Defin.</span> <span class='ocrx_word' id='word_1_31' title='bbox 438 728 464 785; x_wconf 89' lang='lat'>8.</span> <span class='ocrx_word' id='word_1_32' title='bbox 483 738 515 805; x_wconf 85' lang='lat' dir='ltr'>p.</span> <span class='ocrx_word' id='word_1_33' title='bbox 537 726 581 804; x_wconf 89' lang='lat'>4)</span> <span class='ocrx_word' id='word_1_34' title='bbox 604 724 664 800; x_wconf 86' lang='lat' dir='ltr'>ipsu</span> <span class='ocrx_word' id='word_1_35' title='bbox 688 724 784 786; x_wconf 87' lang='lat' dir='ltr'>virtus</span> <span class='ocrx_word' id='word_1_36' title='bbox 804 724 862 799; x_wconf 87' lang='lat' dir='ltr'>est;</span> <span class='ocrx_word' id='word_1_37' title='bbox 883 726 974 806; x_wconf 88' lang='lat' dir='ltr'>Quod</span> <span class='ocrx_word' id='word_1_38' title='bbox 992 740 1054 784; x_wconf 88' lang='lat' dir='ltr'>erat</span> <span class='ocrx_word' id='word_1_39' title='bbox 1070 724 1203 800; x_wconf 87' lang='lat' dir='ltr'>primunr.</span> <span class='ocrx_word' id='word_1_40' title='bbox 1224 725 1343 785; x_wconf 87' lang='lat' dir='ltr'>Deinde</span> <span class='ocrx_word' id='word_1_41' title='bbox 1362 743 1415 799; x_wconf 77' lang='lat' dir='ltr'>nnn</span> 
     </span>
     <span class='ocr_line' id='line_1_5' title="bbox 232 835 1416 915; baseline -0.003 -18"><span class='ocrx_word' id='word_1_42' title='bbox 232 838 319 897; x_wconf 89' lang='lat' dir='ltr'>Mens</span> <span class='ocrx_word' id='word_1_43' title='bbox 340 836 397 897; x_wconf 88' lang='lat' dir='ltr'>hoc</span> <span class='ocrx_word' id='word_1_44' title='bbox 419 839 528 897; x_wconf 81' lang='lat' dir='ltr'>Amore</span> <span class='ocrx_word' id='word_1_45' title='bbox 550 836 655 898; x_wconf 84' lang='lat' dir='ltr'>divino</span> <span class='ocrx_word' id='word_1_46' title='bbox 674 837 724 897; x_wconf 90' lang='lat' dir='ltr'>seu</span> <span class='ocrx_word' id='word_1_47' title='bbox 742 836 928 897; x_wconf 86' lang='lat' dir='ltr'>beatitudine</span> <span class='ocrx_word' id='word_1_48' title='bbox 947 835 1037 915; x_wconf 86' lang='lat' dir='ltr'>magis</span> <span class='ocrx_word' id='word_1_49' title='bbox 1052 838 1179 915; x_wconf 86' lang='lat' dir='ltr'>gaudet,</span> <span class='ocrx_word' id='word_1_50' title='bbox 1196 855 1232 897; x_wconf 87' lang='lat' dir='ltr'>eo</span> <span class='ocrx_word' id='word_1_51' title='bbox 1251 840 1320 913; x_wconf 86' lang='lat' dir='ltr'>plus</span> <span class='ocrx_word' id='word_1_52' title='bbox 1338 836 1416 895; x_wconf 85' lang='lat' dir='ltr'>intel-</span> 
     </span>
     <span class='ocr_line' id='line_1_6' title="bbox 231 947 1419 1029; baseline -0.003 -21"><span class='ocrx_word' id='word_1_53' title='bbox 231 948 306 1027; x_wconf 88' lang='lat' dir='ltr'>ligit·</span> <span class='ocrx_word' id='word_1_54' title='bbox 324 950 394 1029; x_wconf 84' lang='lat' dir='ltr'>(per</span> <span class='ocrx_word' id='word_1_55' title='bbox 422 952 510 1027; x_wconf 85' lang='lat' dir='ltr'>Prop.</span> <span class='ocrx_word' id='word_1_56' title='bbox 539 966 586 1025; x_wconf 84' lang='lat'>32.</span> <span class='ocrx_word' id='word_1_57' title='bbox 615 947 735 1026; x_wconf 80' lang='lat' dir='ltr'>lausus),</span> <span class='ocrx_word' id='word_1_58' title='bbox 762 949 820 1009; x_wconf 89' lang='lat' dir='ltr'>hoc</span> <span class='ocrx_word' id='word_1_59' title='bbox 848 949 889 1009; x_wconf 85' lang='lat' dir='ltr'>est</span> <span class='ocrx_word' id='word_1_60' title='bbox 917 950 988 1027; x_wconf 82' lang='lat' dir='ltr'>(per</span> <span class='ocrx_word' id='word_1_61' title='bbox 1022 950 1124 1008; x_wconf 86' lang='lat' dir='ltr'>Coroll.</span> <span class='ocrx_word' id='word_1_62' title='bbox 1146 951 1235 1028; x_wconf 85' lang='lat' dir='ltr'>Prop.</span> <span class='ocrx_word' id='word_1_63' title='bbox 1256 968 1284 1026; x_wconf 91' lang='grc'>3.</span> <span class='ocrx_word' id='word_1_64' title='bbox 1307 947 1419 1023; x_wconf 59' lang='lat' dir='ltr'>liujus),</span> 
     </span>
     <span class='ocr_line' id='line_1_7' title="bbox 232 1058 1416 1140; baseline -0.002 -21"><span class='ocrx_word' id='word_1_65' title='bbox 232 1078 268 1120; x_wconf 87' lang='lat' dir='ltr'>eu</span> <span class='ocrx_word' id='word_1_66' title='bbox 300 1058 437 1136; x_wconf 86' lang='lat' dir='ltr'>majorem</span> <span class='ocrx_word' id='word_1_67' title='bbox 469 1060 497 1120; x_wconf 90' lang='lat' dir='ltr'>in</span> <span class='ocrx_word' id='word_1_68' title='bbox 527 1062 649 1121; x_wconf 77' lang='lat' dir='ltr'>affedtus</span> <span class='ocrx_word' id='word_1_69' title='bbox 676 1060 978 1137; x_wconf 83' lang='lat' dir='ltr'>habet,p0tentlarn,</span> <span class='ocrx_word' id='word_1_70' title='bbox 998 1076 1028 1121; x_wconf 88' lang='lat' dir='ltr'>et</span> <span class='ocrx_word' id='word_1_71' title='bbox 1050 1062 1123 1140; x_wconf 81' lang='lat' dir='ltr'>(per</span> <span class='ocrx_word' id='word_1_72' title='bbox 1142 1063 1231 1140; x_wconf 82' lang='lat' dir='ltr'>Prop.</span> <span class='ocrx_word' id='word_1_73' title='bbox 1253 1063 1302 1137; x_wconf 86' lang='grc'>38.</span> <span class='ocrx_word' id='word_1_74' title='bbox 1324 1060 1416 1135; x_wconf 59' lang='lat' dir='ltr'>liujus,¹</span> 
     </span>
     <span class='ocr_line' id='line_1_8' title="bbox 232 1172 1416 1250; baseline -0.002 -17"><span class='ocrx_word' id='word_1_75' title='bbox 232 1192 269 1233; x_wconf 89' lang='lat' dir='ltr'>eo</span> <span class='ocrx_word' id='word_1_76' title='bbox 298 1172 392 1233; x_wconf 89' lang='lat' dir='ltr'>minus</span> <span class='ocrx_word' id='word_1_77' title='bbox 422 1174 458 1235; x_wconf 91' lang='lat' dir='ltr'>ab</span> <span class='ocrx_word' id='word_1_78' title='bbox 489 1174 660 1249; x_wconf 75' lang='lat' dir='ltr'>affedlibus,</span> <span class='ocrx_word' id='word_1_79' title='bbox 689 1174 740 1250; x_wconf 90' lang='lat' dir='ltr'>qui</span> <span class='ocrx_word' id='word_1_80' title='bbox 762 1174 828 1234; x_wconf 87' lang='lat' dir='ltr'>mali</span> <span class='ocrx_word' id='word_1_81' title='bbox 850 1174 934 1249; x_wconf 89' lang='lat' dir='ltr'>sunt,</span> <span class='ocrx_word' id='word_1_82' title='bbox 955 1175 1082 1250; x_wconf 90' lang='lat' dir='ltr'>patitur;</span> <span class='ocrx_word' id='word_1_83' title='bbox 1104 1190 1193 1250; x_wconf 93' lang='lat' dir='ltr'>atque</span> <span class='ocrx_word' id='word_1_84' title='bbox 1215 1178 1289 1235; x_wconf 87' lang='lat' dir='ltr'>aden</span> <span class='ocrx_word' id='word_1_85' title='bbox 1312 1194 1349 1234; x_wconf 81' lang='lat' dir='ltr'>ex</span> <span class='ocrx_word' id='word_1_86' title='bbox 1370 1192 1416 1244; x_wconf 89' lang='lat' dir='ltr'>en,</span> 
     </span>
     <span class='ocr_line' id='line_1_9' title="bbox 232 1286 1415 1366; baseline -0.003 -19"><span class='ocrx_word' id='word_1_87' title='bbox 232 1288 311 1363; x_wconf 88' lang='lat' dir='ltr'>quud</span> <span class='ocrx_word' id='word_1_88' title='bbox 345 1288 431 1347; x_wconf 89' lang='lat' dir='ltr'>Mens</span> <span class='ocrx_word' id='word_1_89' title='bbox 462 1286 520 1346; x_wconf 89' lang='lat' dir='ltr'>hoc</span> <span class='ocrx_word' id='word_1_90' title='bbox 548 1289 657 1347; x_wconf 86' lang='lat' dir='ltr'>Arnure</span> <span class='ocrx_word' id='word_1_91' title='bbox 687 1286 792 1349; x_wconf 87' lang='lat' dir='ltr'>divino</span> <span class='ocrx_word' id='word_1_92' title='bbox 821 1287 872 1349; x_wconf 85' lang='lat' dir='ltr'>suu</span> <span class='ocrx_word' id='word_1_93' title='bbox 893 1287 1080 1349; x_wconf 87' lang='lat' dir='ltr'>Beatitudine</span> <span class='ocrx_word' id='word_1_94' title='bbox 1102 1290 1228 1366; x_wconf 86' lang='lat' dir='ltr'>gaudet,</span> <span class='ocrx_word' id='word_1_95' title='bbox 1249 1288 1415 1363; x_wconf 82' lang='lat' dir='ltr'>potestaten</span> 
     </span>
     <span class='ocr_line' id='line_1_10' title="bbox 231 1396 1416 1477; baseline -0.003 -18"><span class='ocrx_word' id='word_1_96' title='bbox 231 1400 321 1459; x_wconf 83' lang='lat' dir='ltr'>habet</span> <span class='ocrx_word' id='word_1_97' title='bbox 351 1396 486 1459; x_wconf 81' lang='lat' dir='ltr'>libidines</span> <span class='ocrx_word' id='word_1_98' title='bbox 519 1399 686 1461; x_wconf 65' lang='lat' dir='ltr'>coercendi.</span> <span class='ocrx_word' id='word_1_99' title='bbox 718 1398 758 1460; x_wconf 88' lang='lat' dir='ltr'>Et</span> <span class='ocrx_word' id='word_1_100' title='bbox 788 1401 858 1477; x_wconf 92' lang='lat' dir='ltr'>quia</span> <span class='ocrx_word' id='word_1_101' title='bbox 879 1401 1005 1461; x_wconf 83' lang='lat' dir='ltr'>humana</span> <span class='ocrx_word' id='word_1_102' title='bbox 1027 1399 1164 1475; x_wconf 87' lang='lat' dir='ltr'>potentia</span> <span class='ocrx_word' id='word_1_103' title='bbox 1185 1402 1221 1461; x_wconf 90' lang='lat' dir='ltr'>ad</span> <span class='ocrx_word' id='word_1_104' title='bbox 1243 1402 1416 1460; x_wconf 70' lang='lat' dir='ltr'>coercendus</span> 
     </span>
     <span class='ocr_line' id='line_1_11' title="bbox 231 1510 1415 1591; baseline -0.003 -19"><span class='ocrx_word' id='word_1_105' title='bbox 231 1512 351 1573; x_wconf 77' lang='lat' dir='ltr'>alfenus</span> <span class='ocrx_word' id='word_1_106' title='bbox 383 1510 412 1570; x_wconf 95' lang='lat' dir='ltr'>in</span> <span class='ocrx_word' id='word_1_107' title='bbox 442 1510 518 1572; x_wconf 92' lang='lat' dir='ltr'>solu.</span> <span class='ocrx_word' id='word_1_108' title='bbox 538 1511 691 1575; x_wconf 70' lang='lat' dir='ltr'>intelleelu</span> <span class='ocrx_word' id='word_1_109' title='bbox 719 1512 865 1586; x_wconf 75' lang='lat' dir='ltr'>consistit,</span> <span class='ocrx_word' id='word_1_110' title='bbox 894 1530 964 1591; x_wconf 85' lang='lat' dir='ltr'>ergo</span> <span class='ocrx_word' id='word_1_111' title='bbox 986 1530 1073 1572; x_wconf 84' lang='lat' dir='ltr'>nemo</span> <span class='ocrx_word' id='word_1_112' title='bbox 1093 1511 1277 1572; x_wconf 82' lang='lat' dir='ltr'>beatitudine</span> <span class='ocrx_word' id='word_1_113' title='bbox 1299 1513 1415 1590; x_wconf 82' lang='lat' dir='ltr'>gaudet,</span> 
     </span>
     <span class='ocr_line' id='line_1_12' title="bbox 233 1618 1414 1701; baseline -0.008 -16"><span class='ocrx_word' id='word_1_114' title='bbox 233 1623 301 1701; x_wconf 90' lang='lat' dir='ltr'>quia</span> <span class='ocrx_word' id='word_1_115' title='bbox 322 1623 444 1684; x_wconf 75' lang='lat' dir='ltr'>affedlus</span> <span class='ocrx_word' id='word_1_116' title='bbox 465 1624 614 1693; x_wconf 73' lang='lat' dir='ltr'>coercuit,</span> <span class='ocrx_word' id='word_1_117' title='bbox 636 1626 685 1686; x_wconf 90' lang='lat' dir='ltr'>sed</span> <span class='ocrx_word' id='word_1_118' title='bbox 707 1640 811 1685; x_wconf 88' lang='lat' dir='ltr'>contra</span> <span class='ocrx_word' id='word_1_119' title='bbox 832 1624 961 1701; x_wconf 85' lang='lat' dir='ltr'>potestas</span> <span class='ocrx_word' id='word_1_120' title='bbox 980 1622 1117 1685; x_wconf 86' lang='lat' dir='ltr'>libidines</span> <span class='ocrx_word' id='word_1_121' title='bbox 1134 1622 1289 1684; x_wconf 70' lang='lat' dir='ltr'>coercendi</span> <span class='ocrx_word' id='word_1_122' title='bbox 1306 1642 1343 1683; x_wconf 80' lang='lat' dir='ltr'>ex</span> <span class='ocrx_word' id='word_1_123' title='bbox 1362 1618 1414 1695; x_wconf 88' lang='lat' dir='ltr'>ipsa</span> 
     </span>
     <span class='ocr_line' id='line_1_13' title="bbox 234 1734 740 1814; baseline 0.006 -20"><span class='ocrx_word' id='word_1_124' title='bbox 234 1734 419 1795; x_wconf 85' lang='lat' dir='ltr'>beatitudine</span> <span class='ocrx_word' id='word_1_125' title='bbox 441 1735 543 1795; x_wconf 91' lang='lat' dir='ltr'>oritur.</span> <span class='ocrx_word' id='word_1_126' title='bbox 586 1737 620 1814; x_wconf 84' lang='lat' dir='ltr'>Q.</span> <span class='ocrx_word' id='word_1_127' title='bbox 643 1738 678 1797; x_wconf 82' lang='lat' dir='ltr'>E.</span> <span class='ocrx_word' id='word_1_128' title='bbox 700 1738 740 1797; x_wconf 88' lang='lat' dir='ltr'>D.</span> 
     </span>
    </p>
   </div>
   <div class='ocr_carea' id='block_1_3' title="bbox 232 1894 1414 2403">
    <p class='ocr_par' dir='ltr' id='par_1_3' title="bbox 702 1894 957 1936">
     <span class='ocr_line' id='line_1_14' title="bbox 702 1894 957 1936; baseline 0 -1"><span class='ocrx_word' id='word_1_129' title='bbox 702 1894 957 1936; x_wconf 79' lang='lat' dir='ltr'>scnonrunr.</span> 
     </span>
    </p>

    <p class='ocr_par' dir='ltr' id='par_1_4' title="bbox 232 1984 1414 2403">
     <span class='ocr_line' id='line_1_15' title="bbox 278 1984 1414 2065; baseline -0.002 -21"><span class='ocrx_word' id='word_1_130' title='bbox 278 1984 332 2045; x_wconf 87' lang='lat' dir='ltr'>His</span> <span class='ocrx_word' id='word_1_131' title='bbox 355 1986 466 2061; x_wconf 88' lang='lat' dir='ltr'>omnia,</span> <span class='ocrx_word' id='word_1_132' title='bbox 486 2006 551 2063; x_wconf 85' lang='lat' dir='ltr'>quae</span> <span class='ocrx_word' id='word_1_133' title='bbox 570 1989 606 2048; x_wconf 88' lang='lat' dir='ltr'>de</span> <span class='ocrx_word' id='word_1_134' title='bbox 626 1988 738 2049; x_wconf 88' lang='lat' dir='ltr'>Mentis</span> <span class='ocrx_word' id='word_1_135' title='bbox 757 1988 786 2047; x_wconf 95' lang='lat' dir='ltr'>in</span> <span class='ocrx_word' id='word_1_136' title='bbox 805 1989 926 2049; x_wconf 75' lang='lat' dir='ltr'>affellus</span> <span class='ocrx_word' id='word_1_137' title='bbox 944 1989 1095 2065; x_wconf 76' lang='lat' dir='ltr'>putentia,</span> <span class='ocrx_word' id='word_1_138' title='bbox 1113 2008 1238 2065; x_wconf 76' lang='lat' dir='ltr'>qunque</span> <span class='ocrx_word' id='word_1_139' title='bbox 1257 1992 1293 2050; x_wconf 90' lang='lat' dir='ltr'>de</span> <span class='ocrx_word' id='word_1_140' title='bbox 1312 1986 1414 2049; x_wconf 83' lang='lat' dir='ltr'>Mentis</span> 
     </span>
     <span class='ocr_line' id='line_1_16' title="bbox 235 2096 1411 2177; baseline 0 -22"><span class='ocrx_word' id='word_1_141' title='bbox 235 2096 387 2157; x_wconf 83' lang='lat' dir='ltr'>Libertate</span> <span class='ocrx_word' id='word_1_142' title='bbox 409 2098 559 2159; x_wconf 88' lang='lat' dir='ltr'>ostendere</span> <span class='ocrx_word' id='word_1_143' title='bbox 582 2100 748 2173; x_wconf 86' lang='lat' dir='ltr'>volueram,</span> <span class='ocrx_word' id='word_1_144' title='bbox 771 2099 893 2161; x_wconf 87' lang='lat' dir='ltr'>absolvi.</span> <span class='ocrx_word' id='word_1_145' title='bbox 925 2101 972 2159; x_wconf 87' lang='lat' dir='ltr'>Ex</span> <span class='ocrx_word' id='word_1_146' title='bbox 994 2100 1102 2176; x_wconf 82' lang='lat' dir='ltr'>quibus</span> <span class='ocrx_word' id='word_1_147' title='bbox 1124 2117 1262 2176; x_wconf 84' lang='lat' dir='ltr'>apparet,</span> <span class='ocrx_word' id='word_1_148' title='bbox 1282 2116 1411 2177; x_wconf 88' lang='lat' dir='ltr'>quantun</span> 
     </span>
     <span class='ocr_line' id='line_1_17' title="bbox 236 2209 1411 2291; baseline 0 -23"><span class='ocrx_word' id='word_1_149' title='bbox 236 2209 359 2283; x_wconf 84' lang='lat' dir='ltr'>Sapiens</span> <span class='ocrx_word' id='word_1_150' title='bbox 380 2212 509 2286; x_wconf 86' lang='lat' dir='ltr'>polleat,</span> <span class='ocrx_word' id='word_1_151' title='bbox 529 2210 690 2288; x_wconf 88' lang='lat' dir='ltr'>potiorque</span> <span class='ocrx_word' id='word_1_152' title='bbox 713 2210 746 2272; x_wconf 89' lang='lat' dir='ltr'>srt</span> <span class='ocrx_word' id='word_1_153' title='bbox 768 2212 886 2289; x_wconf 83' lang='lat' dir='ltr'>ignaru,</span> <span class='ocrx_word' id='word_1_154' title='bbox 908 2211 958 2289; x_wconf 91' lang='lat' dir='ltr'>qui</span> <span class='ocrx_word' id='word_1_155' title='bbox 981 2211 1040 2272; x_wconf 88' lang='lat' dir='ltr'>sola</span> <span class='ocrx_word' id='word_1_156' title='bbox 1061 2212 1183 2273; x_wconf 89' lang='lat' dir='ltr'>libidine</span> <span class='ocrx_word' id='word_1_157' title='bbox 1205 2213 1310 2291; x_wconf 85' lang='lat' dir='ltr'>agitur.</span> <span class='ocrx_word' id='word_1_158' title='bbox 1338 2214 1411 2289; x_wconf 88' lang='lat' dir='ltr'>lgna·</span> 
     </span>
     <span class='ocr_line' id='line_1_18' title="bbox 232 2320 1412 2403; baseline 0.001 -23"><span class='ocrx_word' id='word_1_159' title='bbox 232 2338 282 2381; x_wconf 81' lang='lat' dir='ltr'>rus</span> <span class='ocrx_word' id='word_1_160' title='bbox 312 2320 404 2395; x_wconf 88' lang='lat' dir='ltr'>enim,</span> <span class='ocrx_word' id='word_1_161' title='bbox 436 2339 627 2399; x_wconf 79' lang='lat' dir='ltr'>praeterquam</span> <span class='ocrx_word' id='word_1_162' title='bbox 656 2344 671 2383; x_wconf 92' lang='lat' dir='ltr'>a</span> <span class='ocrx_word' id='word_1_163' title='bbox 703 2321 795 2383; x_wconf 79' lang='lat' dir='ltr'>causis</span> <span class='ocrx_word' id='word_1_164' title='bbox 818 2324 947 2384; x_wconf 88' lang='lat' dir='ltr'>externis</span> <span class='ocrx_word' id='word_1_165' title='bbox 968 2323 1068 2385; x_wconf 88' lang='lat' dir='ltr'>multis</span> <span class='ocrx_word' id='word_1_166' title='bbox 1090 2324 1184 2386; x_wconf 86' lang='lat' dir='ltr'>modis</span> <span class='ocrx_word' id='word_1_167' title='bbox 1206 2326 1347 2403; x_wconf 81' lang='lat' dir='ltr'>agitatur,</span> <span class='ocrx_word' id='word_1_168' title='bbox 1367 2340 1412 2381; x_wconf 78' lang='lat' dir='ltr'>nu=</span> 
     </span>
    </p>
   </div>
   <div class='ocr_carea' id='block_1_4' title="bbox 232 2429 1412 3518">
    <p class='ocr_par' dir='ltr' id='par_1_5' title="bbox 232 2429 1412 3518">
     <span class='ocr_line' id='line_1_19' title="bbox 233 2429 1411 2512; baseline 0.003 -19"><span class='ocrx_word' id='word_1_169' title='bbox 233 2452 359 2510; x_wconf 87' lang='lat' dir='ltr'>unquam</span> <span class='ocrx_word' id='word_1_170' title='bbox 381 2453 450 2494; x_wconf 90' lang='lat' dir='ltr'>vera</span> <span class='ocrx_word' id='word_1_171' title='bbox 471 2434 558 2494; x_wconf 85' lang='lat' dir='ltr'>animi</span> <span class='ocrx_word' id='word_1_172' title='bbox 582 2434 797 2512; x_wconf 85' lang='lat' dir='ltr'>acquiescentia</span> <span class='ocrx_word' id='word_1_173' title='bbox 819 2433 951 2510; x_wconf 88' lang='lat' dir='ltr'>potitur,</span> <span class='ocrx_word' id='word_1_174' title='bbox 973 2434 1049 2496; x_wconf 91' lang='lat' dir='ltr'>vivit</span> <span class='ocrx_word' id='word_1_175' title='bbox 1070 2451 1212 2512; x_wconf 77' lang='lat' dir='ltr'>praeterea</span> <span class='ocrx_word' id='word_1_176' title='bbox 1239 2434 1284 2496; x_wconf 89' lang='lat' dir='ltr'>sui</span> <span class='ocrx_word' id='word_1_177' title='bbox 1310 2451 1339 2496; x_wconf 85' lang='lat' dir='ltr'>et</span> <span class='ocrx_word' id='word_1_178' title='bbox 1365 2429 1411 2492; x_wconf 79' lang='lat' dir='ltr'>nei</span> 
     </span>
     <span class='ocr_line' id='line_1_20' title="bbox 232 2544 1411 2622; baseline -0.005 -17"><span class='ocrx_word' id='word_1_179' title='bbox 232 2561 263 2605; x_wconf 83' lang='lat' dir='ltr'>et</span> <span class='ocrx_word' id='word_1_180' title='bbox 280 2563 372 2606; x_wconf 86' lang='lat' dir='ltr'>rerum</span> <span class='ocrx_word' id='word_1_181' title='bbox 391 2545 469 2622; x_wconf 88' lang='lat' dir='ltr'>quali</span> <span class='ocrx_word' id='word_1_182' title='bbox 490 2544 612 2620; x_wconf 88' lang='lat' dir='ltr'>inscius,</span> <span class='ocrx_word' id='word_1_183' title='bbox 632 2562 661 2606; x_wconf 87' lang='lat' dir='ltr'>et</span> <span class='ocrx_word' id='word_1_184' title='bbox 682 2547 798 2607; x_wconf 78' lang='lat' dir='ltr'>simulac</span> <span class='ocrx_word' id='word_1_185' title='bbox 817 2545 881 2622; x_wconf 86' lang='lat' dir='ltr'>pati</span> <span class='ocrx_word' id='word_1_186' title='bbox 900 2545 1019 2621; x_wconf 84' lang='lat' dir='ltr'>definit,</span> <span class='ocrx_word' id='word_1_187' title='bbox 1037 2547 1117 2608; x_wconf 87' lang='lat' dir='ltr'>litnul</span> <span class='ocrx_word' id='word_1_188' title='bbox 1135 2549 1222 2608; x_wconf 88' lang='lat' dir='ltr'>etiam</span> <span class='ocrx_word' id='word_1_189' title='bbox 1238 2548 1294 2608; x_wconf 76' lang='lat' dir='ltr'>effe</span> <span class='ocrx_word' id='word_1_190' title='bbox 1312 2544 1411 2610; x_wconf 78' lang='lat' dir='ltr'>desinit.</span> 
     </span>
     <span class='ocr_line' id='line_1_21' title="bbox 233 2656 1412 2734; baseline -0.002 -18"><span class='ocrx_word' id='word_1_191' title='bbox 233 2657 307 2717; x_wconf 89' lang='lat' dir='ltr'>Cunt</span> <span class='ocrx_word' id='word_1_192' title='bbox 328 2673 429 2718; x_wconf 87' lang='lat' dir='ltr'>contra</span> <span class='ocrx_word' id='word_1_193' title='bbox 450 2656 581 2734; x_wconf 83' lang='lat' dir='ltr'>sapiens,</span> <span class='ocrx_word' id='word_1_194' title='bbox 603 2675 749 2734; x_wconf 87' lang='lat' dir='ltr'>quatenus</span> <span class='ocrx_word' id='word_1_195' title='bbox 771 2673 804 2718; x_wconf 91' lang='lat' dir='ltr'>ut</span> <span class='ocrx_word' id='word_1_196' title='bbox 826 2657 894 2718; x_wconf 86' lang='lat' dir='ltr'>talis</span> <span class='ocrx_word' id='word_1_197' title='bbox 911 2657 1123 2734; x_wconf 80' lang='lat' dir='ltr'>consideratur,</span> <span class='ocrx_word' id='word_1_198' title='bbox 1140 2659 1192 2721; x_wconf 86' lang='lat' dir='ltr'>vix</span> <span class='ocrx_word' id='word_1_199' title='bbox 1209 2659 1307 2720; x_wconf 86' lang='lat' dir='ltr'>animo</span> <span class='ocrx_word' id='word_1_200' title='bbox 1324 2675 1412 2720; x_wconf 78' lang='lat' dir='ltr'>urnae·</span> 
     </span>
     <span class='ocr_line' id='line_1_22' title="bbox 234 2768 1412 2848; baseline -0.003 -21"><span class='ocrx_word' id='word_1_201' title='bbox 234 2782 298 2841; x_wconf 89' lang='lat' dir='ltr'>tur,</span> <span class='ocrx_word' id='word_1_202' title='bbox 329 2768 377 2828; x_wconf 88' lang='lat' dir='ltr'>sed</span> <span class='ocrx_word' id='word_1_203' title='bbox 406 2769 447 2828; x_wconf 93' lang='lat' dir='ltr'>sui</span> <span class='ocrx_word' id='word_1_204' title='bbox 480 2785 510 2830; x_wconf 89' lang='lat' dir='ltr'>et</span> <span class='ocrx_word' id='word_1_205' title='bbox 530 2770 586 2830; x_wconf 92' lang='lat' dir='ltr'>Dei</span> <span class='ocrx_word' id='word_1_206' title='bbox 609 2786 639 2831; x_wconf 86' lang='lat' dir='ltr'>et</span> <span class='ocrx_word' id='word_1_207' title='bbox 667 2789 761 2831; x_wconf 91' lang='lat' dir='ltr'>rerum</span> <span class='ocrx_word' id='word_1_208' title='bbox 792 2784 900 2831; x_wconf 85' lang='lat' dir='ltr'>aeterna</span> <span class='ocrx_word' id='word_1_209' title='bbox 928 2774 1053 2848; x_wconf 87' lang='lat' dir='ltr'>quadam</span> <span class='ocrx_word' id='word_1_210' title='bbox 1080 2773 1245 2832; x_wconf 85' lang='lat' dir='ltr'>necellrtate</span> <span class='ocrx_word' id='word_1_211' title='bbox 1274 2770 1412 2836; x_wconf 86' lang='lat' dir='ltr'>conscius,</span> 
     </span>
     <span class='ocr_line' id='line_1_23' title="bbox 233 2879 1411 2960; baseline -0.005 -20"><span class='ocrx_word' id='word_1_212' title='bbox 233 2898 380 2956; x_wconf 86' lang='lat' dir='ltr'>nunquam</span> <span class='ocrx_word' id='word_1_213' title='bbox 412 2879 467 2940; x_wconf 87' lang='lat' dir='ltr'>elle</span> <span class='ocrx_word' id='word_1_214' title='bbox 499 2879 620 2956; x_wconf 81' lang='lat' dir='ltr'>desinit,</span> <span class='ocrx_word' id='word_1_215' title='bbox 651 2881 700 2943; x_wconf 87' lang='lat' dir='ltr'>sed</span> <span class='ocrx_word' id='word_1_216' title='bbox 728 2883 839 2958; x_wconf 86' lang='lat' dir='ltr'>semper</span> <span class='ocrx_word' id='word_1_217' title='bbox 868 2901 936 2945; x_wconf 86' lang='lat' dir='ltr'>vera</span> <span class='ocrx_word' id='word_1_218' title='bbox 957 2882 1044 2944; x_wconf 88' lang='lat' dir='ltr'>animi</span> <span class='ocrx_word' id='word_1_219' title='bbox 1064 2883 1280 2960; x_wconf 85' lang='lat' dir='ltr'>acquiescentia</span> <span class='ocrx_word' id='word_1_220' title='bbox 1301 2883 1411 2960; x_wconf 86' lang='lat' dir='ltr'>potitur.</span> 
     </span>
     <span class='ocr_line' id='line_1_24' title="bbox 233 2989 1410 3071; baseline -0.002 -21"><span class='ocrx_word' id='word_1_221' title='bbox 233 2989 263 3050; x_wconf 88' lang='lat' dir='ltr'>Si</span> <span class='ocrx_word' id='word_1_222' title='bbox 279 2990 338 3066; x_wconf 85' lang='lat' dir='ltr'>jam</span> <span class='ocrx_word' id='word_1_223' title='bbox 358 2991 423 3066; x_wconf 91' lang='lat' dir='ltr'>via,</span> <span class='ocrx_word' id='word_1_224' title='bbox 442 3011 528 3069; x_wconf 89' lang='lat' dir='ltr'>quam</span> <span class='ocrx_word' id='word_1_225' title='bbox 547 2995 583 3054; x_wconf 89' lang='lat' dir='ltr'>ad</span> <span class='ocrx_word' id='word_1_226' title='bbox 604 2993 667 3053; x_wconf 84' lang='lat' dir='ltr'>haec</span> <span class='ocrx_word' id='word_1_227' title='bbox 690 2995 796 3054; x_wconf 87' lang='lat' dir='ltr'>ducere</span> <span class='ocrx_word' id='word_1_228' title='bbox 819 2993 949 3070; x_wconf 85' lang='lat' dir='ltr'>ostendi,</span> <span class='ocrx_word' id='word_1_229' title='bbox 967 2999 1109 3071; x_wconf 86' lang='lat' dir='ltr'>perardua</span> <span class='ocrx_word' id='word_1_230' title='bbox 1130 2996 1282 3071; x_wconf 89' lang='lat' dir='ltr'>videatur,</span> <span class='ocrx_word' id='word_1_231' title='bbox 1300 2989 1410 3056; x_wconf 84' lang='lat' dir='ltr'>inveniri</span> 
     </span>
     <span class='ocr_line' id='line_1_25' title="bbox 234 3105 1412 3185; baseline -0.004 -22"><span class='ocrx_word' id='word_1_232' title='bbox 234 3119 331 3163; x_wconf 88' lang='lat' dir='ltr'>tamen</span> <span class='ocrx_word' id='word_1_233' title='bbox 354 3105 459 3178; x_wconf 88' lang='lat' dir='ltr'>potest.</span> <span class='ocrx_word' id='word_1_234' title='bbox 492 3105 531 3164; x_wconf 90' lang='lat' dir='ltr'>Et</span> <span class='ocrx_word' id='word_1_235' title='bbox 553 3105 619 3165; x_wconf 89' lang='lat' dir='ltr'>sane</span> <span class='ocrx_word' id='word_1_236' title='bbox 643 3107 765 3166; x_wconf 90' lang='lat' dir='ltr'>arduum</span> <span class='ocrx_word' id='word_1_237' title='bbox 786 3109 875 3167; x_wconf 88' lang='lat' dir='ltr'>debet</span> <span class='ocrx_word' id='word_1_238' title='bbox 897 3105 971 3182; x_wconf 87' lang='lat' dir='ltr'>elle,</span> <span class='ocrx_word' id='word_1_239' title='bbox 993 3110 1075 3183; x_wconf 88' lang='lat' dir='ltr'>quod</span> <span class='ocrx_word' id='word_1_240' title='bbox 1096 3110 1170 3168; x_wconf 88' lang='lat' dir='ltr'>adeo</span> <span class='ocrx_word' id='word_1_241' title='bbox 1192 3126 1256 3168; x_wconf 86' lang='lat' dir='ltr'>raro</span> <span class='ocrx_word' id='word_1_242' title='bbox 1273 3107 1412 3185; x_wconf 87' lang='lat' dir='ltr'>reperitur.</span> 
     </span>
     <span class='ocr_line' id='line_1_26' title="bbox 235 3215 1410 3300; baseline -0.003 -24"><span class='ocrx_word' id='word_1_243' title='bbox 235 3215 295 3296; x_wconf 85' lang='lat' dir='ltr'>Qui</span> <span class='ocrx_word' id='word_1_244' title='bbox 316 3215 391 3276; x_wconf 87' lang='lat' dir='ltr'>enirn</span> <span class='ocrx_word' id='word_1_245' title='bbox 412 3215 506 3292; x_wconf 85' lang='lat' dir='ltr'>pollet</span> <span class='ocrx_word' id='word_1_246' title='bbox 527 3217 605 3292; x_wconf 86' lang='lat' dir='ltr'>lieri,</span> <span class='ocrx_word' id='word_1_247' title='bbox 627 3215 646 3276; x_wconf 91' lang='lat' dir='ltr'>sr</span> <span class='ocrx_word' id='word_1_248' title='bbox 668 3216 745 3278; x_wconf 78' lang='lat' dir='ltr'>salue</span> <span class='ocrx_word' id='word_1_249' title='bbox 767 3217 797 3278; x_wconf 92' lang='lat' dir='ltr'>in</span> <span class='ocrx_word' id='word_1_250' title='bbox 816 3234 956 3294; x_wconf 86' lang='lat' dir='ltr'>promptu</span> <span class='ocrx_word' id='word_1_251' title='bbox 974 3217 1058 3294; x_wconf 83' lang='lat' dir='ltr'>ellet,</span> <span class='ocrx_word' id='word_1_252' title='bbox 1076 3235 1106 3280; x_wconf 91' lang='lat' dir='ltr'>et</span> <span class='ocrx_word' id='word_1_253' title='bbox 1125 3219 1182 3280; x_wconf 84' lang='lat' dir='ltr'>stne</span> <span class='ocrx_word' id='word_1_254' title='bbox 1200 3239 1307 3300; x_wconf 88' lang='lat' dir='ltr'>magno</span> <span class='ocrx_word' id='word_1_255' title='bbox 1325 3223 1410 3280; x_wconf 85' lang='lat' dir='ltr'>labore</span> 
     </span>
     <span class='ocr_line' id='line_1_27' title="bbox 235 3327 1409 3410; baseline -0.001 -24"><span class='ocrx_word' id='word_1_256' title='bbox 235 3327 351 3402; x_wconf 88' lang='lat' dir='ltr'>reperiri</span> <span class='ocrx_word' id='word_1_257' title='bbox 374 3327 485 3404; x_wconf 85' lang='lat' dir='ltr'>pollet,</span> <span class='ocrx_word' id='word_1_258' title='bbox 508 3345 539 3390; x_wconf 85' lang='lat' dir='ltr'>ut</span> <span class='ocrx_word' id='word_1_259' title='bbox 561 3332 597 3390; x_wconf 88' lang='lat' dir='ltr'>ab</span> <span class='ocrx_word' id='word_1_260' title='bbox 621 3329 759 3390; x_wconf 88' lang='lat' dir='ltr'>untnibus</span> <span class='ocrx_word' id='word_1_261' title='bbox 781 3332 840 3391; x_wconf 89' lang='lat' dir='ltr'>fere</span> <span class='ocrx_word' id='word_1_262' title='bbox 860 3330 1077 3410; x_wconf 77' lang='lat' dir='ltr'>negligeretur?</span> <span class='ocrx_word' id='word_1_263' title='bbox 1096 3333 1154 3392; x_wconf 84' lang='lat' dir='ltr'>Sed</span> <span class='ocrx_word' id='word_1_264' title='bbox 1172 3333 1270 3393; x_wconf 88' lang='lat' dir='ltr'>omnia</span> <span class='ocrx_word' id='word_1_265' title='bbox 1288 3333 1409 3410; x_wconf 72' lang='lat' dir='ltr'>preclara</span> 
     </span>
     <span class='ocr_line' id='line_1_28' title="bbox 236 3437 733 3518; baseline 0.008 -21"><span class='ocrx_word' id='word_1_266' title='bbox 236 3452 294 3498; x_wconf 89' lang='lat' dir='ltr'>tam</span> <span class='ocrx_word' id='word_1_267' title='bbox 317 3437 446 3500; x_wconf 88' lang='lat' dir='ltr'>difficilia</span> <span class='ocrx_word' id='word_1_268' title='bbox 469 3460 554 3518; x_wconf 89' lang='lat' dir='ltr'>quam</span> <span class='ocrx_word' id='word_1_269' title='bbox 576 3459 635 3502; x_wconf 91' lang='lat' dir='ltr'>rara</span> <span class='ocrx_word' id='word_1_270' title='bbox 657 3441 733 3502; x_wconf 90' lang='lat' dir='ltr'>sunt.</span> 
     </span>
    </p>
   </div>
   <div class='ocr_carea' id='block_1_5' title="bbox 0 0 1478 4900">
    <p class='ocr_par' dir='ltr' id='par_1_6' title="bbox 0 0 1478 4900">
     <span class='ocr_line' id='line_1_29' title="bbox 0 0 1478 4900; baseline 0 0"><span class='ocrx_word' id='word_1_271' title='bbox 0 0 1478 4900; x_wconf 95' lang='lat' dir='ltr'> </span> 
     </span>
    </p>
   </div>
  </div>
 </body>
</html>
