2934 4900
318 329 823 419 'Theologico-Politici
864 342 937 417 Cap.
966 342 1004 399 V.
1196 354 1253 417 443

64 522 164 581 verba
190 517 397 593 Maimonidis,
419 517 527 594 quibus
554 519 592 578 R.
613 516 723 598 Joseph
744 516 821 578 filius
841 516 928 579 Shem
948 516 1018 577 Tob
1040 514 1069 575 in
1091 514 1143 575 suo
1165 514 1257 588 libro,

66 650 160 707 quem
180 645 270 693 vocat
298 630 406 691 Kebod
425 628 543 690 Elohim
563 626 613 691 seu
638 632 765 704 gloriam
785 630 860 705 Dei,
882 628 981 705 addit,
1003 630 1102 704 quod,
1124 624 1256 703 quamvis

67 743 246 803 Aristoteles
273 742 375 819 (quem
402 740 538 802 summam
558 741 692 802 Ethicam
719 739 854 818 scripsisse
875 756 979 817 putat,
1000 755 1031 801 et
1050 740 1134 816 supra
1157 756 1257 799 ornnes

68 855 207 935 aestimat)
228 853 300 915 nihil
320 870 437 929 eorum,
458 872 523 930 quae
545 856 582 915 ad
602 872 700 916 veram
722 854 858 913 Ethicam
880 854 1028 930 spetiant,
1052 868 1158 928 ecquae
1170 850 1256 911 etiam

68 967 102 1026 in
124 968 175 1028 sua
195 967 301 1027 Ethica
322 967 472 1042 amplexus
493 966 550 1042 est,
572 964 722 1041 omisisset,
744 965 793 1027 sed
815 965 911 1026 omnia
924 964 1080 1043 diligenter
1091 976 1259 1039 exequutus

67 1078 189 1153 suisset,
218 1079 277 1138 hoc
307 1094 404 1139 tamen
435 1076 488 1153 ipst
519 1080 555 1137 ad
587 1076 707 1139 salutem
740 1075 872 1153 prodesse
893 1094 952 1137 non
975 1075 1097 1153 potuit,
1119 1074 1187 1151 quia
1209 1092 1260 1147 ea,

69 1210 140 1267 quae
161 1194 268 1264 docet,
288 1208 349 1250 non
370 1190 522 1265 amplexus
543 1188 585 1248 est
606 1203 640 1249 ut
662 1191 838 1249 documenta
859 1187 959 1251 divina
981 1186 1154 1263 prophetice
1175 1204 1258 1248 reve·

68 1304 149 1376 lata,
176 1301 224 1363 scd
252 1320 290 1361 ex
317 1301 381 1361 solo
410 1299 565 1361 distamine
594 1299 742 1362 Rationis.
772 1302 882 1361 Verum
903 1300 965 1360 haec
988 1299 1083 1361 omnia
1105 1318 1180 1359 mera
1202 1296 1258 1358 esse

68 1415 226 1492 figmenta,
256 1427 287 1473 et
318 1411 405 1473 nullis
435 1411 601 1473 rationibus
632 1430 728 1489 neque
757 1412 914 1488 Scriptura
943 1410 1102 1473 autoritate
1124 1409 1259 1485 suffulta,

69 1524 233 1601 unicuique
253 1526 316 1586 haec
338 1540 453 1585 attente
472 1524 583 1603 legenti
601 1523 671 1586 satis
689 1525 819 1586 constare
831 1523 980 1600 existim03
991 1542 1079 1601 quare
1091 1525 1128 1583 ad
1139 1524 1259 1583 eandem

68 1656 132 1697 retn
153 1638 356 1712 refutandum,
383 1636 474 1714 ipsam
495 1635 664 1698 recensuisse
686 1636 803 1697 sufficit.
824 1638 888 1697 Nec
910 1635 998 1697 etiam
1019 1653 1121 1695 corum
1142 1633 1258 1695 senten·

67 1748 144 1809 tiam
162 1748 210 1809 hic
231 1749 358 1810 relirtare
378 1746 409 1807 in
430 1746 527 1807 animo
549 1747 606 1827 eil,
627 1748 824 1824 quinimirum
836 1748 983 1824 statuunt,
995 1749 1108 1811 Lumen
1119 1747 1260 1809 Naturale

67 1858 147 1920 nihil
166 1859 226 1921 sani
247 1864 284 1921 de
306 1858 358 1935 iis,
379 1878 445 1936 qua
466 1862 504 1921 ad
525 1878 622 1923 veram
644 1859 764 1922 saluoem
785 1860 932 1938 spoliant,
953 1864 1061 1923 docere
1082 1858 1179 1936 posse3
1200 1860 1259 1920 hoc

69 1971 151 2032 enim
171 1970 240 2047 ipsc,
261 1970 312 2048 qui
333 1972 440 2032 nullam
468 1971 563 2033 sanam
591 1971 750 2033 Rationem
779 1972 831 2033 fibi
860 1974 1045 2047 concedunt,
1074 1974 1153 2033 nulla
1173 1970 1259 2031 etiam

68 2083 188 2143 ratione
220 2085 344 2158 probare
374 2082 512 2160 possunt3
544 2099 576 2145 et
604 2083 626 2143 st
657 2083 769 2160 aliquid
800 2083 885 2160 supra
917 2084 1076 2146 Rationem
1105 2083 1133 2144 se
1155 2083 1260 2145 habere

69 2193 247 2271 venditant,
270 2194 301 2255 id
322 2212 430 2255 merum
452 2195 493 2256 eil
518 2195 705 2275 figmentum,
726 2211 757 2256 et
777 2197 865 2274 longe
887 2195 962 2257 infra
983 2194 1159 2269 Rationem,
1179 2194 1261 2271 quod

64 2306 131 2383 jam
148 2304 217 2365 satir
236 2322 336 2366 eorum
358 2305 520 2367 communis
541 2306 663 2369 vivendi
685 2310 791 2368 modus
813 2305 966 2369 indicavit.
997 2307 1055 2368 Sed
1077 2308 1112 2367 de
1133 2305 1179 2366 his
1200 2322 1260 2366 non

69 2418 115 2480 est
136 2437 213 2496 opus
239 2418 370 2495 apertius
397 2419 490 2497 loqui.
532 2421 600 2481 Hoc
619 2434 736 2482 tantum
766 2422 888 2496 addam,
909 2438 964 2482 nos
987 2418 1130 2482 neminem
1150 2417 1201 2481 nist
1223 2436 1260 2479 ex

70 2530 214 2606 operibus
245 2531 421 2610 cognoscere
451 2530 547 2608 posse;
578 2531 630 2609 qui
660 2533 762 2609 itaque
793 2531 839 2592 his
870 2531 1013 2594 fructibus
1045 2529 1259 2606 abundaverit,

71 2643 184 2705 scilicet
205 2644 366 2720 charitate,
384 2643 511 2724 gaudio,
530 2663 620 2721 pace,
640 2644 882 2723 longanimitate,
903 2644 1086 2723 benignitate
1093 2643 1259 2719 ,bonitate,

70 2756 148 2830 fide,
178 2754 415 2830 mansuetudine,
445 2768 477 2814 et
507 2753 708 2829 continentia,
740 2754 877 2818 adversus
910 2773 987 2831 quos
1021 2755 1070 2832 (ut
1102 2754 1209 2815 Paulus
1230 2753 1259 2813 in

70 2867 205 2943 Epistola
225 2871 262 2928 ad
283 2866 403 2929 Galatas
423 2887 487 2943 cap.
509 2879 537 2942 5.
560 2867 632 2931 vers.
654 2885 703 2928 22.
724 2866 781 2946 ait)
802 2869 850 2928 lex
872 2885 932 2927 non
954 2867 995 2928 est
1015 2865 1126 2943 pofita,
1147 2863 1260 2942 is,s1ve

72 3001 112 3041 ex
144 2981 203 3042 sola
234 2980 364 3042 Ratione
394 2979 454 3044 slve
486 2999 523 3042 ex
553 2981 613 3042 sola
643 2980 793 3057 Scriptura
822 2981 944 3041 edoctus
964 2977 1013 3054 stt,
1034 2998 1050 3038 a
1072 2979 1138 3038 Deo
1160 2995 1259 3038 revera

73 3095 199 3154 edoctus
218 3093 277 3168 est,
296 3108 327 3154 et
347 3093 468 3154 omnino
490 3095 605 3154 beatus.
647 3091 703 3152 His
725 3090 826 3168 itaque
848 3089 973 3166 omnia,¹
986 3107 1050 3166 quae
1072 3089 1148 3150 circa
1168 3089 1259 3166 legem

73 3202 204 3266 divinam
224 3222 308 3282 agere
328 3204 549 3280 constitueram,
571 3202 696 3266 absolvi.

531 3519 712 3582 CAPUT
754 3520 809 3580 Vl.

503 3763 559 3824 De
591 3761 841 3822 Miraculis.

115 4004 210 4065 Sicuti
236 4003 385 4064 scientiam
413 4004 509 4078 illam,
536 4021 601 4079 quae
630 4018 750 4079 captum
777 4005 933 4064 humanum
963 4003 1095 4078 supetat,
1116 4003 1261 4082 divinam,

76 4115 113 4175 stc
136 4133 227 4190 opus,
249 4115 333 4192 cujus
354 4114 439 4176 causa
459 4115 551 4194 vulgo
571 4115 737 4194 ignoratur,
757 4115 887 4178 divinum
907 4113 965 4176 sive
983 4113 1040 4174 Dei
1059 4135 1135 4192 opus
1153 4133 1259 4177 vocare

76 4224 293 4286 consueverunt
312 4225 580 4304 homines:vulgus
602 4226 679 4287 enim
700 4241 763 4287 tum
784 4227 840 4287 Dei
862 4225 1026 4303 potentiam
1048 4243 1077 4288 et
1099 4227 1257 4304 providen-

76 4337 145 4400 tiam
166 4355 253 4416 quam
274 4337 418 4399 clariffime
440 4338 569 4400 constare
590 4355 694 4418 putat,
711 4358 776 4401 cum
798 4339 909 4419 aliquid
926 4339 956 4402 in
974 4342 1086 4403 Natura
1108 4339 1256 4402 insolitum
