2934 4900
389 336 703 407 Emendatione
733 338 983 408 Tractatut.
1247 354 1281 427 lg

87 526 202 588 mum,
221 528 254 576 et
273 516 370 577 multo
390 516 487 579 minua
507 516 549 578 eli
570 516 604 575 td
625 515 788 597 intelligere
809 516 1039 594 causaturum
1059 516 1111 579 sed
1130 517 1173 581 est
1191 516 1279 581 intel·

86 624 196 702 ligere,
217 626 291 703 quid
313 627 348 689 dt
370 646 439 691 tera
460 630 542 703 idea,
563 628 778 691 ermacaeterit
798 628 1042 706 perceptionibus
1059 628 1282 709 distinguendo,

88 736 214 814 ejusque
235 756 366 801 naturam
386 740 605 820 investigando,
627 756 661 803 ut
681 741 751 803 inde
771 742 895 803 nostram
916 741 1099 821 intelligendi
1115 742 1282 820 potentiam

88 849 265 927 noscamus,
292 868 323 913 et
351 870 477 914 mentem
504 854 545 915 ita
574 853 781 931 cohibeamus,
812 870 845 915 ut
872 856 909 915 ad
937 853 1014 915 illam
1036 872 1165 917 normam
1185 854 1283 917 omnia

88 962 256 1044 intelligat,
283 985 348 1043 quet
376 966 443 1029 sunt
471 966 674 1046 intelligenda;
700 968 844 1027 tradendo
851 1010 861 1041 ,
882 981 1020 1043 tanquam
1042 966 1150 1029 auxilia
1157 1009 1167 1042 ,
1188 982 1282 1029 certat

88 1077 223 1153 regulas,
248 1093 279 1139 et
306 1077 395 1139 etiam
422 1078 576 1152 faciendo,
604 1096 640 1139 ne
669 1096 751 1139 mens
779 1077 935 1139 inutilibus
963 1078 1150 1157 defatigetur.
1191 1080 1282 1141 Unde

87 1186 258 1266 colligitur,
283 1188 461 1251 Methodum
490 1189 562 1250 nihil
589 1189 668 1251 aliud
690 1188 764 1262 elle,
784 1188 835 1251 nili
863 1190 1066 1269 cognitionem
1091 1190 1279 1259 tellerivaur.

91 1314 146 1361 aut
164 1298 258 1361 ideam
279 1300 368 1376 idete;
391 1317 421 1363 et
442 1300 511 1378 quia
532 1320 592 1363 non
613 1304 700 1363 datur
720 1300 786 1362 idea
807 1300 898 1376 ideae,
918 1302 970 1363 nili
991 1302 1282 1379 arimanniam

92 1424 167 1487 ergo
195 1412 350 1473 methodus
379 1430 438 1473 non
467 1410 600 1484 dabitur,
625 1408 675 1471 nifi
697 1408 780 1487 priut
799 1412 886 1471 detur
905 1408 980 1472 idea.
1022 1412 1112 1473 Unde
1133 1410 1180 1471 illa
1202 1412 1280 1472 bont

79 1518 151 1581 'erit
174 1521 349 1597 methodus,
377 1540 443 1599 quae
471 1521 616 1595 ostendit,
643 1524 795 1598 quomodo
825 1539 905 1583 mena
925 1520 1075 1601 dirigenda
1094 1523 1129 1585 llt
1149 1525 1187 1584 atl
1206 1524 1282 1585 date

94 1650 174 1697 verae
203 1635 277 1697 ideae
298 1652 437 1697 normam.

134 1746 228 1809 Porro
265 1766 332 1809 cum
368 1748 466 1823 ratio,
503 1766 568 1824 que
606 1747 647 1809 est
677 1745 754 1809 inter
783 1749 857 1809 duat
886 1745 988 1822 ideas,
1017 1746 1052 1808 stt
1082 1749 1183 1809 eadem
1213 1764 1279 1809 cum

90 1856 226 1932 ratione,
247 1876 314 1934 quat
335 1858 376 1918 est
403 1858 480 1920 inter
507 1856 640 1921 essentias
669 1860 803 1920 formales
830 1858 958 1921 idearum
984 1858 1112 1935 illarum
1140 1858 1208 1921 inde
1236 1858 1280 1919 se·

90 1968 217 2045 quitur,
237 1973 320 2047 quod
340 1970 474 2049 cognitio
506 1970 665 2045 reflexiva,
695 1988 762 2047 qua·
792 1970 833 2031 est
863 1970 937 2031 ideae
957 1970 1044 2031 Entia
1075 1970 1264 2047 perfectioni
1271 2015 1282 2047 ,

2 2166 3 2172 ἵ
90 2080 278 2157 prestantior
304 2082 359 2145 etit
389 2082 563 2163 cognitione
593 2082 731 2145 reflexiva
761 2097 928 2145 caeterarum
959 2082 1103 2157 idearum;
1137 2080 1195 2143 hoc
1222 2080 1282 2158 est,

92 2194 295 2269 perledlillima
326 2212 360 2256 ea
380 2195 436 2257 erit
457 2196 631 2271 methodus,
650 2212 716 2272 quac
737 2196 775 2256 ad
794 2197 870 2256 datae
891 2194 964 2255 ideae
984 2193 1071 2256 Entia
1091 2192 1282 2270 petlestillimi

91 2324 224 2367 normam
253 2306 398 2382 ostendit,
426 2310 578 2384 quomodo
599 2324 680 2368 mena
701 2306 735 2367 lit
756 2306 915 2385 dirigenda.
955 2304 1069 2366 Erchia
1090 2304 1175 2365 facile
1194 2304 1281 2367 intel·

92 2416 206 2496 ligitur,
227 2422 381 2496 quomodo
402 2437 498 2492 mena,
520 2421 602 2498 plura
623 2418 831 2498 intelligendo,
851 2416 907 2478 alia
928 2415 1009 2479 limul
1028 2416 1159 2493 acquirat
1178 2415 1281 2478 instru-

94 2545 211 2603 menta,
242 2531 352 2608 quibua
381 2531 496 2593 facilius
525 2545 628 2610 pergat
655 2529 825 2608 intelligere.
865 2530 958 2603 Nam,
985 2543 1020 2590 ut
1047 2545 1085 2588 ex
1105 2527 1191 2590 dieu
1210 2528 1281 2590 licet

96 2640 254 2721 colligere,
283 2644 373 2704 debet
404 2657 473 2704 ante
504 2641 601 2704 omnia
631 2641 661 2702 in
692 2640 779 2702 nobit
808 2639 930 2702 exiliere
952 2657 1019 2702 vera
1038 2638 1121 2714 idea,
1143 2653 1280 2717 tanquam

96 2751 231 2814 innatum
261 2751 502 2829 instrumentum,
532 2773 589 2830 qua
620 2752 766 2814 intellecta
797 2751 977 2830 intelligatur
996 2751 1076 2812 llmul
1096 2749 1280 2827 differentia,

96 2883 165 2940 quae
196 2865 237 2926 eli
268 2865 345 2927 inter
375 2867 461 2928 talem
492 2847 712 2942 permotionem
739 2880 772 2926 et
798 2879 919 2926 caeterat
946 2881 1058 2926 omnet.
1098 2865 1165 2946 Qua
1192 2862 1223 2924 in
1251 2881 1281 2924 re

97 2975 228 3038 confillit
255 2995 313 3040 una
341 2978 472 3040 methodi
500 2994 575 3054 part.
615 2977 655 3038 Et
682 2995 748 3038 cum
775 2993 828 3053 per
847 2975 877 3037 se
898 2975 1004 3038 clarum
1023 2973 1077 3049 lit,
1095 2991 1221 3036 mentem
1242 2993 1280 3038 eo

61 3095 74 3112 ⁸
98 3057 202 3150 melina
233 3088 262 3150 le
294 3089 472 3169 intelligere,
500 3108 562 3166 quo
588 3090 672 3166 plura
692 3090 729 3150 de
750 3089 862 3150 Natura
883 3086 1037 3167 intelligit;
1058 3085 1127 3150 inde
1148 3087 1282 3163 constat,

97 3197 173 3260 itanc
193 3199 327 3263 methodi
347 3217 457 3278 partem
469 3219 507 3264 eo
517 3200 719 3278 perfectiorem
741 3201 820 3276 lore,
841 3218 902 3278 quo
922 3218 1005 3261 ment
1024 3201 1106 3276 plura
1127 3199 1281 3280 intelligit,

98 3326 129 3372 et
156 3313 312 3374 tutiore
339 3313 582 3390 persedilllman,
609 3332 675 3376 cum
702 3331 784 3375 ment
810 3315 848 3374 ad
875 3312 1075 3392 cognitionem
1100 3312 1188 3376 Entia
1214 3331 1281 3390 per·

96 3422 237 3486 feffiffimi
257 3425 403 3501 attendit,
428 3426 488 3490 stne
508 3424 640 3488 reflectit.
680 3425 813 3501 Deinde,
833 3443 896 3502 quo
916 3427 998 3502 plata
1017 3443 1098 3488 ment
1118 3424 1221 3500 novit,
1242 3445 1280 3490 eo

96 3533 252 3606 meliuavet
272 3535 339 3600 suat
359 3537 449 3614 viret,
469 3553 499 3599 et
520 3537 651 3600 ordinem
671 3539 792 3600 Naturae
811 3537 963 3617 iutelligit:
981 3557 1043 3616 quo
1060 3555 1158 3602 autem
1178 3539 1281 3602 meliua

95 3645 163 3708 suat
189 3646 268 3710 viret
295 3648 449 3728 intelligit,
477 3667 515 3711 eo
543 3649 656 3710 faciliua
684 3650 781 3726 potest
808 3649 929 3726 seipsam
956 3649 1095 3730 dirigere,
1115 3666 1147 3713 et
1165 3653 1281 3732 regulae

95 3756 149 3818 libi
169 3775 353 3836 proponere3
381 3775 411 3820 et
432 3779 493 3837 quo
513 3760 615 3824 melius
639 3759 772 3824 ordinem
792 3763 913 3824 Nature
933 3761 1088 3842 intelligit,
1107 3781 1145 3824 eo
1164 3762 1281 3826 facilior

94 3869 193 3947 potest
220 3869 250 3932 se
277 3872 314 3932 ab
340 3871 494 3934 inutilibus
515 3871 670 3948 cohibere,
690 3873 720 3934 in
742 3871 851 3950 quibua
870 3887 938 3934 tota
956 3871 1085 3937 constitit
1105 3874 1280 3951 methodus,

95 3981 140 4044 uri
167 3982 305 4046 diximus.
347 3987 434 4048 Adde
461 3988 543 4062 quod
571 3985 636 4048 idea
665 3987 769 4048 eodem
790 3987 881 4048 modo
901 3984 931 4046 se
951 3985 1040 4048 habet
1061 3985 1226 4064 objective,
1246 4007 1280 4048 ac

93 4093 184 4172 ipdut
204 4095 335 4158 ideatum
356 4096 495 4160 sehabet
516 4096 640 4158 realiter.
681 4097 711 4158 Si
733 4115 803 4177 ergo
825 4100 943 4160 daretur
962 4097 1074 4175 aliquid
1096 4098 1125 4159 in
1146 4100 1282 4175 Natura,

92 4205 165 4266 nsstss
183 4205 348 4267 commercii
366 4207 478 4270 habens
497 4227 562 4270 curn
584 4207 647 4270 aliia
668 4210 772 4284 rebus,
793 4207 857 4286 ejus
878 4209 1005 4271 etiamst
1027 4211 1169 4271 daretur*
1190 4209 1279 4274 ellen-

126 4347 139 4376 ·
174 4345 376 4422 adnerincepat
393 4347 481 4397 datur.
