2934 4900
540 327 596 387 De
637 325 790 387 Mente.
1217 325 1258 401 89

59 499 204 575 quiescit.
246 504 290 562 At
309 501 368 564 hoc
389 500 476 563 etiam
505 499 579 582 (per
598 503 713 562 medem
733 504 886 583 rationem)
906 501 1018 564 moveri
1037 503 1088 564 vel
1108 499 1256 579 quiescere

59 629 132 672 non
153 613 272 694 potuit,
291 611 344 674 nist
366 616 403 675 ab
425 613 483 674 alio
504 616 541 675 ad
561 627 673 675 motum
693 614 743 676 vel
763 613 892 690 quietem
909 612 1131 676 determinatum
1148 610 1255 688 suisset,

59 739 97 784 et
133 725 190 786 hoc
222 725 327 788 iterum
358 723 428 808 (per
458 727 572 787 eandem
601 726 755 806 rationem)
784 728 822 787 rb
843 724 918 802 alio,
939 741 970 788 et
991 725 1029 786 stc
1049 724 1080 786 in
1100 724 1256 787 infinitum.

95 837 220 898 ,ΕΛ

64 836 94 912 Q
482 933 846 980 conounnnruu.

112 1027 192 1088 Hinc
220 1027 366 1105 sequitur,
393 1046 502 1105 corpus
522 1042 634 1089 motum
654 1027 768 1091 tamdiu
787 1029 917 1106 moveri,
937 1031 1032 1091 donec
1053 1031 1089 1089 ab
1110 1027 1168 1090 aiio
1189 1045 1254 1089 cor·

64 1159 146 1216 pore
166 1144 205 1202 ad
225 1139 431 1220 quiescendum
452 1138 675 1217 determinetur;
696 1155 726 1202 et
747 1158 855 1217 corpur
873 1139 1024 1218 quiescens
1040 1139 1151 1202 tamdiu
1168 1139 1256 1201 etiam

65 1253 241 1330 quiescere.
266 1256 362 1316 donec
390 1255 425 1315 ab
456 1253 513 1315 alio
535 1255 571 1316 ad
592 1268 705 1316 motum
727 1253 945 1316 determinetur.
985 1254 1077 1337 Quod
1098 1252 1185 1314 etiam
1204 1271 1257 1330 per

65 1363 100 1425 se
122 1381 230 1427 notum
250 1366 301 1427 est.
339 1367 414 1428 Nam
437 1383 503 1428 cum
525 1364 679 1443 suppono,
707 1381 816 1442 corpur
837 1384 884 1427 ex.
904 1383 946 1445 gr.
967 1365 997 1427 A
1017 1364 1180 1444 quiescere,
1201 1383 1254 1426 nec

64 1480 106 1538 ad
136 1477 194 1538 alia
221 1495 345 1554 corpori
371 1492 451 1538 mota
479 1480 620 1552 attendo,
649 1475 721 1538 nihil
748 1478 785 1539 de
815 1465 939 1554 corpore
959 1476 989 1538 A
1009 1475 1105 1538 dicere
1132 1491 1256 1553 potero,

64 1587 121 1650 nist
144 1591 229 1666 quod
249 1588 387 1666 quiescat.
409 1590 500 1671 Quod
521 1589 542 1650 ss
563 1589 664 1666 postea
685 1589 856 1668 contingat,
876 1604 911 1652 ut
931 1589 1256 1666 corpurAmoveatur,

64 1699 98 1760 id
131 1699 201 1760 sane
232 1699 349 1762 evenire
381 1718 441 1761 non
473 1700 573 1778 potuit
606 1719 643 1762 ex
674 1719 730 1776 eo,
756 1704 838 1778 quod
858 1699 1044 1778 quiescebat;
1064 1719 1101 1762 er
1121 1717 1159 1761 eo
1179 1697 1256 1761 enim

64 1813 110 1872 nil
142 1811 224 1873 aliud
253 1809 335 1890 sequi
365 1827 498 1889 poterut,
530 1831 616 1890 quam
647 1827 682 1875 ut
715 1831 823 1889 corpus
844 1814 873 1874 A
894 1811 1063 1890 quiesceret.
1103 1811 1134 1874 Si
1154 1827 1256 1873 contra

67 1925 259 2001 supponatur
278 1925 307 1987 A
328 1923 458 2001 moveri,
478 1923 713 2002 quotiescunque
734 1928 772 1987 ad
792 1926 821 1988 A
842 1941 956 1986 tantum
973 1925 1166 2002 attendimus,
1184 1924 1257 1987 nihil

71 2041 109 2098 de
132 2039 238 2098 eodem
261 2035 398 2098 offirmare
419 2035 594 2113 poterimus,
622 2035 674 2097 nifi
695 2040 778 2115 quod
798 2053 962 2101 moveatur.
1001 2038 1093 2121 Quod
1113 2037 1135 2098 si
1155 2037 1255 2114 postea

70 2147 248 2228 contingat,
266 2164 300 2209 ut
316 2148 344 2208 A
363 2147 510 2226 quiescat,
527 2147 558 2210 id
575 2147 642 2210 sane
660 2149 777 2212 evenire
795 2149 882 2212 etiam
899 2167 960 2211 non
980 2149 1082 2226 potuit
1101 2169 1138 2210 ex
1158 2163 1256 2225 motu,

72 2275 163 2336 quem
184 2259 330 2336 habebat3
352 2274 389 2320 ex
414 2273 498 2321 motu
519 2260 596 2321 enim
618 2259 689 2321 nihil
710 2259 791 2323 aliud
811 2259 892 2339 sequi
912 2275 1045 2338 poterat,
1066 2277 1152 2337 quam
1172 2275 1207 2321 ut
1227 2260 1256 2320 A

71 2385 258 2432 moveretur:
280 2370 427 2453 contingit
447 2371 630 2450 itaqueare,
652 2391 717 2451 quae
739 2387 882 2434 nouerat
902 2371 932 2433 in
952 2373 995 2449 A,
1015 2390 1119 2450 nempe
1137 2390 1153 2433 a
1170 2369 1255 2432 causa

70 2499 213 2561 externa,
233 2504 251 2546 a
271 2502 329 2562 qua
349 2488 387 2547 ad
407 2484 613 2562 quiescendum
635 2486 856 2549 determinatum
876 2484 944 2549 suit

502 2630 660 2692 AXIO
681 2631 716 2692 M
737 2632 766 2691 A
805 2631 829 2693 Ι.

111 2744 224 2805 Omnes
252 2741 349 2819 modi,
375 2742 484 2821 quibua
504 2760 612 2820 corpus
633 2742 755 2823 aliquod
774 2746 812 2805 ab
833 2742 893 2805 alio
913 2740 1038 2804 afficitur
1057 2758 1197 2819 corpore,
1218 2758 1256 2802 ex

71 2872 177 2919 natura
198 2856 332 2933 corporis
352 2856 447 2917 affecti
468 2871 499 2917 et
518 2855 600 2917 fimul
619 2875 656 2918 ex
677 2871 780 2919 natura
801 2855 934 2933 corporis
956 2854 1110 2918 afficientis
1129 2854 1255 2932 sequun-

73 2986 139 3045 tur;
161 2968 204 3029 ita
225 2982 260 3029 ut
280 2985 370 3029 unum
390 2968 527 3045 idemque
549 2986 657 3046 corpus
678 2967 870 3031 diversimode
891 2983 1045 3033 moveatur
1064 2986 1118 3044 pro
1138 2965 1255 3029 diversi·

72 3098 133 3143 tate
161 3095 275 3143 nature
302 3098 458 3159 corporum
486 3080 686 3157 moventium,
714 3094 745 3141 et
765 3095 868 3141 contra
889 3096 924 3142 ut
943 3078 1054 3143 diversa
1075 3096 1199 3155 corpora
1219 3080 1255 3140 ab

72 3213 132 3255 uno
154 3195 319 3271 eodemque
341 3210 465 3270 corpore
486 3192 678 3256 diversimode
699 3207 883 3255 moveantur.

497 3334 837 3397 Ax10MA11.

109 3452 189 3513 Cum
221 3468 328 3529 corpur
358 3466 469 3513 motum
501 3448 583 3510 alteri
613 3445 796 3526 quiescenti,
835 3449 916 3524 quod
952 3445 1100 3510 dimovere
1131 3446 1267 3525 nequit,

531 3558 681 3640 impingit,
701 3558 881 3635 reflectitur,
900 3574 936 3621 ut
955 3560 1066 3622 moveri
1086 3573 1204 3638 pergat,
1224 3574 1256 3619 et

531 3668 652 3745 angulus
671 3664 756 3726 linea·
775 3664 873 3725 morde
890 3665 1064 3728 rededionis
1082 3683 1148 3726 cum
1165 3666 1255 3743 plano

398 3695 461 3831 f
529 3769 662 3848 corporis
683 3767 862 3847 quiescentis
869 3815 879 3846 ,
907 3771 955 3833 cui
976 3769 1114 3852 impegit,
1135 3771 1255 3848 equalis

96 3664 128 3739 *Nx

155 3801 223 3965 Ns„
530 3876 585 3937 erit
605 3877 730 3957 angulo,
760 3894 847 3953 quem
872 3877 948 3940 linea
967 3880 1066 3940 motus
1087 3875 1253 3940 incidentiae

137 3966 222 4074 [Γ
444 3969 952 4058 Vfflmmm

111 4320 215 4395 Atque
236 4318 299 4379 hac
319 4318 356 4379 de
376 4318 549 4395 corporibus
570 4318 797 4399 simplicisiimir,
820 4338 887 4398 quae
906 4319 1017 4383 scilicet
1036 4320 1099 4384 solo
1120 4338 1205 4385 motu
1224 4339 1255 4386 et
