2934 4900
366 340 421 401 De
462 340 693 403 Libertate
734 340 929 401 Humana.
1184 341 1245 415 267

52 518 297 594 experimurque,
327 534 384 577 nos
415 530 541 577 aeremos
572 514 638 575 effe.
679 517 755 575 Nam
785 515 874 575 Mens
901 532 962 575 non
990 513 1087 575 minus
1113 514 1243 576 resilias

52 628 162 701 sentit,
193 646 267 704 quas
299 627 490 706 intelligendo
522 626 672 703 concipit,
703 644 790 702 quam
823 644 898 702 quas
928 625 958 687 in
986 626 1124 687 memoria
1144 626 1243 687 habet.

53 740 170 800 Mentis
190 740 266 801 enirn
288 738 384 814 oculi,
406 738 515 816 quibus
536 756 582 800 res
603 738 687 801 videt
709 738 922 815 observatque,
944 737 1010 800 sunt
1031 738 1100 814 ipsae
1122 741 1242 800 demon-

54 853 220 915 stmtiones.
261 852 403 935 Quamvis
431 852 531 931 itaque
557 870 617 913 non
638 854 833 927 recordemur,
853 869 908 912 nos
930 866 998 912 unte
1019 850 1137 927 Corpus
1156 852 1243 912 exsti·

54 964 133 1039 tiiie,
158 964 295 1026 sentimus
315 981 429 1041 tamen,
451 966 583 1025 Mentem
602 963 744 1039 nostram,
766 978 912 1041 quatenus
934 962 1075 1041 Corporis
1096 962 1242 1025 essentiam

55 1076 105 1135 sub
136 1075 308 1137 aetemitatis
337 1076 433 1153 specie
461 1076 607 1151 involvit,
636 1090 772 1137 aeternam
795 1073 867 1149 effe,
887 1090 918 1135 et
938 1075 1013 1135 hanc
1033 1074 1098 1152 ejus
1118 1074 1243 1137 existen-

54 1188 123 1247 tiam
157 1202 289 1264 tempore
320 1187 453 1264 definiri,
483 1187 543 1250 five
575 1205 627 1264 per
657 1185 842 1249 durationem
869 1185 1028 1263 explicari,
1058 1206 1119 1247 non
1151 1186 1242 1263 posse.

55 1300 144 1359 Mens
160 1298 250 1379 igitur
267 1300 363 1360 nostra
381 1315 504 1361 eatenus
523 1314 638 1362 tantum
648 1298 747 1377 potest
757 1298 816 1361 dici
828 1301 945 1375 durare,
956 1298 1077 1376 eiusque
1087 1298 1244 1361 existentia

56 1427 137 1473 certo
159 1428 292 1489 tempore
314 1412 426 1474 definiri
447 1412 560 1491 potest,
579 1428 725 1489 quatenus
744 1410 884 1474 actualem
902 1409 1045 1487 Corporis
1061 1409 1242 1471 existentiam

55 1522 204 1599 involvit3
226 1538 256 1583 et
277 1538 399 1584 eatenus
420 1538 535 1585 tantum
557 1521 722 1599 potentiam
743 1522 833 1583 habet
854 1540 948 1584 rerum
968 1520 1148 1583 existentiam
1168 1535 1242 1581 tem-

56 1654 125 1711 pore
148 1634 377 1713 determinnndi,
398 1635 504 1713 easque
527 1634 579 1697 sub
601 1634 758 1697 duratione
779 1634 977 1712 concipiendi.

414 1808 743 1870 PROPOSITIO
776 1808 886 1870 XXIV.

100 1922 159 1998 Quo
179 1925 274 1997 magis
300 1942 348 1982 res
379 1922 529 1997 angulares
548 1923 754 1999 intelligimus,
772 1942 802 1981 eo
822 1924 917 1996 tnagis
935 1923 1029 1982 Deum
1048 1919 1244 1993 intelligimus.

453 2083 839 2129 nrmousrnnrro

97 2192 180 2252 patet
202 2197 240 2239 ex
261 2176 372 2240 Coroll.
394 2180 483 2253 Prop.
505 2190 553 2253 25.
574 2198 603 2255 p.
629 2196 654 2239 r.

424 2338 749 2399 PROPOSITIO
780 2337 876 2397 XXV.

95 2453 224 2512 Summus
242 2453 354 2512 Mentis
374 2466 491 2512 conatus
511 2453 681 2529 summoque
708 2455 809 2510 virtus
829 2451 885 2528 est,
909 2469 956 2508 res
975 2449 1136 2523 intelligere
1156 2451 1242 2506 tertio

59 2567 225 2638 cognitionis
243 2581 356 2640 genere.

455 2691 854 2736 nemonsrnnrro

95 2785 231 2846 Tertium
252 2785 435 2864 cognitionis
455 2805 547 2865 genus
579 2763 714 2863 procedii
737 2788 773 2848 ab
795 2788 947 2862 adaequata
968 2784 1034 2846 idea
1054 2786 1244 2860 quorumdam

60 2895 111 2954 Dei
142 2895 353 2986 attributorum
386 2899 422 2958 nd
453 2899 635 2974 adaequatam
667 2897 868 2976 cognitionem
901 2894 1029 2957 effenriae
1049 2913 1142 2956 rerum
1165 2894 1245 2973 (vicie

62 3005 144 3082 hujus
163 3008 247 3087 defin.
268 3012 300 3068 in
320 3027 349 3069 2.
371 3007 462 3069 Sclroi.
483 3010 572 3088 Prop.
594 3028 643 3088 40.
661 3022 692 3088 p.
715 3010 759 3087 2.)
766 3029 776 3085 3
805 3022 836 3069 et
864 3025 925 3084 quo
953 3006 1044 3086 magis
1070 3008 1128 3067 hoc
1152 3008 1243 3066 modo

63 3133 104 3176 res
132 3117 339 3197 intelligimus,
367 3138 403 3179 eo
432 3120 523 3199 magis
545 3120 616 3199 (per
637 3122 727 3200 Prop.
744 3120 850 3200 pree.)
871 3121 966 3180 Deum
987 3117 1190 3197 intelligimus3
1211 3135 1245 3176 ac

64 3229 181 3302 proinde
214 3229 285 3309 (per
306 3233 394 3310 Prop.
415 3234 463 3292 28.
480 3245 512 3311 p.
534 3233 577 3311 4.)
609 3231 714 3294 summa
747 3231 860 3293 Mentis
890 3231 1001 3306 virtus,
1026 3232 1085 3292 hoc
1112 3231 1152 3291 est
1174 3229 1245 3309 (per

65 3341 152 3420 Defin.
171 3342 199 3402 8.
217 3356 248 3422 p.
270 3345 313 3422 4.)
336 3343 448 3404 Mentis
470 3343 608 3420 potentia
629 3343 679 3405 seu
700 3358 820 3420 natura,
841 3343 900 3406 slve
921 3344 992 3423 (per
1011 3344 1101 3422 Prop.
1113 3358 1140 3418 7.
1160 3355 1189 3421 p.
1201 3342 1244 3421 3.)

66 3451 185 3516 summus
196 3472 338 3532 conatus,
357 3455 414 3532 est,
425 3473 471 3517 res
488 3455 649 3536 intelligere
668 3456 758 3517 tertio
776 3455 957 3534 cognitionis
974 3473 1087 3534 genere.
1111 3454 1145 3531 Q.
1156 3455 1193 3515 E.
1202 3456 1244 3515 D.

419 3624 745 3686 PROPOSITIO
780 3623 890 3684 XXVI.

103 3739 160 3814 Quo
182 3739 271 3798 Mens
290 3741 390 3817 aptior
410 3737 448 3815 est
467 3739 510 3798 ad
527 3757 574 3796 res
594 3741 681 3798 tertio
701 3741 870 3813 cognitionis
887 3755 992 3813 genere
1016 3737 1246 3813 intelligendum,

68 3851 203 3924 esnagia
223 3853 318 3926 cupit,
339 3867 386 3909 rer
407 3849 496 3908 eodem
517 3847 567 3908 lroc
587 3853 756 3924 cognitionis
774 3867 879 3924 genere
898 3850 1067 3924 intelligere.

462 4010 848 4055 nnmonsrnnrro

103 4121 193 4180 pater.
236 4106 311 4165 Nam
334 4121 480 4181 quatenus
501 4105 697 4181 concipimus,
718 4107 851 4166 Mentem
872 4123 968 4183 aptam
990 4104 1045 4166 effe
1066 4108 1103 4166 ad
1122 4124 1168 4166 res
1187 4106 1245 4166 hoc

71 4215 244 4294 cognitionis
265 4235 370 4296 genere
391 4217 629 4296 intelligendum,
650 4235 772 4279 eatenus
793 4221 913 4280 eandem
935 4219 1154 4281 determinatam
1175 4239 1246 4280 con-

71 4327 186 4402 cipimus
208 4331 244 4390 ad
266 4347 312 4389 res
332 4331 436 4390 eodem
457 4328 638 4410 cognitionis
658 4347 762 4410 genere
780 4330 1246 4414 intelligendttm3etconsequen·
