2934 4900
229 356 287 427 304
585 342 824 407 Tractatus
864 337 1052 407 Politici

224 525 309 583 sanem
331 540 444 598 tamen,
471 538 505 583 ut
530 521 588 599 jam
611 521 802 597 ostendimus,
825 536 855 581 ct
877 538 1016 597 praeterea
1038 520 1148 597 media,
1172 520 1282 597 quibus
1305 537 1424 581 unum·

227 638 366 713 quodque
388 635 551 697 conservari
573 638 695 711 debeat,
717 638 872 697 admodum
894 635 1006 697 diversa
1026 636 1147 697 habent.

267 748 293 827 ᾗ.
314 749 381 809 Vll.
422 748 540 830 Quibus
567 763 663 808 autent
692 749 794 809 mediis
823 748 978 825 Princeps,
999 748 1050 825 qui
1073 748 1132 808 sola
1154 746 1324 809 dominandi
1348 746 1423 805 libi-

225 860 293 921 dine
322 860 429 936 sertur,
458 860 501 920 uti
529 861 634 936 debet,
664 875 695 920 ut
725 859 876 935 imperium
896 860 1023 920 stabilite
1051 875 1081 920 et
1113 858 1286 921 conservare
1306 858 1421 933 pellit,

226 972 399 1033 acutissimus
421 972 634 1034 Maelriavellus
656 974 771 1048 prolixe
793 972 938 1048 ostendit;
960 992 1045 1049 quem
1068 989 1165 1033 autem
1187 972 1215 1031 in
1236 972 1322 1031 finem
1330 990 1422 1047 ,non

225 1084 295 1145 satis
323 1084 452 1145 constare
482 1083 609 1146 videtur.
650 1084 681 1145 Si
710 1103 796 1160 quem
827 1102 922 1146 tamen
951 1088 1062 1147 bonum
1091 1084 1211 1159 habuit,
1232 1100 1265 1144 ut
1287 1086 1323 1143 de
1349 1082 1421 1145 viro

224 1196 355 1272 sapiente
383 1197 559 1257 credendum
589 1196 647 1272 est,
676 1196 759 1257 soille
781 1195 916 1273 videtur,
938 1213 971 1258 nt
993 1197 1174 1273 ostenderet,
1196 1215 1281 1273 quam
1302 1190 1421 1271 impru-

224 1309 328 1368 denter
347 1306 429 1367 multi
451 1306 621 1385 Tyrannum
640 1324 655 1365 e
674 1305 770 1367 medio
790 1306 893 1366 tollere
914 1321 1075 1382 conantur,
1097 1325 1162 1366 cum
1184 1322 1281 1366 tamen
1302 1304 1420 1376 causae,

224 1438 274 1479 cur
295 1418 433 1495 Princeps
454 1418 488 1478 srt
509 1419 687 1497 Tyrannus,
709 1418 775 1477 tolli
798 1433 965 1495 nequeant,
988 1418 1036 1479 sed
1058 1434 1162 1479 contra
1183 1436 1220 1478 eo
1242 1416 1334 1495 magis
1357 1437 1421 1492 po-

223 1546 342 1605 nantur,
361 1549 421 1607 quo
439 1528 566 1605 Principi
585 1528 676 1607 major
694 1530 816 1592 timendi
835 1530 919 1593 causa
943 1533 1101 1606 praebetut:
1120 1532 1202 1606 quod
1223 1530 1269 1606 fit,
1290 1532 1418 1605 quando

224 1642 382 1704 multitudo
405 1644 537 1718 exempla
561 1642 590 1703 in
612 1643 775 1720 Principem
796 1644 907 1720 edidit,
936 1659 966 1704 et
988 1642 1162 1719 patricidio,
1183 1642 1262 1718 quast
1283 1660 1313 1701 re
1336 1644 1417 1701 bene

222 1755 316 1833 gella,
347 1756 496 1834 gloriatur.
538 1755 678 1816 Praeterea
701 1756 853 1817 ostendere
875 1756 970 1816 forsan
1005 1755 1120 1830 voluit,
1151 1768 1294 1831 quantum
1319 1752 1416 1812 libera

223 1867 382 1929 multitudo
412 1886 515 1929 cavete
545 1870 652 1945 debet,
673 1887 709 1928 ne
731 1869 851 1929 salutem
874 1868 951 1929 suam
974 1867 1025 1928 uni
1047 1866 1180 1928 absolute
1202 1868 1319 1941 credat,
1343 1865 1415 1941 qui,

222 1977 273 2038 nist
297 1997 390 2041 uanus
412 1980 460 2055 stt,
479 1996 508 2041 et
528 1980 662 2041 omnibns
681 1980 709 2041 se
727 1980 808 2057 posse
826 1982 940 2055 placere
959 1979 1117 2055 existimet,
1135 1978 1271 2055 quotidie
1293 1976 1415 2038 infidias

221 2090 321 2151 timere
351 2094 457 2168 debet,
486 2109 574 2169 atque
603 2095 676 2153 adeo
704 2092 756 2152 fibi
784 2093 886 2170 potius
908 2112 1028 2169 cavere,
1050 2108 1080 2153 et
1101 2090 1283 2151 multitudini
1305 2106 1413 2149 contra

222 2200 347 2262 insidiati
379 2202 468 2281 magis
497 2222 582 2279 quam
611 2204 760 2264 consulere
789 2204 921 2282 cogitur;
943 2220 973 2265 et
994 2204 1109 2265 adhoc
1131 2207 1167 2264 de
1189 2201 1411 2279 prudentimmo

221 2313 274 2373 isto
300 2313 364 2375 vito
386 2316 560 2376 credendum
583 2316 673 2393 magis
694 2318 837 2391 adducor,
859 2317 927 2393 quia
950 2334 1002 2392 pro
1024 2317 1160 2376 libertate
1177 2312 1259 2375 fuisse
1277 2312 1411 2385 constat,

221 2426 255 2486 ad
280 2444 365 2502 quam
387 2425 475 2487 etiam
496 2430 635 2489 tuendam
658 2427 839 2490 saluberrima
861 2428 977 2490 coasilia
1000 2427 1092 2490 dedit.

677 2621 857 2684 CAPUT
898 2623 952 2684 vt.

260 2763 286 2843 §.
310 2765 332 2825 l.
373 2765 449 2847 Quia
481 2767 634 2845 homines,
663 2768 708 2829 uti
739 2767 882 2845 diximus,
902 2767 994 2846 magis
1022 2767 1139 2830 Alsestu
1166 2784 1252 2842 quam
1273 2765 1406 2826 Ratione

218 2877 382 2951 ducuntur,
416 2876 561 2954 sequitur,
594 2878 810 2939 multitudinem
842 2897 902 2939 non
933 2897 971 2938 ex
1002 2877 1140 2939 Rationis
1169 2877 1275 2951 dtaslu,
1295 2875 1346 2936 sed
1369 2895 1406 2936 es

217 2988 363 3048 communi
391 2988 488 3066 aliquo
521 2991 627 3052 affedlu
658 2991 829 3052 naturaliter
856 2991 1033 3066 convenire,
1062 3006 1091 3050 et
1112 3009 1170 3050 una
1192 2989 1287 3050 veluti
1307 3005 1406 3050 mente

217 3098 285 3158 duci
318 3100 410 3175 velle3
442 3119 545 3176 nempe
578 3102 625 3180 (ut
647 3103 717 3164 Art.
739 3122 768 3180 9.
793 3105 864 3182 Cap.
887 3122 914 3180 3.
936 3105 1076 3183 diximus)
1108 3105 1158 3164 vel
1188 3122 1225 3163 ex
1257 3103 1404 3164 communi

217 3211 282 3287 spe,
312 3213 360 3272 vel
388 3228 485 3288 metu,
515 3215 561 3275 vel
591 3214 732 3276 desiderio
762 3233 916 3275 commune
939 3215 1060 3292 aliquod
1081 3218 1217 3276 damatam
1237 3215 1406 3276 ulciscendi.

217 3321 291 3383 Cum
320 3340 417 3385 autem
447 3324 613 3386 solitudinis
643 3343 738 3387 metus
768 3326 905 3387 omnibus
933 3326 1103 3387 hominibus
1123 3327 1206 3403 insat,
1227 3327 1296 3403 quia
1317 3345 1405 3388 nemo

216 3435 244 3494 in
276 3434 432 3497 solitudine
461 3436 537 3497 vites
566 3437 672 3514 habet,
700 3453 733 3498 ut
763 3437 822 3498 sese
851 3439 1023 3514 defendere,
1045 3453 1075 3498 et
1096 3457 1162 3514 quae
1183 3441 1219 3499 ad
1240 3438 1332 3501 vitam
1355 3459 1404 3499 ne·

215 3545 328 3608 cellirria
364 3547 430 3609 suttt
470 3566 635 3624 comparare
673 3551 775 3625 polsrt,
808 3549 956 3626 sequitur,
986 3551 1092 3612 statum
1123 3549 1238 3612 civilem
1269 3549 1403 3610 homines

214 3673 316 3718 nattna
339 3675 491 3736 appetere,
513 3679 567 3720 nec
588 3659 649 3720 fieri
669 3660 764 3737 prosse,
783 3677 815 3721 ut
833 3661 967 3722 homines
989 3664 1111 3723 eundern
1133 3681 1261 3739 unquam
1282 3663 1402 3739 penitus

213 3768 379 3832 dissolvant.
505 3759 511 3776 ’

254 3879 281 3960 §.
303 3881 340 3941 ll.
381 3882 427 3942 Ex
455 3883 608 3945 discordiis
637 3884 726 3963 igitur
748 3901 778 3946 et
800 3884 1011 3962 seditionibus,
1032 3905 1097 3964 quae
1119 3887 1149 3948 in
1170 3888 1303 3950 Ciuitate
1323 3889 1398 3965 saepe

215 3992 417 4068 concitantur,
446 4011 592 4071 nunqnam
615 3998 663 4073 stt,
693 4011 726 4057 ut
749 3998 831 4058 cives
851 3997 1012 4060 Civitatem
1033 3997 1190 4062 dissolvant
1212 4000 1260 4078 (ut
1281 3999 1312 4060 in
1333 4000 1396 4061 reli-

214 4103 282 4179 quis
312 4103 503 4167 societatibus
533 4107 608 4184 saepe
641 4108 774 4188 evenit),
807 4109 855 4170 sed
887 4128 920 4170 ut
951 4111 1078 4187 ejusdem
1106 4114 1227 4174 sormam
1255 4113 1286 4174 in
1314 4114 1395 4174 aliam

214 4231 343 4291 mutent;
370 4215 390 4274 st
420 4217 551 4279 nimitum
584 4220 794 4282 contentiones
822 4221 914 4283 sedari
943 4241 1093 4300 nequeunt
1121 4225 1233 4287 servata
1257 4225 1395 4290 Civitatis

213 4326 297 4388 sacie.
338 4329 435 4408 Quare
462 4329 573 4407 media,
601 4351 667 4407 quae
697 4336 732 4395 ad
762 4333 912 4410 imperium
934 4337 1166 4401 conservandum
1186 4339 1295 4417 requiri
1318 4341 1392 4417 dixi,
