2934 4900
325 337 819 416 Theologico-Politici
852 334 925 414 Cap.
948 339 1031 399 VIII.
1215 341 1275 419 485

84 515 183 591 vixit,
211 513 350 591 scriptum
378 512 470 576 fuisse.
500 514 558 576 Sed
585 512 741 590 fiplacet‚
767 516 953 576 attendamus
973 513 1091 592 insuper
1111 518 1148 578 ad
1168 516 1276 594 libros,

84 645 165 704 quoa
185 625 254 704 ipse
266 626 368 687 Moses
388 625 517 703 scripsit,
538 639 568 686 et
589 625 641 703 qui
662 625 692 686 in
713 625 917 688 Pentateucho
938 627 1082 704 citantur3
1103 647 1142 690 ex
1161 626 1277 705 iiaipss

84 739 163 802 enim
191 737 353 814 constabit,
383 755 435 799 eoa
463 737 536 798 alioa
561 755 648 814 quam
676 738 899 800 Pentateuchon
927 737 1019 801 strise.
1058 739 1154 802 Primo
1174 740 1276 818 itaque

83 851 201 914 constat
229 869 266 911 ex
293 849 391 911 Exod.
420 827 484 925 cap.
516 864 561 924 17.
583 848 625 911 vs.
650 864 712 928 14„
744 849 852 910 Mosen
873 869 911 911 ex
932 849 990 912 Dei
1010 854 1147 914 mandato
1167 853 1275 914 bellurn

84 979 191 1024 contra
222 963 364 1024 Hamalelt
395 958 549 1038 scripfilse;
581 960 611 1021 in
632 979 694 1038 quo
716 976 814 1023 autem
835 960 927 1038 libro,
948 980 1010 1025 non
1030 963 1144 1026 constat
1166 983 1204 1025 ex
1225 964 1276 1026 illo

83 1074 152 1152 ipso
179 1073 294 1150 capite,
322 1087 352 1133 at
379 1073 500 1135 Numer.
526 1089 591 1148 cap.
611 1087 660 1132 21.
680 1071 722 1133 vs.
747 1087 793 1132 12.
821 1073 932 1135 citatur
956 1073 1074 1150 quidam
1100 1075 1193 1152 liber,
1223 1075 1276 1153 qui

83 1187 222 1247 bellorum
251 1187 310 1246 Dei
339 1187 519 1260 vocabatur,
550 1199 581 1247 et
608 1183 639 1244 in
665 1183 724 1245 hoc
751 1184 810 1245 fine
838 1185 930 1247 dubio
958 1187 1066 1248 bellurn
1092 1188 1151 1249 hoc
1171 1202 1277 1250 contra

83 1297 249 1373 Hamalelt,
282 1311 312 1357 et
344 1311 483 1372 praeterea
516 1295 603 1356 etiam
635 1293 902 1358 castrametationes
934 1315 1036 1360 omnes
1069 1299 1157 1377 (quas
1187 1297 1276 1360 etiam

84 1407 194 1468 author
223 1403 418 1466 Pentateuchi
438 1405 558 1466 Numer.
580 1421 645 1481 cap.
667 1421 715 1482 33.
739 1405 783 1468 vs.
804 1423 833 1468 a.
853 1407 977 1468 testatur
996 1427 1014 1468 a
1034 1409 1120 1470 Mose
1146 1408 1276 1486 descrip-

85 1533 133 1578 tas
154 1513 253 1595 soille)
282 1517 481 1578 narrabantur.
519 1513 642 1576 Constat
672 1531 812 1592 praeterea
833 1520 870 1580 de
891 1517 949 1581 alio
971 1519 1001 1580 in
1023 1520 1121 1582 Exod.
1142 1538 1206 1596 cap.
1227 1538 1277 1600 24

84 1628 130 1693 vs.
160 1647 197 1708 4,
221 1643 266 1705 7.,
286 1628 338 1706 qui
369 1629 533 1690 vocabatur
573 1642 681 1702 nl'lnn
714 1645 787 1703 boo
813 1632 823 1670 ¹
854 1630 929 1690 liber
952 1631 1050 1710 padi,
1070 1651 1158 1710 quem
1179 1649 1276 1694 coram

83 1742 223 1805 lsraclitis
248 1743 337 1822 legit,
365 1745 484 1820 quando
506 1742 716 1820 primumcum
738 1745 806 1806 Deo
826 1747 943 1822 padum
964 1744 1120 1809 iniverant.
1163 1748 1205 1809 At
1226 1745 1275 1808 liic

83 1857 161 1917 liber
187 1854 247 1919 live
274 1856 337 1916 haec
364 1855 485 1932 epistola
512 1875 607 1932 pauca
634 1857 791 1919 admodum
818 1857 1009 1934 continebam
1031 1857 1173 1920 videlicet
1192 1859 1273 1939 leges

84 1969 148 2033 slve
177 1967 234 2030 Dei
253 1967 345 2046 jussa,
366 1986 432 2045 quae
453 1983 606 2030 nanantur
625 1987 663 2030 ex
683 1967 757 2032 vers.
778 1987 828 2030 aa.
849 1987 914 2045 cap.
934 1987 983 2030 ao.
1003 1969 1101 2032 Exod.
1127 1969 1219 2047 usque
1240 1973 1277 2032 ad

87 2099 155 2158 cap.
187 2099 235 2160 24.
267 2079 395 2156 ejusdem
426 2079 510 2156 libri,
540 2082 623 2156 quod
653 2097 741 2141 nemo
773 2078 884 2140 Inficiau
912 2078 985 2157 ibit,
1013 2077 1065 2156 qui
1086 2079 1156 2142 sano
1176 2079 1277 2157 aliquo

81 2191 202 2272 judicio
234 2207 266 2252 et
291 2191 351 2253 fine
383 2191 508 2268 partium
539 2190 636 2254 studio
667 2191 837 2268 praedietum
868 2206 959 2267 caput
988 2191 1100 2270 legerit.
1136 2193 1278 2254 Narratur

87 2303 166 2366 enlm
198 2304 256 2380 ibi,
288 2305 386 2382 quod,
416 2303 497 2364 fimul
527 2321 560 2364 ac
592 2302 692 2366 Moses
723 2301 898 2365 sententiam
929 2303 1033 2380 populi
1063 2303 1211 2366 intellexit
1240 2306 1278 2366 de

86 2419 219 2481 ineundo
248 2435 313 2481 cum
344 2418 411 2479 Deo
444 2419 549 2493 pado,
579 2415 674 2479 statim
704 2415 762 2479 Dei
794 2414 912 2493 eloquia
943 2430 975 2478 et
1001 2415 1068 2495 jura
1099 2415 1227 2495 scripsit,
1247 2431 1279 2479 ct

86 2530 234 2593 matutina
264 2531 347 2606 luce,
378 2528 551 2606 quibusdam
580 2528 762 2591 caeremoniia
793 2527 916 2604 petallis
923 2574 934 2605 ,
964 2528 1107 2592 universae
1138 2529 1278 2591 concioni

89 2642 167 2720 pasti
188 2641 309 2705 ineundi
335 2640 524 2702 conditiones
544 2640 692 2721 praelegit3
714 2640 824 2717 quibua
843 2640 986 2717 praelectis
1002 2655 1032 2701 ct
1050 2641 1109 2702 sine
1126 2640 1220 2703 dubio
1242 2643 1278 2701 ab

88 2752 225 2818 universa
263 2754 349 2829 plebe
387 2750 552 2829 perceptis,
590 2752 720 2829 populus
759 2751 789 2812 se
820 2752 909 2828 pleno
940 2750 1085 2814 consensu
1116 2751 1278 2813 adstrInxit.

88 2868 188 2948 Quare
218 2878 276 2924 tam
309 2882 346 2924 ex
377 2862 518 2940 temporis
549 2863 712 2939 brevitate,
744 2880 805 2939 quo
837 2861 1001 2938 descriptus
1029 2862 1106 2938 suit,
1133 2880 1220 2939 quam
1241 2881 1279 2923 ex

87 2976 204 3039 ratione
225 2974 302 3053 pasti
331 2974 452 3036 Ineundi
463 3020 472 3051 ,
491 2973 639 3052 sequitur,
667 2974 746 3036 hunc
765 2973 870 3035 librum
890 2972 965 3034 nillil
984 2989 1092 3049 praeter
1110 2992 1204 3051 pauca
1225 2991 1278 3051 ea,

89 3106 156 3166 quae
177 3090 266 3149 modo
288 3086 367 3163 dixi,
387 3084 572 3149 continuisse.
592 3086 716 3149 Constat
738 3085 883 3163 denique,
903 3102 982 3147 anno
1004 3085 1220 3167 quadragesimo
1241 3091 1279 3149 ab

89 3200 174 3261 exitu
204 3198 330 3277 AEgypti
361 3198 467 3259 Mosen
498 3199 576 3277 leges
607 3214 726 3273 omnes,
757 3214 831 3274 quas
862 3197 986 3273 tulerat,
1012 3196 1180 3274 explicuisse
1201 3198 1277 3277 (vid.

88 3314 215 3374 Deuter.
247 3329 311 3388 cap.
345 3326 370 3371 1.
401 3309 443 3372 vs.
476 3310 536 3389 5.),
564 3311 766 3387 populumque
797 3310 834 3370 de
866 3326 948 3373 novo
979 3308 1079 3371 iisdem
1108 3308 1277 3390 obIIgavisse

89 3424 175 3505 (vide
203 3424 324 3485 Deuter.
353 3441 417 3499 cap.
445 3440 494 3499 29.
521 3422 564 3485 vs.
597 3424 675 3502 14),
704 3436 736 3483 et
756 3423 874 3483 tandem
900 3420 1024 3497 librum,
1054 3422 1107 3498 qui
1126 3422 1179 3483 lma
1197 3424 1277 3502 leges

89 3535 252 3612 explicatas
273 3552 443 3611 novumque
463 3534 523 3597 hoc
545 3535 660 3610 paetum
681 3532 873 3607 continebat,
894 3529 1029 3609 scripisse
1048 3532 1132 3611 (vide
1153 3535 1277 3595 Deuter.

89 3667 156 3724 cap.
185 3663 233 3724 31.
262 3646 335 3709 vers.
362 3647 424 3725 9.);
454 3662 486 3707 et
514 3646 563 3707 hic
594 3660 721 3709 vocatus
741 3643 783 3705 est
803 3644 877 3704 liber
897 3644 969 3720 legis
987 3644 1062 3721 Dei,
1081 3663 1168 3723 quem
1187 3644 1278 3727 Josua

89 3758 193 3838 polica
220 3757 321 3833 auxit,
349 3756 515 3819 narratione
542 3756 653 3819 scilicet
673 3757 767 3836 pasti,
786 3774 848 3834 quo
869 3755 923 3817 suo
945 3770 1076 3834 tempore
1096 3761 1227 3834 populus
1247 3758 1277 3820 se

90 3875 128 3934 de
156 3870 271 3949 integro
301 3868 462 3949 obligavit,
489 3871 630 3946 quodque
659 3888 724 3931 cum
753 3869 820 3930 Deo
848 3866 938 3929 tertio
966 3866 1055 3931 inivit
1075 3868 1158 3946 (vide
1178 3870 1276 3951 Josuae

89 4000 155 4059 cap.
166 3999 215 4061 24.
236 3979 279 4043 vs.
301 3992 357 4056 25,
378 3980 451 4059 πά).
473 3980 533 4057 At,
554 3979 694 4057 quoniam
714 3981 826 4041 nullum
845 3980 986 4041 habemus
1005 3978 1126 4057 librum,
1146 3980 1198 4058 qui
1219 3980 1277 4042 hoc

89 4098 207 4174 pastum
228 4090 321 4154 Mofis
341 4092 422 4155 srmul
442 4106 473 4154 et
493 4092 608 4170 paslum
628 4092 725 4174 Josuae
747 4090 917 4169 contineat,
936 4088 1092 4153 necessario
1112 4095 1276 4154 conceden-

128 4344 138 4374 ⁸
175 4338 228 4397 NB.
261 4336 334 4395 Ἶῡῠ
362 4338 457 4407 sepher
475 4336 601 4389 llebraIce
618 4333 756 4412 llgnilimre
774 4334 863 4401 [epioe
878 4334 1009 4405 epistolam
1026 4334 1078 4391 sive
1094 4334 1213 4398 charum.
