2934 4900
193 260 256 323 424
675 240 915 301 Tractatus

193 420 223 479 in
253 418 313 479 lroc
343 418 454 479 summo
485 419 569 479 bono
599 415 671 477 nihil
702 416 851 493 repperit,
883 418 966 493 quod
997 418 1117 495 palpet,
1147 419 1307 493 comedat,
1349 432 1411 477 aut

193 530 321 608 denique
342 533 424 607 quod
445 548 576 606 carnem,
597 548 656 606 qua
677 527 801 591 maxime
822 530 998 605 delestatur,
1028 528 1152 604 afficiat,
1174 544 1282 605 utpote
1308 532 1411 607 quod

194 645 224 713 in
245 645 307 707 sola
334 643 535 721 speculatione
564 659 594 704 et
621 660 696 719 puta
723 658 820 703 mente
848 640 987 703 consistit.
1013 643 1057 703 At
1077 641 1115 717 ii,
1136 640 1187 717 qui
1208 656 1348 718 norunt,
1372 640 1410 701 se

194 756 266 819 nihss
292 757 442 820 intelledlu
468 771 500 817 et
526 756 592 817 sana
619 770 717 816 mente
746 753 929 830 praestantius
958 754 1081 829 habere,
1112 753 1174 815 lraec
1203 752 1262 815 sane
1290 753 1408 815 dubio

194 866 355 929 solidissima
382 867 569 947 judicabunt.
598 866 804 945 Explicuimus
835 865 953 943 itaque,
985 866 1015 927 in
1047 884 1108 943 quo
1142 864 1321 942 potissimum
1346 867 1410 925 lex

194 977 294 1042 divina
322 978 467 1055 consistit,
491 995 523 1041 et
551 998 684 1057 quanam
711 978 768 1039 lint
794 979 874 1057 leges
893 977 1044 1053 humanae;
1065 994 1170 1053 nempe
1190 994 1292 1039 omnes
1317 976 1410 1053 illae,

195 1110 260 1169 quae
291 1091 378 1153 alium
410 1092 530 1169 scopum
561 1092 728 1168 collimant;
759 1091 811 1152 nist
843 1110 882 1153 ex
913 1090 1094 1154 revelatione
1116 1090 1233 1153 sancitae
1256 1092 1409 1167 fuerint,

194 1220 260 1263 nam
290 1203 344 1264 hac
375 1204 462 1265 etiam
494 1204 726 1266 consideratione
758 1222 804 1265 res
836 1204 872 1264 ad
904 1204 999 1266 Deum
1032 1204 1197 1265 reseruntur
1225 1203 1273 1281 (ut
1301 1203 1408 1280 supra
1452 1258 1453 1277 ,

195 1314 405 1396 ostendimus),
433 1330 463 1377 et
491 1316 550 1378 hoc
576 1316 661 1379 sensu
684 1318 734 1377 lex
755 1314 848 1377 Molis
854 1360 864 1391 ,
886 1316 1021 1393 quamvis
1043 1334 1104 1379 non
1127 1314 1316 1391 universalis,
1341 1318 1406 1379 sed

194 1429 319 1493 manime
349 1432 386 1492 ad
416 1430 564 1509 ingenium
596 1444 627 1491 et
665 1428 836 1508 singularem
878 1427 1132 1507 conservationem
1163 1428 1250 1489 unius
1281 1429 1405 1505 populi

194 1544 415 1605 accommodata
436 1541 541 1619 suerit,
562 1541 663 1605 vocari
682 1557 780 1602 tamen
802 1540 901 1618 potest
924 1542 989 1601 Lex
1010 1540 1084 1615 Dei,
1105 1539 1165 1603 srve
1182 1541 1248 1603 Lex
1268 1540 1404 1617 divina;

195 1651 433 1729 quandoquidem
455 1650 617 1727 credimus,
637 1668 701 1711 eam
721 1648 830 1711 lumine
855 1648 1034 1727 prophetico
1056 1649 1195 1711 sancitam
1217 1650 1312 1713 fuisse.
1355 1652 1398 1713 Si

191 1763 251 1842 jam
279 1765 316 1825 ad
344 1777 476 1825 naturam
503 1762 575 1842 legis
602 1760 710 1824 divinae
740 1762 896 1839 naturalis,
925 1778 959 1824 ut
981 1780 1042 1822 eam
1064 1764 1154 1824 modo
1175 1761 1402 1839 explicuimus,
1452 1828 1453 1853 χ

195 1878 396 1953 attendamus,
416 1874 598 1952 videbimus,
617 1875 641 1935 1.
663 1892 725 1935 eam
747 1874 802 1937 else
824 1874 1030 1953 universalem,
1052 1874 1111 1939 sive
1134 1874 1270 1936 omnibus
1290 1874 1400 1935 lromi-
1452 1874 1453 1927 l

195 1987 282 2051 nibus
304 2005 504 2063 communem;
526 2005 589 2047 eam
611 1986 687 2048 enim
698 2004 737 2047 ex
747 1986 903 2049 universali
925 1987 1049 2047 humana
1071 2000 1174 2049 natura
1195 1985 1398 2063 deduximus;

194 2101 233 2160 11.
250 2118 313 2159 eam
331 2117 391 2160 non
411 2098 527 2177 exigere
545 2100 631 2160 fidem
648 2097 848 2175 historiarum,
867 2098 1051 2175 quacunque
1069 2101 1185 2161 demum
1202 2117 1244 2161 eae
1262 2098 1399 2177 fuerint;

195 2230 261 2271 nam
288 2209 529 2288 quandoquidem
557 2210 620 2272 haec
640 2211 705 2271 Lex
727 2210 829 2283 divina
851 2211 991 2277 naturalis
1013 2230 1050 2272 en
1071 2212 1132 2273 sola
1154 2210 1396 2274 consideratione

194 2324 327 2383 humanae
359 2337 470 2384 natutae
502 2322 698 2403 intelligatur,
730 2338 842 2385 certum
872 2324 929 2400 est,
959 2342 1014 2385 nos
1042 2342 1104 2385 eam
1126 2341 1209 2401 aeque
1230 2322 1393 2399 concipere

195 2432 275 2512 posse
306 2434 337 2496 in
368 2435 504 2512 Adamo,
531 2454 564 2496 ac
593 2433 652 2496 alio
680 2454 862 2514 quocunque
882 2435 1018 2513 homine;
1039 2455 1122 2513 aeque
1144 2434 1174 2497 in
1195 2435 1311 2498 homine
1333 2436 1394 2513 qui

195 2549 273 2610 inter
300 2547 434 2611 homines
462 2548 558 2626 vivit,
579 2568 612 2611 ac
633 2549 664 2610 in
685 2549 821 2627 homine,
849 2549 900 2626 qui
922 2549 1077 2611 solitariam
1099 2549 1191 2612 vitam
1212 2549 1281 2629 agit.
1319 2551 1392 2611 Nec

195 2661 268 2722 fides
287 2660 486 2740 historiarum,
507 2661 698 2739 quantumvis
719 2677 816 2738 certa,
837 2661 893 2722 Dei
916 2661 1132 2741 cognitionem,
1153 2676 1184 2722 et
1205 2662 1389 2738 consequen-

196 2788 242 2835 ter
271 2793 326 2836 nec
357 2774 445 2836 etiam
477 2774 534 2835 Dei
565 2793 691 2836 amorem
719 2773 808 2835 nobis
837 2776 905 2836 dare
933 2774 1047 2850 potest;
1075 2791 1155 2836 amor
1176 2774 1251 2836 enim
1272 2773 1327 2834 Dei
1347 2778 1388 2836 ab

196 2883 259 2961 ejus
277 2882 449 2964 cognitione
468 2883 575 2960 oritur;
593 2883 658 2961 ejus
676 2899 774 2944 autem
793 2881 927 2962 cognitio
943 2901 980 2942 ex
991 2883 1196 2945 communibus
1213 2883 1387 2946 notionibus

196 2997 302 3072 perse
331 2995 418 3057 certis
456 3010 487 3056 et
514 2995 595 3058 notis
621 2995 729 3057 hauriri
760 2997 867 3072 debet;
896 3013 984 3072 quare
1012 2997 1099 3074 longe
1128 2997 1222 3070 abest,
1252 3011 1284 3060 ut
1312 2999 1385 3060 sides

196 3109 377 3192 historiarum
399 3107 568 3184 requisitum
584 3107 618 3170 sit
633 3107 839 3185 necessarium,
860 3124 893 3171 ut
915 3112 952 3171 ad
974 3109 1114 3171 summurn
1132 3109 1259 3172 nostrum
1276 3113 1382 3172 bonum

197 3222 410 3297 perveniamus.
451 3223 611 3297 Attamen,
638 3221 772 3298 quamvis
801 3223 873 3284 fides
901 3221 1084 3284 historiarum
1108 3221 1166 3284 Dei
1187 3222 1381 3302 cognitionem

197 3350 227 3394 et
248 3349 374 3393 amorem
397 3331 484 3393 nobis
505 3334 574 3394 dare
595 3348 742 3409 nequeat,
763 3351 859 3396 earum
882 3349 978 3396 tamen
996 3334 1168 3412 leiiionem,
1186 3335 1298 3398 ratione
1315 3338 1379 3399 vitae

197 3444 311 3521 civilis,
337 3444 491 3521 perutilem
520 3443 594 3520 eise,
621 3463 682 3505 non
710 3465 868 3526 negamus;
891 3466 951 3524 quo
973 3447 1049 3508 enim
1071 3447 1221 3510 hominum
1242 3467 1380 3511 morerer

197 3558 403 3634 conditiones,
435 3577 501 3635 quae
533 3577 570 3618 ex
602 3559 681 3620 nulla
713 3577 744 3620 re
775 3559 878 3620 melius
910 3578 997 3636 quam
1030 3579 1067 3621 ex
1096 3578 1197 3622 corum
1225 3561 1379 3624 stelionibus

197 3671 278 3734 nosci
306 3670 444 3748 possunt,
471 3669 723 3734 observaverimus
752 3685 782 3730 et
811 3671 913 3732 melius
942 3671 1130 3747 noverimus,
1154 3691 1192 3734 eo
1213 3673 1290 3734 inter
1307 3673 1379 3750 ipsos

198 3783 314 3844 cautius
344 3782 462 3858 vivete,
489 3781 658 3859 nostrasque
687 3782 819 3844 actiones
847 3799 876 3843 et
902 3783 994 3846 vitam
1017 3801 1117 3845 eorum
1138 3783 1276 3864 ingenio,
1295 3804 1377 3862 quan·

197 3907 259 3953 rum
281 3892 373 3954 Ratio
396 3894 470 3968 fert,
491 3893 594 3954 melius
617 3896 837 3956 accommodare
859 3895 1029 3970 poterimus.
1061 3896 1204 3958 Videmus
1225 3898 1277 3958 111.
1284 3942 1294 3974 ,
1311 3898 1377 3960 hane

196 4004 289 4082 legem
310 4003 439 4066 divinam
461 4006 621 4066 naturalem
642 4025 703 4067 non
726 4005 844 4085 exigere
865 4007 1069 4084 ceremonias,
1090 4008 1148 4068 hoc
1177 4007 1218 4069 est
1242 4009 1376 4088 uiliores,

198 4135 263 4194 quac
292 4116 322 4176 in
351 4116 378 4177 se
407 4116 608 4178 indifferentes
636 4118 720 4193 sunt,
750 4135 780 4180 et
809 4119 872 4180 solo
894 4118 1029 4182 instituto
1051 4123 1136 4182 bonae
1158 4136 1318 4196 vocantur,
1335 4125 1375 4184 vel

198 4245 264 4306 quae
296 4227 416 4305 aliquod
447 4232 559 4291 bonum
590 4233 627 4292 ad
658 4230 779 4294 salutem
811 4230 996 4293 necessarium
1028 4232 1253 4310 repraesentant,
1282 4235 1373 4310 vel,sr
