2934 4900
318 333 812 415 Theologico-Politici
852 332 927 410 Cap.
947 334 1014 394 XV.
1207 344 1268 411 549

71 517 197 578 mentale
226 517 331 594 dogma
360 532 421 576 non
449 512 530 590 polle
559 511 684 573 Lumine
711 512 847 574 Naturali
878 512 1062 592 investigari,
1091 513 1141 575 vel
1168 512 1269 573 saltem

72 628 215 690 neminem
247 626 347 704 fuille,
379 626 430 703 qui
461 624 554 702 ipsum
586 623 846 700 demonstraverit,
877 639 908 686 et
939 624 1008 687 ideo
1040 624 1267 687 Revelationem

3 738 4 743 ’
73 740 196 801 maxime
223 737 406 801 necellariam
435 736 536 813 luille;
566 752 597 797 at
629 736 818 798 nihilominus
839 755 895 798 nos
912 736 1028 813 judicio
1050 736 1094 799 uti
1114 735 1213 814 polle,
1234 751 1269 798 ut

72 852 103 913 id
121 850 181 927 jam
202 853 364 915 revelatum
385 848 486 911 morali
507 848 606 910 saltem
627 847 807 911 certitudine
828 850 1041 925 amplectamur.
1067 848 1145 909 Dico
1166 848 1268 909 morali

3 1026 5 1055 Ξ
74 963 268 1039 certitudine3
296 982 362 1023 nam
390 980 451 1023 non
481 962 522 1022 est
550 963 633 1039 quod
654 960 834 1037 spedemus,
854 980 911 1022 nos
933 965 969 1023 de
990 980 1027 1023 eo
1050 962 1191 1022 certiores
1212 959 1268 1022 elle

3 1070 5 1083 ³
74 1075 155 1154 polle
178 1094 264 1155 quam
286 1075 366 1152 ipsos
388 1076 567 1152 Prophetas,
589 1072 697 1152 qulbus
718 1074 812 1150 primo
832 1075 994 1137 revelatum
1016 1074 1088 1152 fnit,
1099 1089 1130 1135 et
1141 1091 1267 1152 quorum

74 1205 170 1251 tamen
203 1188 352 1250 certitudo
385 1208 445 1250 non
477 1187 529 1249 nist
562 1186 679 1248 moralis
707 1185 782 1263 fult,
811 1202 845 1248 ut
862 1185 922 1264 jam
943 1186 1122 1249 ostendimus
1142 1187 1217 1261 Cap.
1238 1204 1268 1245 a.

74 1303 162 1380 hujus
190 1304 355 1364 Tractatus.
397 1300 422 1361 Ii
444 1300 533 1379 igitur
553 1314 621 1361 tota
650 1315 747 1360 errant
767 1299 834 1375 via,
855 1300 907 1375 qui
928 1299 1084 1375 Scripturas
1106 1298 1267 1359 authorita-

74 1429 133 1475 tem
156 1412 368 1475 mathematicis
391 1410 687 1474 demonstrationibus
710 1410 862 1473 ostendere
883 1427 1039 1474 conantur.
1059 1414 1137 1472 Nam
1156 1410 1268 1471 Biblio-

73 1546 136 1588 rum
165 1526 330 1588 authoritas
359 1527 394 1585 ab
425 1524 608 1585 authoritate
629 1523 841 1600 Prophetarum
863 1526 1028 1601 dependet;
1050 1527 1186 1601 adeoque
1206 1523 1268 1599 ipsa

74 1640 161 1702 nullis
192 1638 366 1701 fortioribus
399 1637 577 1717 argumentis
610 1636 798 1699 demonstrari
830 1637 948 1715 potest,
978 1656 1065 1714 quam
1085 1637 1139 1713 iis,
1159 1636 1268 1713 quibus

74 1750 230 1827 Prophetae
262 1751 330 1812 olim
364 1749 443 1811 suam
475 1748 589 1825 populo
621 1749 795 1825 persuadere
825 1748 976 1824 solebant;
1008 1748 1067 1807 imo
1100 1747 1180 1807 nullo
1208 1746 1267 1806 alio

75 1866 267 1925 fundamento
289 1864 385 1924 nostra
403 1865 440 1925 de
460 1864 560 1924 eadem
582 1862 730 1924 certitudo
753 1863 869 1923 hundari
890 1862 1004 1938 potest,
1025 1879 1112 1938 quam
1133 1879 1186 1937 eo,
1206 1879 1267 1935 quo

75 1975 229 2051 Prophetae
252 1975 330 2037 suam
352 1972 558 2035 certitudinem
580 1988 611 2034 et
632 1972 842 2035 authoritatem
863 1975 1037 2035 fundabant.
1077 1974 1152 2033 Naro
1173 1987 1267 2033 totam

75 2088 287 2164 Prophetarum
309 2087 515 2151 certitudinem
536 2086 581 2148 his
603 2086 697 2149 tribus
719 2087 872 2149 confistere
893 2087 1091 2163 ostendimus,
1119 2104 1224 2162 nempe
1243 2088 1266 2148 Ι.

77 2198 210 2262 distinda
232 2216 262 2261 et
283 2199 385 2263 vivida
406 2200 632 2280 imaginatione,
652 2201 689 2261 Π.
710 2199 810 2280 srgno,
830 2201 883 2261 111.
904 2201 1033 2277 denique
1051 2215 1082 2260 et
1100 2199 1267 2276 praecipuo,

75 2310 174 2374 animo
196 2312 233 2372 ad
253 2331 368 2389 aequum
390 2328 421 2374 et
441 2317 553 2375 bonum
574 2312 733 2390 inclinato;
761 2332 816 2375 nec
837 2313 904 2375 ullis
924 2311 989 2374 aliis
1010 2312 1177 2374 rationibus
1199 2313 1266 2373 fun·

77 2426 240 2502 ‹labantur3
269 2426 403 2504 adeoque
431 2445 527 2505 neque
556 2426 643 2489 etiam
671 2428 803 2505 populo,
832 2426 880 2488 cui
909 2427 978 2488 olim
1007 2426 1078 2489 viva
1098 2444 1192 2503 voce,
1212 2443 1267 2486 nec

74 2537 182 2614 nobis,
210 2539 318 2616 quibus
346 2540 455 2616 scripto
481 2541 654 2618 loquuntur,
675 2540 743 2603 ullis
765 2541 828 2601 aliis
850 2539 1016 2602 rationibus
1035 2539 1115 2600 suam
1135 2539 1267 2601 authori·

73 2665 166 2712 tatem
199 2651 391 2714 demonstrare
424 2667 574 2728 poterunt.
615 2654 660 2713 At
689 2653 829 2730 primum,
858 2655 940 2730 quod
968 2652 1080 2713 scilicet
1100 2670 1145 2713 res
1165 2651 1267 2716 vivide

73 2763 322 2842 imaginabantur,
349 2765 506 2841 Prophetis
528 2780 643 2826 tantum
665 2766 795 2827 constare
817 2781 953 2842 poterat3
974 2783 1063 2842 quare
1084 2781 1150 2826 tota
1170 2765 1267 2826 nostra

74 2877 110 2935 de
132 2873 312 2937 revelatione
342 2875 491 2938 certitudo
513 2877 543 2938 in
565 2876 684 2954 reliquis
707 2879 826 2939 duobus
847 2892 978 2954 tanturn,
998 2895 1103 2953 nempe
1124 2877 1214 2956 Signo
1236 2893 1267 2938 et

72 2984 227 3062 Doctrina,
246 2986 361 3048 fundari
380 2989 477 3062 potest
495 3004 525 3048 et
544 2989 643 3049 debet.
664 2989 756 3070 Quod
774 2988 892 3065 quidem
912 2988 1014 3050 Moses
1032 2989 1120 3049 etiam
1138 2989 1266 3064 exprelle

72 3101 172 3160 docet.
213 3101 289 3160 Nam
310 3101 432 3162 Denter.
452 3119 516 3176 cap.
541 3101 586 3162 18.
605 3100 692 3177 jubet
713 3101 857 3176 populum
880 3097 999 3161 obedire
1019 3100 1194 3176 Prophetae,
1214 3099 1265 3176 qui

72 3209 190 3271 nomine
220 3209 277 3272 Dei
309 3229 411 3273 verum
442 3212 552 3292 fignum
584 3213 683 3288 dedit;
712 3212 763 3273 sed
786 3211 807 3272 sr
828 3211 901 3272 falso
924 3211 1052 3289 aliquid,
1073 3211 1125 3273 eth
1146 3213 1264 3273 nornine

70 3325 146 3401 Dei,
167 3325 354 3404 predixerit,
382 3326 486 3388 mortis
514 3343 611 3388 tamen
641 3327 767 3388 eundem
795 3328 946 3402 damnare,
968 3341 1003 3386 ut
1023 3341 1054 3388 et
1074 3325 1161 3386 etiarn
1182 3345 1266 3403 eum,

72 3436 124 3515 qui
145 3437 287 3514 populum
310 3457 326 3498 a
348 3457 416 3502 vera
437 3438 578 3518 religione
601 3440 737 3500 seducere
759 3438 905 3514 voluerit,
925 3437 1038 3499 tametli
1058 3436 1137 3499 suam
1158 3438 1264 3498 autho-

3 3591 5 3606 .
70 3549 187 3610 ritatem
214 3547 301 3627 signis
322 3565 352 3610 et
373 3551 521 3627 portentis
551 3550 766 3614 confirmaverit
796 3549 869 3628 (qua
890 3551 978 3611 dere
999 3548 1178 3612 videDeut.
1200 3568 1264 3625 cap.

3 4307 5 4374 l

74 3663 146 3740 13.).
176 3663 267 3723 Unde
289 3662 437 3740 sequitur,
464 3683 565 3727 verum
588 3664 765 3740 Prophetanr
786 3683 803 3724 a
824 3663 897 3725 falso
920 3662 1052 3742 dignosci
1074 3680 1112 3722 ex
1133 3662 1265 3724 dodrina

71 3789 100 3834 et
123 3772 263 3834 miraculo
286 3773 384 3852 limul;
405 3776 491 3838 talem
513 3775 588 3837 enim
609 3776 711 3837 Moses
731 3794 834 3838 verum
857 3775 912 3836 elle
934 3777 1078 3852 declarat,
1096 3775 1182 3853 eique
1200 3775 1263 3836 abs-

71 3905 128 3963 que
157 3887 217 3948 ullo
246 3887 357 3950 fraudis
386 3889 491 3950 timore
520 3891 636 3950 credere
661 3888 766 3965 J'ubet3
795 3903 885 3966 atque
913 3907 966 3949 eos
986 3887 1075 3948 falsos
1095 3887 1151 3948 elle
1172 3888 1215 3948 ait
1234 3904 1264 3948 et

70 4017 136 4060 reos
168 3997 289 4075 mortis,
321 4000 373 4076 qui
405 4000 494 4077 falso,
527 3999 578 4061 etsr
607 3999 726 4061 nomine
753 3999 827 4078 Dei,
859 3999 970 4077 aliquid
990 3999 1195 4077 praedixerint,
1215 4001 1264 4064 vel

70 4111 121 4188 qui
144 4109 233 4172 falsos
254 4112 353 4187 Deos,
375 4111 426 4173 etsr
447 4131 517 4175 vera
538 4112 675 4174 miracula
696 4111 844 4191 fecilsent,
873 4116 1049 4176 docuerunt.
1088 4115 1187 4194 Quare
1208 4131 1263 4174 nos

69 4223 157 4283 etiam
184 4222 238 4283 hac
267 4237 382 4286 tantum
410 4227 446 4287 de
476 4225 562 4286 caula
582 4224 757 4301 Scriptura,
777 4225 835 4287 hoc
857 4226 899 4287 est
919 4224 988 4301 ipsrs
1008 4225 1180 4303 Prophetis,
1200 4243 1262 4287 cre-

68 4337 136 4403 dere
157 4349 310 4416 tenemur,
341 4335 473 4400 nrmirum
503 4353 625 4420 propter
647 4336 808 4408 doctrinam
828 4335 915 4419 srgnis
937 4337 1145 4411 confirmatam.
1185 4339 1261 4410 Nara
