2934 4900
516 827 1114 936 ETHICES

631 1138 751 1206 onos
786 1138 993 1222 roone,

786 1427 835 1475 D!

479 1681 740 1754 ORIGINE
784 1683 864 1751 ET
904 1683 1150 1752 NATURA

384 1955 1244 2066 AFFECTUUM.

279 2404 403 2483 lerique,
424 2407 474 2481 qui
494 2403 527 2463 de
548 2399 706 2481 Affeilibus
726 2415 754 2461 et
775 2400 915 2462 leoninum
935 2401 1055 2462 uiuendi
1075 2404 1189 2462 ratione
1202 2401 1410 2481 sers'pJemnt,

221 2427 418 2576 poidentur
443 2536 497 2575 non
524 2516 558 2576 de
586 2515 670 2574 rebus
696 2515 898 2591 naturalibus,
926 2529 989 2591 qua
1013 2532 1166 2574 communes
1186 2515 1315 2574 Natura
1335 2513 1412 2589 leges

218 2629 393 2707 sequuntur,
418 2629 477 2706 sed
503 2630 537 2687 de
569 2628 670 2703 rebus,
702 2646 765 2705 qua
797 2640 885 2687 extra
916 2629 1066 2688 Naturam
1090 2628 1180 2705 sunt,
1211 2644 1309 2702 agere.
1350 2630 1411 2687 Irno

222 2740 358 2801 leominesn
383 2745 415 2799 in
443 2742 567 2801 Natura
592 2741 685 2800 ueluti
710 2743 861 2820 imperium
886 2744 919 2799 in
945 2743 1063 2819 irnperio
1089 2744 1234 2819 concipere
1259 2741 1411 2799 uidentur.

221 2856 302 2917 Nam
321 2851 458 2914 hominem
477 2854 607 2913 Natura
627 2855 754 2914 ordinem
774 2858 867 2929 magis
883 2853 1064 2934 perturbare
1083 2871 1169 2930 quam
1182 2851 1285 2930 sequi,
1299 2852 1410 2930 ipsum·

222 2969 327 3043 quein
341 2966 416 3042 suas
436 2964 558 3025 atliones
578 2965 739 3042 absolutam
759 2964 867 3026 nabere
882 2968 1057 3045 potentiam,
1078 2984 1127 3025 nec
1146 2965 1263 3024 aliunde
1283 2982 1371 3042 quarn
1391 2983 1412 3023 a

223 3078 340 3156 seipsts
360 3078 550 3135 determinari
569 3078 697 3138 credunt.
732 3078 873 3137 Humane
893 3078 993 3138 deinde
1012 3080 1184 3156 impotentia
1204 3090 1232 3135 et
1250 3076 1410 3153 inoonslan·

222 3191 272 3248 tia
299 3184 414 3262 causam
441 3206 496 3246 non
524 3192 660 3247 communi
685 3190 816 3249 Natura
841 3192 994 3267 potentia,
1014 3189 1074 3265 sed
1095 3185 1186 3263 nescio
1213 3191 1261 3247 sui
1293 3200 1412 3247 natura

222 3298 353 3359 humana
382 3302 455 3359 uitio
487 3299 637 3375 tribuant,
668 3319 754 3378 quam
779 3313 938 3381 propterea
962 3301 1052 3376 flent,
1083 3302 1195 3376 rident,
1215 3312 1411 3374 contemnunt,

222 3411 285 3485 uel,
307 3412 383 3487 quod
396 3412 563 3490 plerumque
579 3411 633 3491 fit,
654 3412 851 3489 detestantem
871 3426 899 3471 et
919 3416 971 3489 qui
990 3410 1121 3471 hamana
1142 3411 1255 3471 Mentis
1273 3414 1411 3489 impoten-

223 3526 295 3583 tiam
321 3524 494 3599 eloquentius
521 3525 570 3583 uel
594 3527 732 3599 argutius
760 3536 880 3603 carpere
906 3527 1004 3599 nouit,
1024 3524 1117 3583 ueluti
1136 3526 1255 3583 diuinus
1274 3520 1411 3583 liabetur.

223 3636 291 3696 Non
311 3632 465 3711 defuerunt
485 3648 578 3694 tamen
598 3638 663 3694 uiri
677 3635 902 3716 prestantsltimi
922 3634 1058 3712 (qaorum
1083 3636 1180 3695 labori
1206 3649 1235 3694 et
1260 3635 1412 3712 industrie

222 3766 272 3807 nos
299 3748 416 3806 multum
443 3746 543 3807 debere
563 3745 728 3824 fatennsr),
757 3752 808 3825 qui
833 3750 868 3842 de
896 3748 974 3808 seila
993 3748 1114 3808 uiuendi
1133 3750 1246 3808 ratione
1260 3748 1413 3826 preclara

221 3858 312 3917 multa
337 3857 533 3938 scripserint,
564 3872 592 3919 et
618 3861 706 3938 plena
731 3862 897 3938 prudentia
928 3860 1042 3938 confilia
1067 3860 1237 3921 mortalibus
1257 3862 1411 3935 dederint,-

221 3988 322 4031 uerom
349 3967 509 4047 Affetlunm
534 3984 672 4031 naturam
698 3984 726 4031 et
753 3975 854 4048 uires,
881 3986 910 4033 et
937 3974 1011 4049 quid
1025 3985 1126 4031 eontra
1147 3972 1235 4033 Mens
1255 3976 1287 4031 in
1306 3973 1410 4049 issdem

222 4083 402 4142 moderandis
427 4082 536 4162 poffit,
567 4101 663 4162 nemo,
694 4085 771 4161 quod
791 4086 906 4163 sciam,
936 4088 1150 4145 determinavit.
1190 4085 1252 4146 Scio
1282 4088 1410 4162 equidem

222 4194 432 4255 celeberrimam
455 4195 628 4273 Cartefiam,
648 4197 713 4256 lieet
733 4199 820 4256 etiarn
840 4197 1013 4273 crediderit,
1033 4197 1161 4258 Mentem
1180 4200 1213 4256 in
1226 4197 1303 4273 suas
1321 4196 1410 4255 adio-

224 4326 274 4367 nes
292 4306 452 4384 absolutam
478 4305 585 4368 habere
606 4312 780 4387 potentiam,
806 4305 935 4387 Affeiins
954 4322 1048 4369 tamen
1068 4306 1204 4369 dumanas
1220 4319 1278 4388 per
1292 4310 1410 4387 primas
