2934 4900
214 280 274 350 574
687 265 927 331 Tractatus

212 446 332 524 reliquae
363 447 456 507 tribue
485 444 578 522 ipsum
609 461 671 506 non
691 460 831 522 tanquam
852 444 1000 510 subditum
1017 443 1168 521 iudicare,
1189 443 1239 506 sed
1261 459 1405 522 tanquam

211 559 339 635 hostem,
369 559 421 636 qui
451 559 535 622 fidem
567 559 737 620 contradus
757 557 902 634 solverat,
922 557 1060 620 invadere
1082 558 1240 620 debebant.
1263 557 1403 640 Quorum

210 673 345 749 exempla
363 671 394 732 in
415 670 563 747 Scriptura
582 670 732 730 habemus.
758 669 883 731 Mortuo
905 669 981 730 enim
1001 667 1091 749 Josua
1112 667 1164 730 filii
1185 669 1319 746 Israelis,
1341 689 1402 730 non

211 786 338 846 summus
374 801 473 847 notua
509 785 686 860 Imperator,
716 783 813 846 Deum
843 781 1070 860 consuluerunt;
1102 782 1253 844 intelledto
1284 801 1402 858 autem,

212 899 296 975 quod
324 897 420 960 tribus
448 899 533 977 Judae
563 895 693 958 omnium
724 896 816 973 prima
847 895 958 958 hostem
988 895 1070 958 suum
1091 895 1231 959 invadere
1254 896 1402 972 debebat,

212 1007 273 1085 ipsa
293 1007 357 1070 solo
378 1025 443 1069 cum
465 1006 600 1070 simeone
621 1005 788 1084 contrahit,
805 1021 842 1068 ut
859 1005 968 1084 junsiia
989 1007 1101 1070 viribus
1122 1007 1275 1084 utriusque
1286 1007 1401 1068 hostem

211 1121 402 1196 invaderent3
422 1120 453 1181 in
474 1139 534 1196 quo
555 1120 708 1181 contrado
727 1118 846 1197 reliqua
867 1119 961 1182 tribua
978 1120 1402 1198 nonsueruntcomprelrensae

211 1234 296 1312 (vide
325 1233 422 1315 Judit.
449 1251 513 1309 cap.
537 1249 563 1292 1.
584 1232 626 1295 vs.
650 1250 682 1308 r,
702 1250 740 1308 2,
762 1233 822 1311 3.),
844 1232 894 1294 scd
914 1251 1098 1310 unaquaque
1118 1232 1273 1308 separatim
1296 1233 1350 1312 (ut
1372 1235 1401 1293 in

212 1346 352 1423 predicto
383 1363 447 1422 cap.
477 1344 621 1422 narratur)
648 1345 756 1405 bellum
784 1359 887 1404 contra
909 1343 991 1406 suurn
1011 1345 1122 1405 hostem
1143 1345 1235 1424 gerit,
1257 1361 1289 1406 et
1312 1365 1399 1423 quem

212 1459 279 1519 vult
309 1457 340 1518 in
370 1456 513 1517 ditionem
543 1471 575 1516 et
594 1455 681 1517 fidem
701 1454 828 1531 accipit,
849 1455 900 1516 etfi
920 1455 951 1516 in
973 1457 1117 1518 mandatis
1136 1454 1224 1534 esset,
1245 1457 1321 1518 nulli
1343 1460 1401 1518 ulla

212 1570 289 1647 padi
308 1570 482 1631 conditione
501 1586 633 1645 parcere,
653 1568 703 1630 sed
724 1585 829 1630 omnes
847 1569 1187 1646 exterminare;propter
1197 1571 1281 1646 quod
1293 1589 1400 1646 pecca·

211 1699 274 1745 turn
301 1682 554 1759 reprehenduntur
581 1680 716 1758 quidem,
737 1701 752 1742 a
774 1681 888 1743 nemine
910 1697 1007 1743 autem
1027 1682 1058 1742 in
1074 1681 1218 1759 judicium
1238 1699 1400 1746 vocantur.

209 1797 276 1857 Nec
297 1811 359 1856 erat
379 1797 461 1872 quod
482 1807 637 1871 propterea
658 1794 733 1854 bella
754 1808 857 1855 contra
877 1793 1004 1858 invicem
1025 1812 1143 1858 movere
1164 1793 1349 1871 inciperent,
1371 1813 1400 1856 et

211 1913 299 1972 rebus
326 1909 446 1971 alteriue
474 1907 521 1968 alii
542 1905 572 1968 se
599 1905 807 1983 immiscerent;
828 1922 931 1968 contra
952 1906 1173 1985 Beniaminitas,
1194 1907 1246 1985 qui
1267 1909 1401 1986 reliquos

213 2023 412 2099 offenderant,
440 2037 470 2082 et
491 2020 572 2097 pacit
592 2019 743 2082 vinculum
762 2017 804 2080 ita
825 2018 987 2095 solverant,
1008 2034 1042 2081 ut
1063 2021 1159 2081 nullus
1181 2037 1218 2081 ex
1239 2021 1397 2082 confoede·

211 2132 283 2194 ratis
303 2133 402 2194 secure
423 2133 502 2209 apud
522 2130 603 2207 ipsos
622 2129 783 2207 hospitium
804 2130 910 2192 habere
931 2129 1043 2207 pollet,
1070 2131 1214 2193 hostiliter
1232 2131 1402 2208 invadunt,

211 2260 259 2320 et,
289 2261 334 2305 ter
353 2244 458 2322 proelio
479 2241 647 2318 commisso,
667 2244 784 2304 tandem
805 2242 950 2318 victores,
971 2261 1071 2306 omnes
1093 2260 1236 2306 nocentea
1258 2260 1290 2304 ct
1312 2245 1401 2306 inno-

211 2371 312 2416 center
329 2354 394 2432 jure
414 2355 484 2416 belli
504 2374 588 2433 aque
610 2355 775 2431 trucidant,
796 2357 877 2431 quod
898 2355 997 2432 postea
1018 2355 1079 2416 sera
1101 2354 1276 2432 poenitentia
1288 2357 1400 2417 lamen-

210 2467 266 2528 tati
286 2467 362 2530 sunt.

213 2592 217 2599 '
251 2580 307 2641 His
333 2579 490 2658 exemplis,
518 2598 585 2657 quae
613 2582 650 2641 de
676 2578 742 2657 jure
771 2579 997 2658 uniuscujusque
1026 2579 1120 2642 tribus
1140 2582 1230 2642 modo
1252 2580 1401 2655 diximus,

209 2693 296 2769 plane
323 2693 539 2754 confirmantur.
580 2693 624 2753 At
651 2691 749 2752 forsan
776 2692 881 2768 aliquis
901 2692 1034 2771 rogabit,
1055 2691 1187 2769 quisnam
1207 2692 1400 2755 successorem

209 2805 350 2883 principia
378 2803 518 2882 cujusque
547 2804 641 2866 tribua
669 2804 811 2883 eligebam
840 2824 939 2867 verum
968 2808 1004 2867 de
1031 2806 1086 2867 hac
1114 2823 1145 2865 re
1172 2804 1244 2866 nihil
1265 2807 1343 2867 certi
1364 2827 1400 2867 ex

210 2917 270 2994 ipsa
292 2917 440 2994 Scriptura
467 2916 580 2994 possum
601 2918 753 2996 colligere;
774 2918 833 2979 hoc
855 2934 951 2979 tamen
973 2918 1118 2994 conjicio,
1139 2920 1221 2994 quod
1228 2962 1238 2995 ,
1261 2924 1399 2995 quando

201 3030 329 3108 'quidem
356 3048 541 3107 unaqueque
568 3029 662 3092 tribus
689 3030 719 3091 in
741 3031 864 3092 familias
884 3046 946 3092 erat
966 3029 1075 3107 divisa,
1097 3048 1218 3107 quarum
1238 3032 1342 3107 capita
1364 3053 1399 3094 ex

210 3142 373 3203 senioribus
394 3141 509 3203 familia
529 3142 723 3221 eligebantur,
744 3162 781 3203 ex
802 3144 848 3205 his
870 3144 921 3221 qui
942 3142 1037 3205 senior
1058 3159 1137 3219 crat,
1163 3144 1232 3205 loco
1254 3145 1400 3224 principis

203 3252 270 3330 jure
291 3254 475 3316 succedebat.
495 3254 542 3315 Er
567 3254 738 3317 Senioribus
761 3256 837 3317 enirn
859 3255 959 3317 Moses
980 3254 1167 3334 septuaginta
1188 3256 1399 3333 coadjutores,

207 3366 347 3443 quicum
368 3366 431 3442 ipso
453 3365 616 3443 supremum
645 3367 803 3430 concilium
830 3369 1012 3443 formabant,
1033 3366 1137 3446 elegit;
1160 3368 1211 3445 qui
1232 3370 1300 3445 post
1322 3390 1398 3432 mor·

206 3494 265 3539 tem
295 3478 394 3559 Josuae
427 3478 540 3555 imperii
571 3480 848 3541 administrationem
879 3482 1062 3555 habuerunt,
1084 3482 1174 3541 Senes
1194 3480 1224 3541 in
1247 3482 1398 3558 Scriptura

208 3607 370 3674 vocantut3
390 3606 421 3652 et
449 3590 577 3669 denique
606 3595 685 3668 apud
716 3594 859 3653 Hebraeos
890 3591 962 3653 nihil
993 3591 1195 3670 frequentius,
1226 3612 1314 3670 quam
1349 3616 1400 3671 per

207 3705 298 3765 Senes
324 3702 441 3780 judices
472 3702 650 3782 intelligere,
679 3706 762 3781 qood
794 3702 930 3765 omnibus
960 3718 1064 3765 notum
1096 3704 1239 3768 existimo.
1279 3708 1341 3769 Sed
1362 3711 1398 3769 ad

207 3816 335 3879 nostnrm
371 3815 553 3894 propositum
589 3836 689 3893 parurn
724 3819 813 3879 refert
848 3818 906 3880 hoc
938 3834 1020 3879 cetto
1051 3818 1143 3895 scire;
1175 3818 1284 3880 sufficit
1314 3824 1397 3897 quod

208 3927 398 4002 ostenderim,
425 3928 569 3989 neminem
598 3930 665 4005 post
691 3944 815 3991 mortem
843 3931 935 3993 Mosrs
962 3930 1060 3993 omnia
1089 3930 1189 3993 summi
1211 3932 1397 4008 imperatoris

209 4037 305 4136 oll'gcia
325 4038 472 4100 habuisse:
494 4059 576 4117 narn,
598 4042 839 4119 quandoquidem
860 4043 956 4105 omnia
975 4063 1035 4107 non
1054 4046 1090 4105 ab
1108 4044 1197 4107 unius
1214 4044 1270 4109 viri
1276 4064 1396 4123 ,neque

208 4150 296 4211 unius
317 4152 450 4229 concilii,
471 4172 567 4229 neque
588 4156 693 4231 populi
713 4157 834 4216 decreto
855 4158 1039 4232 pendebant,
1061 4156 1110 4219 sed
1131 4159 1263 4234 quaedam
1283 4160 1320 4217 ab
1340 4178 1394 4219 una

206 4261 303 4338 tribu,
323 4263 376 4322 alia
398 4281 414 4322 a
436 4265 555 4341 reliquis
578 4266 682 4341 aequali
703 4266 855 4345 utriusque
872 4268 938 4344 jure
960 4268 1246 4347 administrabantur,
1262 4270 1394 4348 sequitur
