2934 4900
293 341 785 434 Theologico-iotitici
820 347 1011 434 cavari.
1194 363 1254 436 579

63 531 233 592 Secundum
253 529 404 607 imperium
425 528 523 608 (quod
540 529 624 606 primi
642 529 693 593 vix
711 531 812 591 umbra
829 530 906 609 fuit,
923 530 1074 608 postquam
1092 530 1253 594 Pontifices

58 641 113 718 jus
145 641 233 704 etiam
262 640 447 718 principatus
477 641 706 722 usupaverunt)
740 642 907 705 difficillime
934 644 1114 706 aRomanis
1146 644 1252 706 destrui

63 754 186 830 potuit:
208 755 291 831 quod
310 754 372 831 ipse
393 753 519 816 Tacitus
539 754 590 815 lib.
606 773 634 816 a.
656 755 792 818 Histoe*
813 755 858 817 his
880 757 1010 820 testatur:
1030 757 1253 834 Profligaverat

63 867 167 926 bellam
192 867 344 936 Iudaicam
365 866 575 946 Vespafianas,
601 871 809 946 oppugnatione
835 867 1094 946 Hierosolymorum
1122 871 1251 948 reliqua,

62 981 139 1039 eiuro
165 983 261 1055 magis
286 991 315 1039 et
337 980 430 1039 ardao
456 992 539 1058 opere
557 979 592 1038 ob
610 982 756 1055 ingenium
773 983 870 1056 gentis
890 995 918 1041 et
932 985 1130 1060 pervicaciam
1144 981 1251 1062 saper·

61 1092 205 1167 stitionis,
234 1109 320 1169 qaam
350 1092 426 1169 qaod
447 1092 529 1168 satis
557 1093 669 1151 vitiam
697 1089 806 1173 obseffls
832 1093 875 1153 od
900 1094 1065 1153 tolerandas
1084 1094 1252 1174 neceffitates

56 1203 227 1283 sapereffet.
266 1204 377 1264 Verum
408 1217 515 1280 praetet
545 1203 626 1277 hec,
657 1221 784 1280 quotum
816 1203 967 1266 estimatio
990 1224 1006 1266 a
1028 1205 1087 1266 sola
1109 1205 1251 1282 opinione

64 1316 193 1389 pendet,
213 1313 292 1376 aliud
312 1315 342 1374 in
362 1314 421 1375 hoc
442 1313 584 1391 imperio,
611 1315 693 1391 quod
714 1314 907 1377 solidiffimum
929 1315 986 1391 est,
1014 1315 1154 1394 lingtdare
1176 1316 1252 1395 fuit,

64 1444 128 1502 quo
155 1425 237 1490 cives
263 1425 386 1486 maxime
413 1425 531 1488 retineri
559 1428 743 1503 debuerunt,
764 1446 801 1488 ne
823 1429 860 1490 de
881 1427 1047 1490 defellione
1069 1429 1251 1508 cogitarent,

64 1554 98 1599 et
119 1557 156 1600 ne
176 1557 304 1615 unquam
331 1537 474 1600 deiiderio
503 1553 674 1601 tenerentur
692 1539 858 1602 deserendae
880 1541 998 1618 patriae;
1019 1540 1152 1603 nimirum
1173 1541 1251 1602 ratio

63 1649 220 1725 utilitatis,
240 1669 307 1729 quae
327 1649 457 1713 omnium
478 1649 667 1712 humanatum
686 1651 833 1712 actionum
852 1653 942 1714 robur
959 1667 989 1713 et
1007 1651 1069 1717 vita
1088 1651 1137 1714 est.
1149 1655 1250 1729 Atque

62 1763 146 1838 haec,
174 1761 309 1839 inquam,
340 1761 371 1822 in
401 1762 460 1824 hoc
490 1761 614 1838 imperio
644 1762 796 1842 ungulatis
827 1779 904 1826 erar:
936 1783 1001 1826 nam
1034 1766 1115 1830 cives
1146 1763 1251 1827 nullibi

64 1874 174 1951 maiore
198 1873 263 1952 jure
290 1877 370 1936 bona
397 1874 448 1936 sua
476 1875 676 1952 poffidebant,
701 1894 788 1953 quam
809 1877 897 1954 hujus
918 1877 1030 1954 imperii
1052 1877 1178 1955 subditi,
1199 1877 1250 1955 qui

64 2001 132 2049 cum
163 1986 294 2064 principe
325 1988 465 2063 aqualem
495 2001 608 2063 partem
639 2001 778 2050 terrarum
809 2002 840 2049 et
871 2006 1003 2068 agrorum
1034 1987 1199 2067 habebant,
1219 2002 1250 2048 et

65 2096 264 2174 unusquisque
286 2095 343 2158 suae
363 2095 455 2173 partis
476 2110 604 2157 eternus
624 2095 762 2158 dominus
783 2111 860 2174 erat;
882 2097 1056 2174 namliquis
1077 2111 1250 2175 paupertate

65 2210 186 2271 condus
214 2209 337 2271 fundum
363 2206 446 2269 suum
468 2209 516 2272 vel
544 2225 643 2287 agrum
664 2209 856 2286 vendiderat,
882 2212 1061 2274 adventante
1079 2207 1201 2288 jubilaeo
1223 2209 1250 2270 ei

64 2325 104 2383 de
124 2321 239 2401 integro
259 2319 370 2382 restitui
401 2321 545 2396 debebat;
573 2335 604 2380 et
625 2320 761 2382 adhunc
782 2323 901 2383 modum
922 2321 976 2383 alia
997 2321 1130 2384 instituta
1151 2337 1249 2400 erant,

64 2447 101 2496 ut
122 2452 208 2495 nemo
228 2452 245 2495 a
265 2432 333 2493 lixis
352 2431 411 2494 suis
431 2431 520 2493 bonis
540 2430 658 2493 odenati
680 2430 784 2509 pollet.
825 2433 940 2495 Deinde
968 2450 1125 2511 paupertas
1146 2433 1250 2497 nullibi

63 2546 248 2607 tolerabilior
267 2544 321 2607 elie
342 2558 476 2621 poterat,
505 2561 591 2620 quam
613 2542 665 2605 ubi
685 2542 812 2605 charitas
841 2562 906 2625 erga
928 2546 1109 2625 proximum,
1129 2547 1187 2608 hoc
1209 2546 1249 2607 est

64 2676 132 2737 erga
154 2658 326 2733 concivem,
346 2656 455 2719 summa
474 2655 587 2733 pietate
608 2654 667 2716 coli
688 2658 836 2735 debebat,
863 2672 898 2719 ut
917 2659 1013 2720 Deum
1033 2659 1116 2721 suum
1137 2662 1248 2737 Regem

64 2769 228 2847 propitium
253 2770 404 2829 baberent.
445 2766 572 2831 Civibus
599 2766 690 2846 igitur
716 2768 851 2829 Hebraeis
880 2786 939 2830 non
961 2768 1013 2830 nili
1034 2770 1064 2831 in
1085 2770 1134 2832 sua
1155 2770 1249 2847 patria

64 2882 140 2941 bene
161 2879 216 2941 elie
236 2892 465 2957 poterat,extra
486 2880 606 2941 eandem
628 2893 726 2941 autem
749 2881 884 2941 damnum
905 2880 1059 2943 maumam
1070 2894 1101 2941 et
1111 2882 1248 2943 dedecus.

62 2992 181 3053 Deinde
208 2993 245 3053 ad
273 2990 390 3053 eosdem
418 3007 479 3051 non
507 3004 622 3052 tantum
650 2990 681 3051 in
709 2990 807 3067 patn'o
835 2990 899 3053 solo
920 2990 1120 3067 retinendum,
1140 2990 1190 3053 sed
1210 2995 1248 3054 ad

63 3106 142 3167 bella
163 3104 250 3167 etiam
271 3103 370 3167 civilia
391 3102 561 3180 vitandum,
582 3118 613 3164 et
633 3102 734 3164 causas
755 3102 981 3165 contentionum
998 3104 1173 3181 tollendum,
1184 3104 1247 3164 bec

64 3216 196 3292 apprime
223 3215 449 3291 conducebant;
476 3233 580 3291 nempe
608 3216 691 3292 quod
712 3232 798 3276 neruo
820 3214 873 3276 suo
894 3213 1159 3292 equali,seas01i
1179 3216 1246 3277 Deo

63 3326 227 3401 serviebat,
250 3342 280 3389 et
302 3328 384 3404 quod
405 3324 530 3388 charitas
551 3342 582 3389 et
604 3344 685 3389 amor
704 3344 771 3407 erga
792 3326 946 3391 concivem
964 3325 1071 3388 summa
1089 3326 1247 3388 estimaba-

3 3473 8 3485 =
63 3454 115 3501 tur
140 3438 253 3515 pietas;
279 3438 333 3515 qui
361 3456 423 3499 non
450 3456 552 3515 parum
582 3440 741 3502 fovebatur
761 3438 907 3501 communi
929 3438 1017 3515 odio,
1039 3456 1100 3516 quo
1120 3435 1246 3514 reliquas

2 4471 6 4548 l

62 3549 219 3627 nationes,
239 3565 270 3611 et
290 3550 336 3611 hae
356 3568 410 3612 eos
430 3564 551 3626 contra,
570 3549 728 3613 habebant.
750 3551 892 3613 Preterea
913 3550 1041 3628 apprime
1062 3551 1247 3613 conducebat

62 3662 173 3724 summa
194 3662 374 3725 obedientie
394 3662 562 3740 disciplina,
592 3681 651 3740 qua
670 3665 888 3740 educabantur;
915 3664 998 3739 quod
1018 3660 1128 3723 scilicet
1149 3660 1247 3723 omnia

63 3794 102 3837 ex
123 3774 317 3837 determinato
344 3775 418 3855 legis
445 3774 615 3852 praescripto
643 3778 739 3837 facete
760 3776 924 3838 debebant:
945 3792 1006 3835 non
1027 3772 1103 3835 enim
1124 3773 1161 3834 ad
1180 3770 1245 3833 libi-

62 3906 127 3949 tutu
155 3905 233 3949 arare
259 3887 383 3965 licebat,
414 3887 464 3949 sed
491 3888 580 3949 certis
600 3887 784 3964 temporibus
805 3903 836 3948 et
857 3885 958 3963 annis,
979 3900 1010 3947 et
1030 3902 1091 3947 non
1112 3882 1164 3944 nili
1184 3901 1246 3945 uno

63 4000 217 4063 bestiarum
248 4017 353 4079 genere
384 3998 483 4076 stmul;
512 3999 552 4061 src
584 3999 672 4061 etiam
699 4016 760 4060 non
789 3997 841 4059 nid
870 4011 948 4059 certa
969 3995 1083 4057 ratione
1104 4010 1246 4073 certoque

63 4128 197 4189 tempore
218 4111 355 4173 seminate
377 4126 408 4173 et
428 4128 537 4173 metere
556 4111 680 4190 licebat,
696 4125 728 4173 et
746 4109 877 4172 absolute
895 4125 995 4171 eorum
1006 4107 1069 4171 vita
1086 4106 1246 4169 continuus

97 4364 111 4395 ⁸
145 4362 209 4429 ⁰⁸1¹·
224 4376 251 4427 a
