2934 4900
199 291 259 356 520
672 279 912 340 Tractatus

199 456 300 532 captui
322 455 363 516 ita
384 458 676 533 accommodandam,
703 471 738 517 ut
758 455 845 518 facile
865 457 902 516 ab
922 473 1107 533 unoquoque
1129 474 1166 516 ex
1187 456 1288 518 animo
1310 457 1390 517 acci-

200 584 334 646 peretut;
354 586 449 645 neque
471 568 558 630 etiam
578 570 681 630 eodem
702 567 875 646 indigebant
894 569 931 628 ad
949 567 1085 628 homines
1101 569 1138 630 de
1150 570 1251 630 eadem
1261 586 1390 630 monen-
1442 558 1443 577 ¹

200 686 272 758 dos3
293 697 381 758 atque
402 681 450 742 hic
478 681 544 743 linis
574 681 770 758 Epistolarum
790 679 848 754 cst,
868 679 1002 741 hominen
1024 679 1134 740 scilicet
1155 679 1259 743 cavia
1280 683 1392 742 docere
1443 688 1444 761 l

200 812 231 858 et
259 815 395 872 monere,
423 814 509 873 quam
538 793 737 872 unusquisque
763 793 976 870 Apostolorum
1004 790 1146 867 optimam
1170 792 1322 870 judicavit
1354 799 1391 854 ad
1443 782 1444 787 ¹

201 908 318 970 eosdem
338 909 368 968 in
387 907 543 987 Religione
564 908 787 969 confirmandos.
808 905 849 966 Et
869 905 918 967 hie
939 905 1102 966 notandum
1124 903 1172 980 id,
1192 907 1276 981 quod
1297 907 1391 982 paulo

201 1037 269 1083 ante
291 1020 434 1096 diximus,
455 1039 559 1097 nempe
581 1023 663 1098 quod
683 1016 821 1095 Apostoli
841 1036 902 1078 non
923 1032 1037 1079 tantum
1054 1015 1196 1079 virtutem
1214 1035 1393 1093 acceperant
1444 1036 1445 1051 ³

202 1137 239 1196 ad
259 1133 406 1194 historiam
427 1133 532 1194 Christi
553 1150 692 1210 tanquam
712 1132 868 1208 Prophetae
890 1129 1119 1207 praedicandam,
1136 1131 1257 1190 eandem
1278 1129 1394 1190 scilicet

201 1244 288 1324 signis
319 1246 535 1322 confirmando,
572 1244 622 1306 sed
658 1259 798 1321 praeterea
829 1243 917 1305 etiarn
958 1240 1168 1303 authoritatem
1199 1241 1329 1302 docendi
1362 1258 1394 1301 et

203 1355 341 1417 monendi
372 1374 406 1418 ea
438 1355 503 1434 via,
535 1375 621 1435 quam
653 1354 853 1432 unusquisque
883 1353 1025 1431 optimam
1046 1352 1102 1414 elie
1120 1350 1286 1428 judicaret;
1308 1355 1394 1430 quod

203 1483 360 1546 utrumque
381 1471 490 1530 donum
511 1469 618 1530 Paulus
639 1469 668 1529 in
688 1467 781 1544 Epist.
802 1469 838 1529 ad
858 1466 993 1528 Timoth.
1014 1484 1043 1527 2.
1064 1483 1129 1542 cap.
1153 1479 1179 1524 1.
1200 1464 1243 1528 vs.
1257 1479 1306 1525 11.
1316 1467 1394 1525 clare

202 1582 248 1642 his
275 1579 404 1657 indicat,
429 1585 461 1641 in
488 1601 542 1659 quo
568 1600 617 1658 ego
643 1583 808 1660 constitutus
830 1581 899 1658 sum
914 1593 1011 1660 praeeo
1030 1593 1058 1639 et
1078 1577 1228 1657 Apostolus
1248 1593 1277 1636 et
1296 1579 1396 1638 delier

201 1699 338 1770 gentium.
379 1694 419 1756 Et
439 1695 469 1755 in
495 1710 520 1756 1.
541 1697 579 1756 ad
599 1696 686 1756 eund.
709 1712 773 1770 cap.
795 1711 824 1754 2.
845 1692 888 1756 vs.
910 1707 955 1769 7.,
975 1692 1055 1768 cujus
1076 1690 1241 1769 constitutus
1254 1692 1326 1768 sum
1342 1709 1395 1766 ego

200 1817 295 1885 praeco
315 1820 343 1867 et
364 1804 512 1885 Apostolus
532 1807 702 1884 (veritatem
722 1807 783 1866 dico
798 1819 856 1885 per
878 1803 1040 1883 Chrrstvm,
1065 1823 1120 1863 non
1139 1803 1274 1880 mentior)
1296 1804 1396 1863 dodor

201 1922 330 1994 gentium
359 1937 421 1978 cunt
448 1919 506 1998 fide
535 1920 598 1981 NB.
629 1939 664 1980 ac
693 1923 829 1980 veritate.
861 1918 933 1995 His,
964 1917 1098 1994 inquam,
1130 1918 1205 1977 clare
1237 1931 1395 1993 utramque

205 2028 467 2106 approbationem,
488 2047 591 2113 nempe
611 2030 807 2106 Apostolatds
828 2045 859 2090 et
879 2028 1078 2105 Dostorattls,
1099 2026 1395 2104 indicat3atautho-

204 2141 320 2202 ritatem
341 2139 479 2202 monendi
500 2131 705 2219 quemcunque
725 2155 756 2201 et
777 2141 1016 2218 quandocunque
1037 2139 1167 2202 voluerit
1188 2139 1218 2199 in
1239 2138 1332 2216 Episb
1356 2143 1395 2201 ad

206 2251 325 2312 Philem.
358 2252 400 2316 vs.
433 2253 461 2314 8.
491 2251 538 2312 hie
568 2251 724 2330 significat,
753 2256 886 2329 quamvis
905 2252 1024 2312 multam
1042 2254 1074 2310 t'n
1096 2249 1210 2329 Christo
1229 2250 1397 2312 libertatem

205 2363 326 2424 habeant
349 2366 539 2444 praecipiendi
559 2365 615 2425 tibi
624 2409 634 2442 ,
659 2365 736 2442 quod
760 2367 905 2439 convenit,
926 2377 1036 2438 tamen,
1056 2377 1108 2423 etc.
1129 2362 1193 2426 Ubi
1213 2365 1396 2440 notandum,

206 2480 304 2555 quod,
336 2476 356 2538 sr
387 2496 438 2554 ea,
469 2496 534 2556 quae
566 2476 727 2538 Philemoni
759 2476 916 2553 praecipere
938 2479 1115 2553 oportebat,
1135 2477 1243 2538 Paulus
1263 2493 1299 2539 ut
1319 2480 1396 2539 Pro·

205 2588 295 2665 pheta
323 2606 339 2647 a
366 2589 433 2649 Deo
464 2602 633 2666 acceperat,
664 2601 695 2647 et
726 2601 864 2664 tanquam
894 2587 1043 2663 Propheta
1070 2587 1228 2664 praecipere
1249 2590 1397 2665 debebat,

205 2715 268 2762 tum
299 2702 432 2777 profesio
463 2699 516 2776 ipsr
548 2718 607 2761 non
640 2698 762 2761 licuisset
793 2699 849 2760 Dei
881 2714 1059 2777 praeceptum
1086 2700 1241 2776 inprecer
1271 2716 1396 2763 mutare.

206 2817 304 2896 Quare
334 2811 490 2875 necessario
522 2812 760 2891 intelligendum,
792 2830 858 2874 eum
887 2812 971 2889 loqui
1003 2815 1041 2873 de
1071 2812 1207 2873 libertate
1236 2815 1398 2889 monendi,

207 2944 273 3004 quae
294 2924 346 3002 ipsa
368 2939 507 3002 tanquam
528 2924 669 3000 Dosiori,
691 2939 721 2985 et
742 2941 803 2984 non
825 2938 963 3000 tanquam
984 2923 1141 2999 Propheta
1162 2939 1233 2985 erat.

246 3038 386 3098 Attamen
417 3039 548 3099 nondum
579 3036 647 3099 satis
680 3038 755 3099 clare
785 3035 933 3113 sequitur,
960 3034 1123 3112 apostolos
1149 3037 1227 3099 viam
1248 3039 1399 3113 docendi,

207 3166 293 3224 quam
314 3146 511 3225 unusquisque
540 3148 687 3210 meliorem
705 3147 878 3224 judicasset,
897 3149 1003 3227 eligere
1024 3147 1167 3225 potuisse,
1188 3148 1238 3210 sed
1257 3165 1399 3226 tantum,

207 3278 260 3321 eos
281 3278 318 3320 ea
340 3260 439 3321 officio
461 3261 655 3337 Apostolatus
675 3278 736 3322 non
757 3260 850 3323 solum
870 3261 1046 3337 Prophetas,
1066 3260 1225 3321 sedetiam
1245 3262 1397 3324 Dodiores

207 3371 307 3450 hrisse;
334 3372 386 3434 nisa
407 3372 566 3434 Rationem
586 3374 617 3435 in
637 3373 777 3436 auxilium
798 3391 905 3436 vocare
926 3373 1066 3449 velimus,
1086 3390 1153 3450 quae
1175 3373 1261 3448 plane
1281 3376 1397 3449 docet,

207 3504 290 3563 eum,
321 3487 373 3563 qui
404 3485 612 3547 authoritatem
643 3487 770 3547 docendi
801 3485 907 3559 habet,
937 3486 1044 3547 habete
1075 3485 1163 3546 etiam
1184 3485 1397 3549 authoritatem

207 3598 350 3677 eligendi,
381 3616 467 3675 quam
498 3598 588 3672 velit,
619 3598 706 3661 viam.
747 3600 805 3660 Sed
835 3596 925 3659 satius
956 3597 1027 3673 crit,
1057 3616 1117 3659 rem
1139 3615 1255 3659 omnem
1275 3617 1315 3659 ex
1335 3600 1397 3661 sola

207 3707 356 3785 Scriptura
386 3707 596 3784 demonstrare;
626 3726 664 3770 ex
696 3708 759 3784 ipsa
785 3709 862 3769 enim
890 3708 964 3769 clare
993 3709 1122 3786 constat,
1153 3728 1395 3788 unumquemque

207 3819 417 3894 Apostolorum
448 3820 617 3899 singularem
649 3820 726 3883 viam
757 3819 886 3900 elegisse,
917 3840 1020 3899 nempe
1047 3840 1085 3883 ex
1112 3823 1158 3884 hie
1185 3825 1284 3887 verbis
1312 3824 1394 3886 Pauli

207 3929 298 4005 Epist.
331 3932 368 3992 ad
398 3932 486 3993 Rom.
508 3950 572 4008 cap.
597 3944 642 4007 15.
674 3932 748 3995 vers.
769 3950 834 4009 oo,
858 3934 983 4010 sollicite
1009 3953 1133 4010 curans,
1152 3949 1187 3996 ur
1202 3940 1395 4015 predicarem

207 4059 263 4101 non
288 4042 340 4101 ubi
362 4046 525 4105 invocatum
552 4058 620 4105 erat
645 4062 743 4105 nomen
765 4043 892 4123 Christi,
911 4066 946 4105 ne
967 4046 1138 4125 aedificarem
1151 4049 1251 4126 supra
1271 4050 1394 4109 alienum

201 4151 430 4230 fundamentum.
471 4157 562 4231 Sane,
583 4154 604 4215 si
626 4174 727 4219 omnes
758 4159 879 4219 eandem
911 4159 1038 4220 docendi
1068 4160 1146 4220 viam
1177 4161 1344 4235 habebant,
1363 4178 1393 4221 et

208 4282 311 4325 omncs
331 4264 416 4342 supra
437 4267 513 4327 idem
533 4267 755 4331 fundamentum
772 4268 962 4331 Christianam
981 4261 1151 4348 religionem
1168 4272 1391 4347 aedisicavcranr,
