2934 4900
528 340 666 417 Caput
696 338 733 401 ll.
1163 358 1220 421 291

45 517 125 595 magis
156 518 285 581 Ratione
317 518 385 579 duci
417 535 446 578 et
479 518 629 593 appetitus
661 518 803 579 moderari
836 519 948 594 potest,
970 537 1030 579 aon
1053 518 1220 594 possumus,

45 628 89 689 nisi
117 632 273 691 admodum
303 629 481 705 improprie,
513 628 602 691 vitam
635 629 805 695 rationalem
836 647 943 693 vocare
977 629 1168 706 obsequium,
1188 647 1219 693 et

45 756 186 813 peecatum
214 740 260 818 id,
289 744 371 819 quod
390 758 490 803 revera
512 741 624 803 Mentis
646 740 838 816 impotentia,
866 758 927 804 non
948 755 1045 806 autem
1066 758 1170 803 eontra
1191 742 1220 802 se

46 852 125 927 ipsam
140 852 260 915 licentia
282 853 338 928 est,
358 868 389 913 et
409 870 460 929 pet
482 856 564 929 quod
583 854 672 915 homo
692 853 792 916 servus
810 852 911 929 potius
930 854 1107 930 quamlibet
1126 854 1223 931 potest

46 964 106 1024 diei.
145 966 222 1025 Vt'dc
242 965 313 1026 Arr.
335 981 363 1041 7.
383 978 411 1025 et
435 982 480 1025 11.
500 963 588 1041 hujus
610 966 682 1044 Cap.

82 1074 106 1153 3.
124 1076 204 1136 XXI.
236 1077 513 1153 verumenimvero,
535 1076 603 1153 quia
624 1077 716 1138 Ratio
738 1077 880 1153 pietatem
902 1096 1053 1155 exercere,
1074 1094 1105 1139 et
1126 1079 1223 1139 animo

48 1190 193 1266 tranquillo
216 1206 247 1253 et
268 1194 349 1253 bono
369 1189 425 1253 elie
447 1193 553 1267 docet,
575 1194 656 1267 quod
678 1210 738 1252 non
760 1190 810 1252 nist
833 1191 863 1251 in
880 1192 1006 1268 Imperio
1025 1193 1089 1254 fieri
1109 1193 1225 1269 potest,

49 1318 73 1360 et
90 1319 228 1377 praeterea
257 1303 326 1381 quia
352 1303 415 1363 fieri
444 1303 564 1380 nequit,
585 1320 618 1365 ut
638 1304 799 1366 multitudo
820 1306 879 1365 uni
901 1304 993 1368 veluti
1013 1319 1111 1365 mente
1131 1306 1220 1366 duea-

50 1429 102 1489 tur,
126 1414 199 1477 steut
231 1416 260 1475 in
288 1414 414 1491 Imperio
442 1415 616 1491 requiritur,
636 1414 688 1476 nist
706 1414 772 1491 jura
792 1416 916 1491 habear,
937 1434 1002 1493 quae
1024 1436 1062 1477 ex
1082 1416 1222 1479 Rationis

51 1525 206 1603 prescripto
237 1526 369 1589 instituta
397 1526 469 1603 stnt;
496 1545 557 1589 non
578 1546 648 1606 ergo
669 1530 744 1589 adeo
772 1527 929 1605 improprie
950 1528 1102 1604 homines,
1122 1528 1174 1605 qui
1194 1528 1223 1589 in

50 1636 158 1711 Imperio
191 1638 294 1701 vivere
326 1638 565 1714 consueverunt,
596 1638 625 1700 id
658 1655 812 1716 peccatum
844 1656 976 1717 vocant,
1007 1643 1090 1718 quod
1122 1656 1225 1703 contra

49 1748 173 1811 Rationis
193 1749 338 1812 dictamen
359 1752 409 1827 fit,
430 1750 670 1828 quandoquidem
691 1752 797 1829 optimi
819 1752 935 1828 imperii
952 1751 1019 1829 jura
1051 1753 1133 1830 (vide
1153 1753 1226 1813 Art.

52 1860 87 1919 aa.
114 1860 200 1938 araus
231 1864 317 1941 Cap.)
339 1882 376 1923 err
397 1862 536 1925 Rationis
559 1862 712 1925 disiamine
734 1864 847 1927 institui
869 1866 988 1926 debent.
1030 1865 1105 1927 C'um
1127 1879 1224 1925 autem
1299 1894 1302 1900 ·

51 1970 157 2035 dixerim
179 1974 269 2052 (Art.
283 1975 328 2036 18.
340 1974 426 2051 liujus
438 1975 541 2055 Cap),
555 1974 703 2037 hominem
724 1975 755 2037 in
775 1976 852 2039 statu
873 1975 996 2039 naturali
1015 1976 1068 2037 sibi
1089 1996 1228 2053 peccare,

50 2082 149 2159 siquid
179 2102 304 2163 peceat,
332 2089 368 2147 de
396 2087 454 2149 hoc
483 2086 551 2150 vide
573 2087 647 2164 Cap.
667 2108 696 2168 4
718 2090 785 2150 Art.
805 2108 835 2167 4
857 2104 888 2149 et
908 2100 954 2165 5.,
975 2088 1027 2149 ubi
1048 2088 1227 2164 ostenditur,

52 2214 103 2269 quo
122 2198 207 2259 sensu
235 2198 332 2259 dicere
360 2198 524 2275 possumus,
553 2218 636 2276 eum,
657 2200 708 2277 qui
729 2200 884 2277 Imperium
906 2216 1005 2276 tenet,
1027 2216 1057 2261 et
1076 2203 1146 2282 Jttre
1166 2200 1227 2261 Na-

52 2322 111 2367 tura
133 2310 267 2387 potitur,
287 2310 401 2389 legibus
423 2312 585 2373 adstrislum
607 2310 679 2387 elie,
700 2328 730 2372 et
752 2330 873 2388 peecare
894 2311 985 2387 posse.

84 2420 108 2499 §.
128 2422 224 2486 XXII.
265 2424 314 2484 Ad
341 2422 526 2502 Religionem
556 2426 637 2502 quod
666 2423 793 2501 attinet,
814 2441 925 2488 eertum
947 2424 1034 2486 etiam
1055 2424 1112 2500 est,
1131 2424 1227 2487 bomi-

52 2549 104 2592 nem
134 2535 227 2614 magis
260 2533 313 2596 esse
343 2535 481 2612 liberum,
510 2551 540 2596 et
569 2535 621 2596 irbi
649 2536 771 2598 maxime
801 2537 1028 2612 obsequentem,
1049 2555 1110 2612 quo
1131 2538 1227 2598 Deum

52 2645 129 2723 tnagis
150 2663 247 2721 amat,
268 2663 297 2708 et
319 2647 415 2709 animo
437 2648 528 2727 magis
550 2649 665 2726 integro
687 2649 770 2710 colit.
810 2651 920 2710 Verum
941 2665 1087 2726 quatenus
1108 2668 1168 2709 non
1190 2651 1225 2708 ad

51 2755 157 2822 Naturae
187 2760 337 2836 ordinem,
364 2779 450 2838 quem
479 2761 663 2841 ignoramus,
684 2762 733 2824 sed
755 2764 792 2822 ad
813 2761 873 2822 sola
894 2761 1035 2824 Rationis
1055 2760 1228 2836 dictamina,

50 2888 104 2942 quae
135 2871 322 2950 Religionem
353 2890 555 2949 concernunt,
588 2874 787 2948 attendimus,
819 2889 849 2934 et
879 2873 960 2935 simul
992 2873 1226 2947 consideramus,

52 2985 138 3044 eadem
170 2984 260 3046 nobis
280 3003 297 3044 a
317 2987 402 3060 Deo,
434 2985 512 3061 quast
544 2985 573 3046 in
605 2985 692 3048 nobis
723 2985 792 3061 ipsas
823 2987 981 3061 loquente,
1010 2985 1148 3061 revelari,
1178 2987 1230 3047 vel·

52 3095 126 3156 etiam
148 3097 212 3158 haec
234 3100 333 3158 eadem
356 3098 510 3174 Prophetis
532 3098 625 3161 veluti
642 3097 707 3174 jura
729 3097 811 3159 fuisse
833 3099 974 3173 revelata;
994 3113 1131 3171 eatenus,
1148 3115 1228 3157 more

53 3203 167 3269 humano
185 3211 340 3286 loquendo
347 3254 357 3284 ,
377 3209 500 3270 dicimus
521 3209 667 3271 hominem
687 3211 755 3272 Deo
778 3208 914 3286 obsequi,
926 3210 977 3286 qui
998 3208 1090 3286 ipsum
1112 3210 1227 3288 integro

54 3319 137 3380 animo
165 3335 261 3395 amat,
289 3336 319 3380 et
350 3335 453 3381 contra
481 3339 620 3396 peccare,
647 3321 698 3397 qui
719 3339 799 3382 coeea
821 3321 983 3397 cupiditate
1004 3321 1131 3384 ducitur.
1171 3322 1229 3382 Sed

54 3427 155 3494 interim
184 3451 326 3494 memores
354 3432 408 3494 esse
437 3435 594 3508 debemus,
622 3437 704 3510 quod
725 3434 754 3494 in
775 3434 833 3494 Dei
854 3435 1000 3511 potestate
1021 3433 1135 3509 sumus,
1155 3433 1228 3495 sicut

54 3537 135 3603 lutum
163 3545 194 3605 in
222 3545 368 3621 potestate
395 3545 492 3622 figuli,
521 3545 572 3622 qui
600 3565 638 3606 ex
666 3547 766 3607 eadem
794 3545 879 3606 massa
900 3545 955 3606 alia
976 3545 1042 3608 vasa
1064 3548 1101 3607 ad
1122 3547 1229 3618 decus,

54 3651 98 3711 alia
126 3660 162 3717 ad
192 3659 320 3717 dedecus
350 3657 436 3732 sacit3
467 3671 556 3734 atque
584 3661 660 3720 adeo
682 3661 764 3735 quod
784 3659 873 3719 homo
894 3675 997 3719 eontra
1017 3658 1079 3720 baec
1099 3657 1156 3717 Dei
1178 3659 1229 3717 de-

55 3782 121 3827 cteta
143 3769 279 3846 quidem,
300 3785 447 3846 quatenus
468 3769 497 3830 in
519 3771 613 3832 nostra
626 3774 675 3834 vel
689 3772 719 3832 iu
736 3771 945 3848 Prophetarum
966 3773 1070 3832 Mente
1091 3787 1229 3847 tanquam

52 3873 107 3946 jura
135 3881 273 3957 inscripta
303 3883 438 3956 suerunt,
467 3897 496 3942 at
518 3901 577 3942 non
601 3898 703 3943 contra
725 3899 863 3945 aeternum
884 3881 942 3942 Dei
963 3885 1127 3958 decretum,
1148 3885 1229 3959 quod
1282 3921 1285 3928 ·

55 3986 78 4046 in
105 3993 235 4056 universa
264 3997 376 4056 Natura
406 3994 574 4071 inscriptum
597 3995 654 4072 est,
676 3998 818 4072 quodque
840 3995 934 4056 totius
955 3997 1076 4057 Naturae
1097 3994 1228 4056 ordinem

56 4103 179 4182 respicit,
200 4106 359 4183 quidquam
379 4126 463 4186 agere
484 4108 590 4184 potest.

90 4215 114 4294 S.
134 4219 240 4280 XXlll.
283 4221 328 4280 Ut
351 4217 451 4296 itaque
474 4234 626 4294 peceatum
648 4235 677 4278 et
700 4217 872 4295 obsequium
894 4218 986 4278 striae
1008 4217 1170 4293 sumptum,
1191 4216 1244 4276 ste*

58 4326 136 4387 etiam
153 4329 265 4406 justitia
288 4347 318 4390 et
340 4330 480 4406 injustitia
503 4349 563 4390 non
585 4329 636 4391 nili
658 4329 687 4390 in
709 4329 836 4405 imperio
857 4327 974 4405 possunt
996 4327 1123 4403 concipi.
1153 4330 1230 4390 Nam
