2934 4900
349 297 839 378 Theologico-Politici
881 298 955 375 Cap.
976 297 1055 359 XIX.
1236 299 1294 360 601

106 476 235 538 summus
255 475 451 552 Philosophus
471 491 502 538 et
522 476 696 556 Theologus
717 475 790 553 else,
811 493 841 539 et
864 477 995 556 plurimis
1015 477 1170 539 inutilibus
1193 477 1295 555 specu·

104 591 270 652 lationibus
291 608 395 653 vacare
416 591 552 667 deberet,
573 593 654 668 quod
675 605 790 652 tantum
810 591 883 654 viris
904 591 1044 669 privatis,
1065 607 1096 653 et
1117 591 1182 653 otio
1204 592 1296 652 abun·

106 703 266 781 dantibus,
293 703 465 782 contingere
492 704 600 779 potest.
628 706 671 765 At
692 707 771 780 apud
792 705 935 766 Hebraeos
955 706 1043 784 longe
1064 704 1148 765 aliter
1169 722 1214 765 res
1236 703 1296 764 sese

106 817 232 877 habuit:
261 834 326 877 nant
354 833 455 878 eorum
482 816 611 877 Ecclesia
638 816 720 877 fimul
748 837 813 878 cum
834 817 956 892 imperio
977 815 1105 893 incepit,
1126 831 1157 877 et
1178 814 1295 891 Moses,

106 929 161 1006 qui
183 930 214 990 id
234 928 366 991 absolute
388 931 525 1005 tenebat,
545 930 688 1006 populum
709 929 879 1008 religionem
901 929 1021 1004 docuit,
1042 928 1120 988 sacra
1142 926 1297 989 ministeria

107 1042 276 1117 ordinavit,
297 1059 456 1120 eorumque
477 1040 622 1102 ministros
651 1040 750 1121 elegit.
777 1040 856 1102 Hinc
877 1041 967 1120 igitur
986 1056 1089 1101 contra
1110 1042 1216 1102 fadum
1238 1040 1297 1117 est,

106 1169 145 1215 ut
176 1154 318 1216 autoritas
350 1154 429 1233 regia
461 1156 540 1231 apud
571 1154 714 1230 populum
736 1153 859 1214 maxime
880 1153 1023 1230 valuerit,
1046 1169 1075 1214 et
1098 1168 1131 1214 ut
1148 1153 1199 1229 jus
1220 1152 1295 1212 circa

107 1265 187 1326 sacra
213 1268 312 1345 Reges
340 1265 463 1325 maxime
491 1264 649 1326 tenuerint.
690 1266 784 1340 Nam,
811 1263 945 1341 quamvis
974 1264 1039 1340 post
1059 1279 1181 1326 mortem
1203 1261 1296 1325 Molis

107 1395 197 1438 nemo
229 1376 380 1453 imperium
412 1376 546 1438 absolute
579 1377 725 1453 tenuerit,
743 1376 793 1454 jus
814 1391 910 1438 tamen
934 1377 1119 1453 decretandi,
1140 1391 1199 1438 tam
1221 1377 1297 1437 circa

106 1488 187 1548 sacra
208 1507 294 1566 quam
315 1489 390 1550 circa
411 1489 540 1567 reliqua,
561 1507 652 1564 penes
673 1489 837 1565 Principem
859 1489 907 1568 (ut
924 1488 985 1565 jam
1006 1487 1199 1566 ostendimus)
1219 1503 1296 1565 erat3

108 1601 231 1677 deinde,
263 1616 297 1662 ut
330 1602 460 1677 populus
491 1599 662 1680 religionem
690 1615 721 1660 et
753 1601 892 1676 pietatem
915 1603 1102 1676 edoceretur,
1124 1617 1185 1661 non
1206 1599 1297 1678 magis

108 1713 284 1775 Pontificem
315 1732 402 1790 quam
434 1713 595 1790 supremum
626 1713 761 1794 Judicem
793 1713 871 1776 adire
903 1715 1060 1774 tenebatur
1090 1711 1173 1792 (vide
1204 1714 1296 1774 Deut.

109 1845 175 1902 cap.
201 1841 246 1902 17.
267 1826 310 1888 vs.
331 1844 368 1902 9,
392 1826 463 1904 11.).
492 1828 590 1904 Reges
619 1825 745 1902 denique
768 1825 903 1902 quamvis
925 1843 986 1886 non
1008 1825 1118 1901 aequale
1139 1843 1172 1884 ac
1194 1823 1296 1885 Moses

105 1935 158 2012 jus
186 1935 360 2012 habuerint,
389 1936 484 1996 omnis
511 1952 608 1997 tamen
637 1939 697 1998 fere
725 1937 797 1998 sacri
818 1937 964 1999 ministerii
986 1940 1060 1998 ordo
1082 1953 1111 1998 et
1134 1937 1238 1999 electio
1259 1939 1295 1996 ab

112 2066 214 2111 eorum
245 2051 365 2111 decreto
399 2050 568 2125 pendebat:
599 2049 698 2111 David
729 2049 805 2110 enim
828 2048 965 2110 fabricam
988 2048 1088 2125 templi
1110 2063 1203 2110 totam
1224 2067 1296 2110 con-

110 2161 244 2223 cinnavit
275 2161 358 2238 (vide
388 2161 512 2238 Paralip.
546 2177 572 2221 1.
603 2179 666 2237 cap.
698 2163 747 2222 28.
775 2161 816 2224 vs.
841 2177 894 2238 11,
918 2176 972 2238 12,
993 2161 1082 2240 etc.);
1103 2180 1139 2222 ex
1161 2161 1297 2222 omnibus

111 2273 219 2336 deinde
247 2273 363 2336 Levitis
391 2273 497 2352 viginti
526 2289 654 2350 quatuor
681 2274 770 2335 millia
799 2275 887 2354 elegit
916 2277 953 2336 ad
980 2274 1174 2353 psallendum,
1196 2291 1227 2337 et
1247 2274 1298 2336 sex

110 2385 217 2464 millia,
250 2407 287 2447 ex
318 2387 426 2464 quibus
453 2385 569 2464 judices
601 2402 631 2447 et
663 2402 804 2464 praetores
833 2387 1023 2468 eligerentur,
1043 2403 1170 2466 quatuor
1191 2389 1297 2451 deinde

109 2500 199 2560 millia
227 2498 405 2576 janitorum,
437 2514 468 2559 et
499 2516 627 2576 quatuor
659 2501 787 2578 denique
815 2500 921 2577 millia,
949 2501 1000 2578 qui
1022 2502 1139 2581 organis
1161 2516 1298 2563 canerent

110 2611 196 2689 (vide
228 2609 355 2689 ejusdem
386 2610 453 2671 libri
484 2630 548 2687 cap.
580 2628 628 2688 23.
660 2610 702 2674 vs.
724 2633 759 2692 4,
781 2614 835 2693 5.).
856 2616 946 2675 Porro
970 2612 1085 2676 eosdem
1108 2614 1137 2675 in
1159 2616 1298 2675 cohortes

110 2725 248 2803 (quarum
270 2722 357 2783 etiam
378 2722 531 2798 primarios
552 2724 655 2803 elegit)
678 2725 794 2801 divisit,
815 2741 848 2786 ut
871 2745 1055 2803 unaquaeque
1077 2727 1130 2788 suo
1149 2741 1298 2803 tempore,

109 2835 233 2898 servatis
262 2834 395 2910 vicibus,
417 2834 624 2896 administraret
646 2835 729 2916 (vide
751 2836 792 2898 vs.
815 2848 843 2911 5.
866 2836 993 2914 ejusdem
1014 2838 1102 2917 cap).
1124 2839 1298 2899 Sacerdotes

108 2948 213 3010 itidem
243 2948 273 3008 in
305 2962 353 3007 tot
384 2947 524 3008 cohortes
555 2946 669 3023 divilit3
701 2946 750 3009 sed
778 2966 814 3008 ne
844 2948 940 3009 omnia
969 2948 1130 3027 singulatim
1151 2949 1298 3009 recensere

109 3077 228 3137 tenear,
259 3060 396 3120 lectorem
427 3060 521 3119 refero
553 3062 590 3120 ad
621 3058 672 3119 lib.
693 3078 722 3119 2.
743 3059 856 3136 Paralip
879 3079 942 3136 cap.
966 3060 1010 3136 8.,
1031 3060 1082 3121 ubi
1103 3061 1146 3123 vs.
1167 3060 1226 3123 scil.
1251 3078 1297 3138 13.

109 3171 235 3234 dicitur:
256 3174 362 3233 cultum
380 3174 454 3248 Dei,
476 3172 563 3251 ficati
588 3174 702 3232 eundem
722 3174 822 3250 Moses
848 3174 1031 3251 instituerat,
1046 3172 1136 3253 fuiffe
1161 3194 1197 3233 ex
1216 3194 1296 3235 man·

109 3290 179 3348 dato
200 3288 359 3349 Salomonis
379 3290 411 3345 in
432 3288 531 3366 templo
550 3286 800 3361 administratum,
821 3302 851 3346 et
873 3285 915 3347 vs.
939 3303 1004 3366 14:
1026 3289 1103 3363 quod
1118 3288 1181 3366 ipse
1201 3286 1297 3366 (Salo-

111 3400 196 3478 mon)
229 3397 356 3459 cohortes
380 3399 564 3475 sacerdotum
583 3402 616 3457 in
630 3399 697 3476 suis
716 3399 883 3476 ministeriis
904 3412 931 3459 et
951 3399 1143 3475 Levitarum,
1163 3413 1214 3459 etc.
1235 3419 1297 3458 con-

103 3514 252 3592 stituerit,
274 3513 430 3590 secundum
444 3512 552 3591 juffum
573 3516 636 3571 viri
655 3513 752 3570 divini
771 3513 910 3573 Davidis.
937 3511 977 3571 Et
998 3510 1084 3573 versu
1101 3510 1228 3587 denique
1252 3522 1297 3585 15.

111 3625 235 3687 testatur
266 3623 446 3699 Historicus,
478 3625 554 3700 quod
580 3643 634 3682 non
665 3624 835 3702 recefferunt
864 3643 885 3683 a
901 3636 1044 3703 precepto
1064 3624 1155 3698 Regis
1174 3622 1298 3701 imposito

106 3736 310 3816 sacerdotibus
330 3750 358 3795 et
378 3736 492 3795 Levitis
511 3739 544 3794 in
563 3736 644 3794 nulla
664 3753 712 3810 re,
732 3754 821 3811 neque
839 3739 871 3793 in
892 3738 1011 3795 cerariis
1042 3735 1298 3812 administrandis,-

112 3869 151 3910 ex
172 3850 280 3925 quibus
302 3847 457 3924 omnibus,
484 3862 515 3907 et
536 3846 599 3907 aliis
620 3848 735 3925 Regum
756 3845 900 3919 historiis,
921 3845 1052 3922 sequitur
1073 3844 1298 3921 evidentiiilme,

112 3976 211 4023 toturn
243 3960 394 4039 religionis
427 3959 598 4020 exercitium
629 3958 797 4035 sacrumque
830 3956 1016 4018 ministerium
1048 3976 1063 4017 a
1090 3956 1153 4017 solo
1182 3959 1297 4037 Regum

112 4076 252 4134 mandato
274 4071 450 4150 dependilse.
471 4072 546 4132 Cum
569 4089 665 4132 autem
686 4070 771 4147 supra
793 4070 871 4146 dixi,
893 4070 1009 4132 eosdem
1026 4068 1298 4147 J'usnonhabuille,

114 4200 148 4246 ut
169 4184 288 4261 Moses,
308 4183 447 4244 summum
468 4181 641 4243 Pontificem
661 4182 806 4261 eligendi,
824 4184 921 4243 Deum
933 4180 1098 4242 immediate
1110 4180 1299 4253 consulendi,

113 4312 144 4358 et
175 4295 354 4373 Prophetas,
387 4294 437 4372 qui
468 4293 535 4373 iphs
569 4293 740 4357 viventibus
772 4292 999 4371 prophetarent,
1027 4293 1198 4369 damnandi;
1220 4293 1297 4355 nulla
