2934 4900
213 317 269 390 156
627 316 808 378 Ethicea
835 318 904 378 Part
926 317 978 376 111.

210 491 281 552 odio
313 490 428 567 haberi,
459 491 667 553 determinatur
698 491 771 572 (per
800 495 890 571 Prap.
917 494 1056 573 praeca.)
1087 495 1124 554 ad
1149 494 1273 553 eundem
1297 506 1416 552 contra

209 601 282 663 odio
312 602 487 664 habendum.
526 605 569 664 Ar
595 605 667 684 (per
686 603 864 685 hypothefin)
887 603 980 681 ipsum
1002 603 1192 665 nihilominus
1213 618 1310 664 amat:
1331 621 1417 682 ergo

210 712 289 774 Odio
310 729 340 774 et
362 714 471 776 Amore
493 713 572 776 samad
592 715 818 778 condiciabitur.

590 893 944 939 couottunrum
981 878 1019 937 ΙΙ.

249 1002 279 1063 Si
301 1002 406 1081 aliquis
426 1002 615 1086 imaginatur,
637 1008 672 1066 ab
694 1006 811 1083 aliquo,
832 1027 919 1084 quem
935 1023 1021 1068 autea
1040 1007 1120 1067 nullo
1136 1006 1243 1068 affeetu
1261 1005 1414 1082 prosecu-

210 1128 259 1174 tus
280 1113 336 1189 est,
357 1115 462 1176 malum
482 1115 604 1193 aliquod
625 1135 683 1193 prae
706 1116 786 1179 Odio
805 1117 857 1178 nbi
874 1117 985 1180 illatum
1004 1117 1077 1195 ede,
1094 1117 1189 1179 statim
1206 1115 1282 1178 idem
1294 1118 1415 1177 malum

210 1224 302 1286 eidem
324 1227 429 1288 referre
451 1227 616 1291 conabitur.

611 1406 1008 1452 DEMONSTRATIQ

250 1513 310 1597 Qui
341 1514 466 1592 aliquem
497 1517 577 1579 Odio
608 1537 674 1598 erga
706 1519 735 1579 se
764 1519 898 1582 affectum
919 1519 974 1581 eise
995 1519 1185 1599 imaginatur,
1205 1537 1271 1580 eum
1293 1537 1411 1582 contra

210 1626 282 1706 (per
296 1629 420 1706 praeca.
441 1629 545 1708 Prop.)
567 1629 638 1691 odio
659 1629 799 1707 habebit,
819 1646 850 1691 et
871 1631 943 1711 (per
963 1632 1052 1711 Prap.
1074 1633 1123 1691 26.
1144 1630 1244 1710 brejas)
1262 1628 1293 1691 id
1312 1650 1411 1692 omne

210 1739 387 1801 comminisci
409 1742 579 1819 conabitur,
600 1746 682 1819 quod
704 1747 828 1805 eundem
850 1745 935 1820 potiri
955 1743 1087 1806 Tristitia
1107 1743 1238 1818 afficere,
1259 1759 1352 1821 atque
1375 1745 1409 1806 id

210 1851 303 1912 eidem
335 1852 406 1932 (per
436 1853 526 1934 Prap.
557 1871 604 1930 39.
636 1853 737 1932 hasar)
770 1854 875 1916 inferre
901 1855 1039 1917 studebit.
1069 1857 1112 1918 Ar
1134 1854 1204 1936 (per
1223 1853 1409 1934 hyporaessn)

211 1963 349 2039 larianum,
380 1967 462 2042 quod
492 1965 662 2038 lattittsmodi
694 1965 883 2046 imaginatur,
914 1967 955 2028 est
983 1969 1087 2029 malum
1107 1967 1160 2027 stbi
1181 1967 1305 2042 illatum3
1328 1985 1406 2046 ergo

209 2075 285 2137 idem
305 2076 399 2138 statim
420 2076 513 2138 eidem
535 2077 640 2139 inferre
662 2079 827 2140 conabitur.
860 2081 894 2156 Q.
915 2081 952 2140 E.
974 2081 1014 2142 D.

675 2255 931 2300 scuotlum.

252 2362 386 2424 Conarus
413 2365 518 2426 malum
544 2363 686 2426 inferendi
709 2364 751 2440 ei,
775 2383 861 2442 quem
881 2364 1014 2441 odimus,
1033 2366 1089 2425 Ira
1109 2379 1251 2441 vocatur;
1272 2381 1405 2426 conatus

211 2488 306 2533 autem
328 2474 432 2534 malum
453 2472 540 2535 uobis
560 2473 671 2535 illatum
693 2475 837 2536 referendi
859 2476 998 2536 Vindr'da
1019 2474 1191 2551 appellatur.

580 2667 908 2729 PROPOSITIO
948 2668 1027 2729 XLI.

251 2796 288 2855 Sr'
317 2799 382 2873 qais
410 2795 450 2857 ab
479 2796 575 2874 aliquo
594 2798 630 2874 fe
650 2801 750 2857 amari
770 2800 970 2872 imaginatur,
990 2815 1040 2855 nec
1052 2797 1090 2873 sc
1109 2796 1198 2855 allam
1219 2795 1262 2854 ad
1278 2796 1314 2854 r'd
1330 2815 1402 2854 caa-

204 2908 272 2984 sam
292 2907 394 2986 dediffe
413 2908 506 2967 credit
526 2906 620 2988 (quod
643 2926 694 2983 per
715 2908 826 2969 Coroli.
848 2908 935 2984 Prop.
960 2918 1005 2981 15.
1024 2922 1053 2968 ec
1075 2925 1128 2983 per
1144 2906 1232 2981 Prop.
1256 2908 1300 2966 16.
1312 2904 1405 2982 hujus

211 3018 270 3079 fieri
293 3017 419 3099 potest),
438 3020 553 3079 eundem
573 3034 673 3081 contra
694 3021 814 3080 amabit.
905 3007 908 3017 ¹

611 3196 1009 3243 oamousauuttm

250 3292 322 3351 Haec
357 3288 523 3366 Proposttio
561 3293 660 3352 eadem
693 3290 743 3353 via
775 3291 989 3353 demonstratur
1022 3310 1056 3351 ac
1087 3293 1265 3367 praecedens.
1306 3289 1405 3367 Cujus

213 3402 299 3463 etiam
321 3402 472 3464 Scholium
495 3404 572 3467 vide.

682 3548 763 3591 scu
777 3550 796 3592 ο
810 3550 830 3593 1.
843 3548 854 3591 1
867 3549 889 3592 u
904 3549 940 3592 m.

250 3642 342 3725 Quod
369 3642 390 3702 st
417 3642 446 3702 se
463 3642 566 3718 justam
589 3642 707 3703 umoris
729 3642 842 3704 causam
863 3642 1013 3720 praebuiise
1035 3644 1208 3718 crediderit,
1229 3643 1406 3723 gloriabitur

212 3754 283 3834 (per
306 3756 395 3834 Prop.
418 3772 464 3831 30.
486 3752 572 3830 lrujm
592 3774 653 3815 curn
673 3757 798 3833 esiasdcm
820 3754 950 3833 Sclrol.);
972 3757 1054 3833 quod
1076 3755 1194 3831 quidem
1217 3756 1290 3835 (per
1310 3757 1404 3835 Prop.

212 3877 261 3940 ας.
292 3864 393 3944 basias)
423 3865 607 3943 frequentius
639 3865 805 3945 contingit,
826 3882 856 3927 er
877 3866 963 3944 cujus
985 3865 1162 3928 contrarium
1183 3866 1301 3928 evenire
1324 3866 1405 3927 dixi-

212 3996 293 4053 mus,
315 3979 433 4054 quando
456 3978 561 4056 aliquis
582 3981 618 4039 ab
640 3979 741 4055 aliquo
762 3978 791 4039 se
813 3978 885 4040 odio
905 3978 1004 4039 baberi
1022 3977 1197 4057 imaginatur
1214 3977 1294 4059 (vide
1309 3979 1405 4041 Sahal.

211 4091 300 4168 Prap.
327 4091 476 4171 praeced).
507 4091 598 4153 Porro
631 4090 679 4152 hic
711 4092 880 4168 reciprocus
912 4092 1022 4167 Amor,
1042 4107 1073 4151 et
1094 4090 1309 4168 consequenter
1331 4093 1406 4173 (per

210 4203 299 4281 Prop.
321 4218 368 4279 39.
389 4200 489 4283 bajas)
511 4220 635 4267 conatus
656 4204 861 4265 benefaciendi
882 4205 926 4280 ei,
948 4203 997 4281 qui
1021 4222 1076 4265 not
1094 4219 1190 4279 amat,
1207 4204 1320 4281 quique
1332 4206 1405 4287 (per

210 4314 324 4373 eandem
360 4314 450 4393 Prop.
487 4331 535 4392 39.
572 4314 673 4394 bajas)
715 4315 803 4378 nobis
832 4317 1002 4377 benefacere
1034 4331 1175 4393 conatur,
1208 4316 1322 4378 Gratia
1354 4317 1404 4379 see
