2934 4900
535 339 591 400 De
630 339 785 400 Mente.

467 529 854 578 nzuousrnnoro

102 629 193 708 hujus
212 632 316 692 eadem
337 629 378 690 est
398 648 433 691 oc
453 627 646 706 precedentis
667 627 834 689 Lemmatis.

498 806 569 867 LE
590 806 625 866 M
646 805 680 865 M
701 806 730 865 Α
769 804 823 863 VI.

105 922 139 980 Sc'
156 933 283 1000 corpora
302 921 448 998 quadam,
475 921 663 981 Indiuiduom
683 920 891 997 componentia,
911 928 1030 990 notum,
1050 932 1131 992 quent
1150 915 1253 991 versus

65 1053 153 1093 unam
170 1047 290 1114 parcent
308 1032 431 1110 habent,
451 1034 540 1093 aliam
559 1035 663 1110 uersus
678 1031 792 1107 stetim
810 1042 970 1105 cogentum·
990 1041 1024 1088 at
1043 1031 1089 1086 ito
1107 1040 1141 1086 ut
1161 1039 1252 1086 neotus

65 1148 139 1222 suos
168 1151 336 1206 continuare
359 1147 476 1226 pofflnt,
503 1159 590 1222 atque
608 1148 730 1204 invicem
752 1141 848 1203 eodem
867 1160 925 1219 qua
945 1155 1032 1201 anteo
1052 1142 1164 1200 ratione
1183 1157 1254 1198 cont·

66 1261 236 1330 moenem,-
263 1257 399 1317 retinebit
425 1259 523 1318 itidem
550 1256 739 1317 Indiuiduum
759 1255 847 1332 suam
876 1265 1028 1329 naturam,
1057 1250 1165 1329 absque
1193 1251 1255 1310 olla

67 1367 179 1443 forma
198 1372 363 1430 motatione.

469 1526 850 1571 onnonscnnrso

110 1639 166 1696 per
186 1619 215 1681 ie
235 1635 326 1698 patet.
361 1623 396 1683 ld
417 1621 492 1683 enim
515 1640 600 1683 omne
621 1621 746 1683 retinere
766 1620 953 1697 supponitur,
973 1619 1055 1696 quod
1076 1617 1105 1678 in
1127 1615 1254 1695 ejusdem

70 1731 247 1794 definitione
268 1733 388 1794 formam
409 1731 497 1810 ipfius
519 1733 695 1796 constituere
716 1733 854 1796 diximus.

496 1911 524 1972 L
544 1910 570 1972 E
590 1911 625 1972 M
646 1911 681 1972 M
700 1912 729 1970 A
770 1910 839 1970 Vll.

111 2023 233 2082 Roriam
248 2033 395 2101 pretereo
421 2023 607 2084 Indc'oiduum
621 2022 663 2100 fic
682 2021 855 2102 oompofitunt
867 2019 956 2097 suano
972 2031 1128 2094 murano,
1143 2018 1205 2097 five
1225 2018 1260 2078 sd

74 2133 232 2208 secundum
260 2145 348 2192 totum
374 2147 523 2194 noscatur
537 2133 600 2211 five
619 2135 764 2212 quiescat,
777 2133 840 2212 five
858 2134 964 2211 stersus
983 2129 1059 2194 hono
1072 2131 1135 2210 fine
1153 2131 1257 2207 versus

73 2245 155 2304 illam
170 2257 290 2324 partem
306 2257 465 2320 mutatur,
481 2246 623 2306 domm
640 2263 817 2323 unaquaque
829 2258 905 2324 pars
920 2243 1113 2320 notensem
1124 2246 1256 2317 retineat,

73 2375 189 2434 eumque
207 2360 254 2416 uti
272 2369 360 2417 antra
380 2357 500 2436 reliquis
520 2361 705 2420 connnunt'cet.

468 2519 850 2566 nsnousrnsoto

112 2628 198 2689 potet
219 2611 367 2689 exipsius
388 2614 578 2691 definitione,
600 2633 685 2692 quam
706 2614 776 2677 vide
797 2629 865 2675 ante
886 2613 967 2675 Lem.
988 2632 1017 2693 4

541 2776 744 2821 senocto
757 2777 794 2820 ss.

113 2870 171 2933 His
200 2870 300 2948 itaque
327 2868 478 2947 videmus,
505 2888 563 2947 qus
590 2870 704 2933 ratione
734 2871 922 2935 individuum
951 2870 1143 2949 compofitum
1172 2871 1258 2948 poffit

76 2983 176 3045 multis
196 2982 292 3044 modis
312 2982 404 3059 affici,
425 2982 489 3060 ejus
509 2982 698 3047 nihilominus
719 2985 823 3047 natust
841 2984 965 3046 servati.
986 2984 1087 3060 Atque
1107 2981 1257 3059 hucusque

76 3095 265 3159 individuum
295 3094 501 3172 concepimus,
532 3097 614 3172 quod
644 3113 706 3157 non
737 3094 790 3156 nist
821 3114 860 3156 ex
889 3094 1081 3172 corporibus,
1108 3113 1174 3172 quae
1194 3094 1257 3155 solo

76 3220 160 3267 motu
192 3219 224 3265 et
255 3205 371 3283 quiete,
401 3206 549 3268 celeritate
581 3222 612 3268 et
642 3206 781 3269 tarditate
802 3206 878 3269 inter
898 3206 927 3267 se
947 3206 1180 3286 distinguuntur,
1200 3207 1258 3267 hoc

76 3318 133 3393 eii,
155 3318 238 3393 quod
258 3336 295 3377 ex
316 3318 490 3394 corporibus
510 3317 714 3395 simplieiiiimis
736 3318 933 3395 componitur.
954 3322 1044 3403 Quod
1065 3319 1085 3380 ss
1103 3319 1162 3397 jam
1180 3319 1258 3381 aliud

78 3428 295 3505 concipiamus,
326 3448 361 3489 ex
394 3430 526 3507 pluribus
558 3430 678 3493 diversae
711 3445 822 3492 naturae
854 3430 1019 3494 lndividuis
1049 3430 1259 3509 composstum,

79 3542 152 3603 idem
181 3540 314 3619 pluribus
342 3541 405 3603 aliis
433 3541 528 3604 modis
555 3537 634 3619 posse
654 3541 731 3603 offici
751 3541 943 3619 reperiemus,
963 3540 1052 3618 ipisus
1071 3541 1259 3603 nihilominus

79 3655 182 3715 naturi
202 3651 323 3715 servati.
344 3654 419 3714 Nom
441 3653 679 3733 quandoquidem
700 3655 765 3732 ejus
786 3672 970 3732 unaqueque
991 3672 1056 3731 pars
1075 3653 1259 3731 expluribus

80 3764 252 3842 corporibus
273 3764 313 3825 est
334 3765 509 3844 compoiita;
531 3766 641 3843 poterit
663 3784 732 3846 ergo
755 3765 1060 3848 (pertempraceo.)
1074 3785 1259 3845 unoquaeque

82 3895 160 3953 pars,
189 3877 297 3955 absque
325 3878 383 3939 ulla
407 3878 496 3956 ipsrus
516 3893 625 3940 nattuae
648 3878 831 3955 mutatione,
847 3878 907 3954 jam
928 3878 1039 3942 tardius
1056 3879 1116 3958 jans
1137 3878 1259 3940 celerius

83 3988 208 4065 moveri,
229 4003 260 4050 et
281 3988 493 4066 consequenter
514 4005 612 4052 motus
640 3989 709 4052 suos
730 3990 819 4054 citius
840 3992 888 4055 vel
908 3990 1019 4053 tordius
1039 3990 1158 4068 reliquis
1179 4010 1258 4051 com-

83 4100 233 4164 municare.
275 4102 365 4184 Quod
393 4100 413 4163 n
441 4117 580 4179 praeteret
608 4102 728 4164 tertium
755 4103 978 4168 Indiuiduorum
1009 4123 1118 4184 genus,
1149 4123 1186 4165 ex
1213 4103 1259 4165 his

84 4213 214 4275 secundis
245 4212 454 4289 compositum,
484 4213 703 4290 concipiemus,
734 4214 812 4278 idem
839 4214 940 4277 muitit
970 4215 1033 4277 aliis
1060 4215 1155 4277 modis
1182 4214 1259 4275 offici

85 4320 157 4401 poiie
177 4321 369 4400 reperiemus,
390 4325 498 4403 absque
520 4326 576 4387 uilo
599 4324 662 4403 ejus
684 4326 785 4391 formae
804 4328 978 4392 mutatione.
1008 4328 1049 4391 Et
1069 4328 1090 4389 fi
1111 4326 1149 4388 stc
1169 4344 1258 4407 porro
