2934 4900
199 332 238 400 ao
611 325 667 389 De
699 324 967 391 Intellectus

199 512 232 557 ac
252 496 438 576 imaginatio,
466 499 571 576 pollint
598 498 655 562 elle
682 499 768 563 causa
794 502 951 565 multorum
978 519 1205 581 magnorumque
1237 517 1386 575 errorum,

199 606 250 669 nist
280 628 455 689 magnopere
485 615 522 674 ab
553 611 620 689 ipsu
651 630 816 677 caveamus.
856 615 943 679 Adde
971 616 1054 693 quod
1080 612 1137 675 sant
1164 613 1324 675 constituta
1346 614 1384 674 ad

198 720 313 784 libitum
341 738 371 785 et
402 739 519 801 captum
546 726 644 805 vttlgi;
666 728 748 788 'adeo
769 743 805 789 ur
825 744 886 789 non
906 725 962 789 sant
982 726 1034 788 nili
1055 726 1132 806 ligna
1152 744 1263 800 rerum,
1291 740 1384 801 prout

198 833 315 897 suntin
337 835 558 916 imaginatione,
578 856 638 899 non
659 855 758 901 autem
778 856 868 917 prout
888 840 956 902 sunt
975 840 1006 901 in
1023 840 1186 915 intelletiu3
1205 840 1288 917 qood
1304 839 1382 900 clare

198 964 281 1024 patet
309 968 346 1011 en
374 968 427 1027 eo,
455 954 538 1029 quod
565 952 701 1017 omnibus
721 952 774 1028 iis,
802 972 868 1031 quae
899 970 1013 1017 tantum
1034 953 1151 1015 suntin
1172 952 1323 1014 intellectu
1350 966 1382 1012 et

198 1079 258 1121 non
286 1060 316 1121 in
344 1061 568 1141 imaginatione,
596 1064 712 1126 nomina
738 1064 939 1141 imposuerunt
959 1065 1035 1141 sape
1056 1064 1210 1144 negativa,
1230 1062 1275 1125 uti
1296 1062 1382 1136 sunt,

197 1172 420 1251 incorporeum,
440 1174 601 1251 inlinitum,
623 1192 700 1252 etc.,
718 1194 750 1238 et
769 1176 856 1239 etiam
878 1178 985 1254 multa,
1009 1196 1075 1255 quae
1096 1176 1163 1239 sunt
1182 1193 1283 1239 revera
1304 1174 1380 1236 affir-

197 1286 321 1362 mativa,
341 1286 478 1366 negative
500 1287 683 1365 exprimunt,
703 1304 735 1350 er
755 1304 873 1365 contra,
894 1288 937 1351 uti
959 1290 1027 1351 sunt
1046 1289 1221 1363 increatum,
1239 1287 1380 1363 indepen-

198 1398 286 1474 dens,
303 1397 465 1477 infinitum,
483 1398 660 1475 immortale,
681 1414 749 1476 etc„
766 1400 836 1477 quia
853 1400 985 1463 nimirum
1002 1402 1107 1463 horum
1124 1397 1269 1463 contraria
1286 1400 1380 1460 multo

197 1508 312 1571 facilius
332 1510 534 1590 imaginamur;
562 1510 690 1590 ideoque
711 1512 792 1589 priua
813 1512 912 1589 primia
933 1512 1101 1575 hominibus
1122 1527 1329 1587 occurrerunt,
1350 1528 1380 1571 et

198 1622 314 1685 nomina
346 1622 471 1699 pontiva
504 1624 686 1700 usurparunt.
727 1626 825 1687 Multa
857 1624 1029 1687 affirmmua
1059 1640 1091 1686 et
1120 1642 1280 1703 negamus,
1310 1622 1379 1700 quia

197 1746 299 1797 natura
321 1737 475 1797 verborum
496 1735 527 1797 id
547 1734 684 1797 affimrare
705 1751 736 1797 et
757 1754 870 1815 negare·
883 1735 1011 1813 patitur,
1028 1754 1089 1799 non
1106 1754 1179 1799 vero
1205 1752 1299 1798 rerum
1328 1754 1379 1796 na·

197 1860 278 1923 rurn;
299 1849 432 1924 adeoque
454 1849 507 1909 hac
529 1848 660 1927 ignorata
679 1848 764 1909 facile
781 1847 893 1926 aliquid
910 1848 1011 1911 falsum
1030 1867 1083 1925 pro
1103 1866 1175 1912 vero
1194 1846 1379 1909 sumeremus.

237 1958 373 2021 Vitamus
393 1974 530 2036 praterea
550 1960 632 2021 aliam
653 1978 783 2040 magnam
805 1960 917 2023 causam
939 1958 1135 2035 confusionis,
1155 1975 1186 2021 et
1207 1977 1273 2035 quae
1298 1959 1380 2033 lacit,

198 2088 259 2145 quo
280 2062 375 2133 minut
396 2070 559 2135 intelledius
581 2074 618 2133 ad
638 2072 667 2133 se
687 2074 832 2135 relleiiat:
858 2090 980 2149 nempe,
1007 2090 1073 2134 cum
1094 2089 1155 2133 non
1176 2070 1380 2149 distinguimur

197 2180 273 2243 inter
302 2180 536 2261 imaginationem
566 2198 597 2244 et
627 2182 870 2259 intelleiiionem,
905 2201 1042 2260 putamus
1077 2200 1128 2259 ea,
1161 2200 1227 2259 quae
1264 2181 1381 2243 facilius

196 2290 399 2371 imaginamur,
427 2293 513 2355 nobit
541 2292 598 2355 elie
626 2295 762 2371 clariora,
790 2310 821 2357 et
847 2294 894 2371 id,
915 2298 998 2371 quod
1018 2294 1223 2373 imaginamur,
1242 2308 1381 2369 putamus

197 2401 365 2483 intelligere.
407 2406 496 2468 Unde
524 2424 589 2482 quae
617 2404 683 2468 sunt
712 2406 916 2483 postponenda
936 2405 1161 2483 anteponimur,
1181 2420 1212 2467 et
1231 2402 1270 2466 lic
1292 2421 1380 2466 verus

197 2519 271 2578 ordo
292 2517 497 2596 progrediendi
518 2517 706 2594 pervertitur,
728 2535 782 2580 nec
802 2517 913 2596 aliquid
933 2518 1062 2598 legitime
1083 2517 1278 2579 concluditur.

240 2633 250 2670 ¹
275 2629 383 2706 Porro,
400 2646 433 2694 ιιι
454 2633 570 2692 tandem
590 2631 627 2693 ad
647 2631 809 2692 Secundam
829 2631 943 2694 Partem
962 2631 1051 2709 hujus
1070 2629 1210 2693 Methodi
1224 2628 1377 2706 pervenia-

196 2759 276 2817 mus,
303 2759 464 2817 proponam
491 2742 584 2819 primo
611 2742 739 2805 nostrum
769 2743 889 2818 scopum
910 2742 940 2804 in
960 2744 1015 2804 hac
1035 2744 1195 2819 methodo,
1214 2760 1248 2804 ac
1269 2741 1376 2803 deinde

196 2850 305 2926 media,
333 2867 366 2914 ut
394 2869 459 2915 eum
486 2852 672 2932 attingamus.
711 2855 828 2930 scopus
853 2853 954 2931 itaque
981 2854 1023 2915 est
1049 2856 1138 2916 claras
1167 2867 1198 2915 et
1227 2851 1376 2914 distindias

196 2964 301 3024 habere
329 2963 426 3040 ideas,
454 2967 526 3028 tales
552 2965 707 3042 videlicet,
734 2985 799 3043 quae
828 2983 866 3027 ex
894 2983 965 3042 pura
985 2981 1101 3043 mente,
1121 2980 1151 3028 et
1172 2983 1234 3028 non
1255 2983 1293 3026 ex
1313 2966 1375 3026 for·

196 3073 281 3136 ruitis
301 3075 431 3138 motibus
450 3077 583 3152 corporis
603 3077 686 3140 facta
708 3076 773 3139 srnt.
803 3077 939 3152 Deinde,
958 3096 1061 3140 omnes
1080 3077 1154 3140 ideae
1175 3080 1213 3139 ad
1233 3095 1320 3138 unam
1342 3092 1376 3138 ut

195 3185 377 3266 redigantur,
404 3189 573 3251 conabimur
601 3189 726 3251 castali
753 3192 843 3252 modo
870 3207 1064 3252 concatenare
1098 3206 1130 3251 et
1156 3189 1310 3265 ordinate,
1341 3204 1375 3250 ut

196 3315 276 3358 mena
305 3298 416 3374 nostra,
443 3303 541 3376 quoad
569 3299 632 3376 ejua
658 3300 720 3362 lieri
742 3301 855 3377 potest,
874 3303 980 3364 referat
1001 3301 1148 3380 objective
1170 3301 1375 3364 fororalitatem

196 3423 324 3485 naturae,
344 3413 443 3486 quoad
464 3426 556 3472 totam
577 3426 609 3472 et
628 3413 727 3487 quoad
747 3411 812 3489 ejus
833 3429 940 3489 parter.

236 3523 344 3604 Quoad
365 3523 503 3600 primum,
522 3541 556 3586 ut
572 3522 632 3600 jam
652 3523 840 3601 tradidimus,
858 3525 1015 3602 requiritur
1034 3530 1071 3588 ad
1092 3526 1220 3589 nostrum
1240 3527 1375 3589 ultimum

196 3635 299 3709 finem,
328 3649 361 3696 ut
391 3654 437 3697 res
467 3635 651 3712 concipiatur
680 3638 728 3698 vel
760 3654 812 3712 per
842 3637 930 3698 solam
961 3638 1039 3700 suam
1069 3638 1235 3715 essentiam,
1255 3641 1305 3702 vel
1325 3656 1378 3715 per

196 3747 354 3822 proximam
386 3746 463 3810 suam
494 3748 616 3810 causam.
657 3748 776 3810 Scilicet
806 3748 826 3808 sr
858 3767 903 3810 res
931 3748 966 3810 stt
993 3751 1024 3810 in
1053 3750 1099 3826 se,
1123 3750 1202 3826 save,
1229 3767 1263 3813 ut
1282 3753 1376 3832 vulgo

194 3858 317 3934 dicitur,
343 3859 428 3921 causa
456 3858 516 3938 sui,
543 3877 603 3922 tum
632 3877 684 3937 per
712 3860 800 3924 solam
828 3862 907 3924 suam
927 3861 1074 3924 ellentiam
1095 3865 1216 3926 debebit
1236 3864 1377 3944 intelligi3

234 4080 241 4105 ¹
278 4073 406 4139 Praecipua
430 4071 504 4137 lanius
529 4073 606 4141 partia
631 4073 728 4142 Regula
754 4071 805 4135 cll,
822 4086 851 4126 ut
867 4089 901 4126 err
917 4077 998 4140 prima
1014 4087 1086 4140 purte
1104 4074 1230 4140 sequitur,
1247 4076 1378 4130 recensere
1440 4141 1444 4147 .

195 4169 283 4207 ornnes
308 4156 390 4219 ideae,
416 4171 477 4222 quas
502 4169 533 4207 ex
557 4169 621 4220 puro
639 4152 770 4207 intellectu
788 4155 815 4206 in
832 4156 907 4207 nobis
923 4157 1085 4220 invenimur,
1102 4173 1130 4209 ut
1147 4174 1182 4209 em
1200 4161 1231 4209 ab
1249 4159 1298 4224 lis,
1314 4176 1377 4224 quat

194 4237 372 4306 lanuginantem
388 4239 584 4305 distinguantur;
602 4240 670 4305 quod
689 4253 722 4289 cx
740 4238 938 4302 proprietatibus
955 4239 1163 4304 uniuscujusquc,
1180 4257 1271 4306 nempe
1289 4243 1376 4310 imagi·

195 4319 304 4372 uationls
322 4334 347 4371 ct
364 4317 561 4382 intellcdilonls‚
578 4321 627 4372 crit
643 4320 806 4372 eliciendum.
