2934 4900
299 348 795 428 Theologico·Politici
837 349 911 426 Cap.
942 351 1037 410 XVII.
1205 361 1263 426 573

75 523 209 585 mandati
229 537 260 585 et
280 524 391 585 decreti
410 524 568 587 habebant.
598 525 714 586 Deinde
736 525 785 585 hic
815 523 939 587 summus
960 525 1118 600 Pontifex,
1138 525 1191 602 qui
1210 524 1267 585 Dei

76 635 217 712 responsu
235 655 253 697 a
273 637 340 698 Deo
362 637 546 715 accipiebat,
567 637 698 700 militiam
719 657 781 701 non
802 637 947 716 habebat,
969 657 1023 700 nec
1043 635 1268 715 imperiumjure

77 749 261 824 poilidebat:
282 763 313 809 et
333 763 453 827 contra,
473 749 525 827 qui
546 766 637 812 terras
654 750 719 827 jure
742 751 941 828 pollidebant,
961 752 1040 830 leges
1062 749 1185 811 statuere
1203 747 1268 825 jure

78 881 143 923 non
173 877 321 938 poterant.
361 863 495 924 Summus
526 862 632 924 deinde
663 863 822 941 Pontifex,
853 879 912 924 tarn
943 863 1065 923 Aharon
1086 880 1172 940 quam
1192 861 1269 922 filius

79 973 147 1050 ejus
174 973 347 1050 Eleazarus,
368 990 492 1051 uterque
513 993 530 1035 a
551 974 637 1036 Mose
665 975 783 1052 quidem
804 976 913 1038 eleiius
937 973 1011 1052 ferit,
1032 990 1150 1037 mortuo
1172 989 1268 1036 autem

79 1085 168 1147 Mose
195 1105 282 1148 nemo
306 1086 356 1163 J'us
384 1087 511 1166 eligendi
533 1086 704 1163 pontificem
724 1086 854 1163 habuit,
875 1086 924 1149 sed
945 1086 1022 1148 lilius
1043 1087 1119 1163 patri
1140 1085 1268 1167 legitime

81 1197 266 1260 succedebat.
306 1200 468 1275 imperator
497 1200 645 1262 exercitus
676 1219 692 1260 a
713 1199 799 1261 Mose
821 1199 909 1260 etiam
930 1200 1039 1262 eleiius
1060 1197 1136 1275 fuit,
1157 1213 1187 1258 et
1209 1216 1268 1259 non

82 1329 121 1370 ex
139 1310 204 1387 jure
225 1309 326 1372 summi
346 1310 515 1387 Pontificis,
536 1310 586 1372 led
602 1310 669 1387 jure
690 1310 784 1373 Molis
805 1310 857 1388 ipsr
878 1313 967 1388 dato,
979 1311 1268 1387 personemlmpera-

82 1421 158 1482 toris
178 1421 291 1498 induit;
312 1438 343 1483 et
364 1422 432 1484 ideo
453 1437 572 1484 mortuo
592 1421 682 1503 Josua
703 1423 843 1499 pontifex
855 1423 999 1484 neminem
1011 1422 1073 1499 ejus
1084 1424 1153 1484 loco
1164 1423 1269 1501 elegit,

82 1549 139 1592 nec
170 1530 317 1607 principes
348 1534 385 1592 de
417 1549 500 1594 novo
530 1533 709 1608 Imperatore
741 1534 836 1594 Deum
864 1533 1092 1611 consuluentnt,
1111 1533 1161 1595 sed
1182 1533 1269 1595 unus-

83 1643 207 1721 quisque
228 1643 258 1705 in
279 1643 409 1706 militiam
429 1643 486 1706 suae
507 1644 619 1720 tribus,
640 1660 670 1704 et
691 1662 794 1706 omnes
815 1644 896 1707 limul
916 1645 946 1706 in
966 1644 1127 1708 universam
1140 1645 1269 1706 militiam

79 1755 133 1832 jus
161 1755 259 1836 Joluae
290 1723 483 1818 retinuelbrnt.
524 1757 564 1817 Et
592 1756 711 1819 videtur
732 1775 792 1818 non
815 1776 892 1834 opus
912 1756 993 1820 luille
1014 1757 1123 1820 summo
1144 1760 1269 1834 Impera-

83 1885 167 1945 tore,
188 1867 239 1929 nist
260 1871 379 1946 quando
401 1868 567 1946 conjunctis
588 1869 700 1932 viribus
710 1886 813 1930 contra
824 1888 1006 1932 communem
1017 1871 1128 1932 hostem
1140 1887 1270 1950 pugnare

85 1983 249 2057 debebant3
281 1985 363 2059 quod
394 1982 512 2060 quidem
532 1981 656 2044 maxime
676 1984 774 2044 locum
795 1982 899 2045 habuit
919 1997 1052 2059 tempore
1071 1982 1188 2065 Josuae,
1209 2001 1270 2060 quo

84 2097 183 2158 locum
213 2097 303 2156 fixum
334 2098 466 2158 nondum
496 2114 598 2158 omnes
628 2096 793 2172 habebant,
825 2111 856 2156 et
888 2095 985 2156 omnia
1016 2094 1178 2158 communis
1196 2095 1272 2171 juris

86 2224 186 2284 erant;
216 2223 247 2269 at
276 2209 430 2286 postquam
451 2227 553 2271 omnes
573 2209 667 2271 tribus
688 2224 778 2270 terras
795 2207 861 2286 jure
882 2209 950 2271 belli
972 2207 1124 2286 poll'elias,
1145 2224 1174 2269 et
1196 2225 1271 2286 quas

86 2322 183 2384 adbuc
215 2323 353 2398 poilidere
385 2322 414 2383 in
446 2321 589 2384 mandatis
621 2337 697 2398 erat,
724 2321 802 2383 inter
821 2321 851 2382 se
872 2320 1050 2395 diviserunt,
1073 2340 1127 2384 nec
1148 2321 1271 2398 amplius

87 2433 185 2497 omnia
217 2432 346 2497 omnium
378 2449 477 2512 erant,
505 2454 541 2496 eo
563 2433 627 2511 ipso
648 2433 724 2495 ratio
746 2433 910 2496 communis
930 2432 1113 2512 imperatoris
1134 2432 1272 2510 cell'avit,

87 2548 327 2624 quandoquidem
358 2547 452 2609 tribus
483 2546 603 2611 diversae
635 2566 696 2607 non
716 2562 776 2608 tam
796 2547 936 2611 concives
957 2564 1043 2624 quam
1064 2547 1273 2608 conloederatae

87 2660 125 2719 ab
146 2677 181 2719 ea
201 2658 344 2721 divilione
365 2658 492 2736 reputari
512 2661 686 2721 debuerunt.
727 2657 875 2735 Respediu
894 2658 952 2720 Dei
973 2674 1003 2721 et
1025 2658 1190 2737 Religionis
1201 2676 1272 2719 con·

87 2772 171 2835 cives
200 2770 319 2848 quidem
349 2769 480 2832 aestimari
510 2772 692 2847 debuerunc3
722 2786 753 2831 ac
784 2771 915 2847 respectu
945 2770 1040 2851 Juris,
1061 2772 1143 2847 quod
1164 2787 1221 2831 una
1243 2768 1272 2828 in
1380 2790 1383 2799 ·

87 2882 172 2943 aliam
191 2883 335 2959 habebat,
355 2901 415 2944 non
437 2882 489 2944 nili
510 2885 735 2958 confoederatae;
762 2885 865 2944 eodem
887 2884 946 2943 fere
967 2885 1057 2944 modo
1079 2882 1113 2963 (fi
1134 2884 1273 2959 templum

88 3012 243 3056 commune
273 2996 385 3074 demas)
417 3013 451 3055 ac
483 2996 685 3071 Praepotentes
723 2993 927 3057 Confuderati
958 2995 1109 3073 Belgarum
1140 2993 1274 3056 Ordines.

88 3106 166 3165 Nam
197 3104 301 3169 divifio
333 3105 374 3167 rei
406 3107 569 3169 communis
601 3107 631 3168 in
663 3122 759 3184 partes
792 3106 864 3167 nibil
895 3105 974 3168 aliud
1005 3106 1063 3183 cll,
1085 3124 1171 3183 quam
1193 3106 1275 3183 quod

89 3215 290 3294 unusquisque
319 3217 397 3279 suam
424 3234 536 3295 partem
565 3219 645 3281 solus
662 3218 721 3295 jam
743 3220 899 3295 pollrdeat,
920 3233 950 3280 et
970 3216 1074 3295 reliqui
1090 3216 1172 3293 jure,
1193 3219 1276 3294 quod

89 3328 121 3389 in
142 3328 219 3389 illam
240 3346 351 3404 partem
371 3330 536 3406 habebant,
558 3333 673 3392 cedant.
714 3331 779 3391 Hac
800 3328 889 3409 igitur
910 3332 946 3391 de
968 3329 1052 3390 causa
1073 3327 1174 3389 Moses
1194 3328 1275 3389 Prin·

90 3440 172 3516 cipes
201 3441 329 3501 tribuum
357 3441 463 3521 elegit,
491 3458 525 3503 ut
546 3443 612 3519 post
640 3442 764 3507 divisum
786 3442 937 3519 imperium
960 3440 1158 3519 unusquisque
1179 3460 1276 3505 curam

89 3552 150 3613 suae
170 3551 262 3628 partis
281 3553 418 3630 haberet3
446 3573 551 3631 nempe
578 3556 673 3617 Deum
694 3574 748 3631 per
777 3556 917 3618 summum
938 3554 1110 3617 Pontificem
1131 3558 1168 3616 de
1189 3556 1277 3616 rebus

90 3664 150 3725 luae
180 3665 274 3725 tribus
305 3664 492 3744 consulendi,
521 3666 579 3728 suae
609 3667 720 3729 militiae
752 3667 928 3744 imperandi,
962 3670 1048 3729 urbes
1077 3666 1224 3729 condendi
1245 3682 1277 3729 et

91 3776 262 3853 muniendi,
278 3776 395 3852 judices
415 3777 446 3839 in
467 3798 644 3857 unaquaque
671 3782 744 3842 urbe
772 3780 986 3857 constituendi,
1013 3781 1124 3842 hostem
1151 3779 1195 3842 sui
1221 3780 1277 3841 lin-

91 3888 200 3969 gularis
229 3889 343 3965 imperii
374 3889 548 3959 invadendi.
580 3909 609 3954 ct
638 3892 772 3954 absolute
794 3894 891 3954 omnia
912 3892 981 3954 belli
1003 3908 1032 3953 et
1054 3893 1135 3969 pacis
1156 3894 1277 3955 admini-

92 4001 208 4063 strandi.
238 4004 303 4063 Nec
335 4002 422 4064 alium
449 4002 578 4080 judicem
609 4021 715 4082 praeter
741 4007 837 4068 Deum
864 4005 982 4067 noscere
1008 4007 1164 4067 tenebatur
1184 4005 1209 4083 *,
1229 4006 1278 4070 vel

93 4132 180 4191 quem
210 4115 294 4175 Deus
324 4114 498 4190 prophetam
529 4116 657 4193 exprelie
688 4116 818 4196 mililiet3
849 4118 960 4179 alasii
982 4118 1085 4178 aDeo
1113 4115 1279 4197 defecillet,

128 4350 141 4385 ⁸
159 4350 203 4403 ef.
226 4353 322 4402 Annos.
340 4350 484 4403 xxxviii.
