2934 4900
323 323 824 402 Theologico·Politici
849 323 924 401 Cap.
950 326 1002 386 xl.
1212 338 1267 401 521

85 502 163 563 nulla
190 500 303 562 tatione
332 501 438 563 Paulus
464 502 583 562 alterius
603 501 741 577 Apostoli
763 503 952 563 fundamenta
972 503 1066 562 aliena
1085 519 1193 564 vocare
1215 521 1268 578 po-

84 629 176 690 terat,
208 629 315 690 utpote
347 634 412 692 quae
434 629 465 675 et
484 615 574 691 ipsius
605 618 706 677 eadem
739 631 829 677 erant.
870 617 928 677 Sed
949 616 1188 692 quandoquidem
1209 615 1270 692 ipsa

86 727 178 788 aliena
210 743 317 804 vocat,
348 726 505 788 necessario
536 729 787 804 concludendum,
818 747 1055 806 unumquemque
1087 728 1271 809 Religionem

86 837 202 902 diverso
233 839 426 901 fundamento
457 838 709 916 superaedificasse,
742 855 773 900 et
803 840 956 916 Apostolis
983 839 1013 901 in
1041 840 1095 902 suo
1116 843 1273 904 dodomtu

86 952 162 1012 idern
194 949 345 1030 contigisse
376 954 459 1029 quod
490 951 611 1028 reliquis
642 952 833 1027 dodoribus,
864 953 915 1029 qui
946 951 1114 1032 iugularem
1144 955 1272 1015 docendi

86 1063 256 1124 methodum
286 1063 413 1124 habent:
444 1079 479 1125 ut
510 1062 620 1140 semper
644 1062 735 1142 magis
756 1080 808 1123 eos
830 1065 936 1124 docere
958 1063 1094 1138 cupiant,
1115 1063 1166 1140 qui
1187 1065 1273 1140 plane

87 1177 174 1238 tudes
195 1174 278 1252 sunt,
299 1191 329 1236 et
350 1175 464 1256 linguas
485 1177 533 1239 vel
554 1175 706 1249 scientias,
727 1175 815 1236 etiam
835 1175 1072 1250 mathematicas,
1093 1178 1130 1236 de
1152 1195 1272 1253 quarum

87 1288 213 1352 veritate
235 1306 321 1350 nemo
343 1288 478 1364 dubitat,
505 1307 543 1348 ex
564 1289 644 1349 nullo
666 1287 724 1348 alio
746 1285 856 1348 discere
876 1285 1059 1362 incepenrnt.
1099 1285 1231 1362 Deinde,
1251 1288 1272 1347 fr

87 1398 163 1475 ipsas
184 1397 331 1474 Epistulas
352 1399 450 1477 aliqua
471 1418 536 1460 curn
557 1399 724 1462 attentione
751 1417 966 1476 percunamus,
986 1397 1166 1476 videbimus,
1187 1401 1272 1475 Apo·

87 1511 178 1572 stolos
210 1510 240 1571 in
273 1511 333 1588 ipsa
364 1511 521 1591 Religione
554 1511 670 1589 quidem
702 1511 878 1587 convenite,
897 1510 927 1571 in
949 1511 1145 1572 fundamentis
1175 1526 1273 1572 autem

88 1621 244 1683 admodum
273 1620 443 1698 discrepare.
483 1625 559 1684 Nam
587 1624 710 1699 Paulus,
731 1638 766 1685 ut
784 1623 919 1684 homines
938 1621 969 1682 in
990 1621 1147 1702 Religione
1168 1623 1272 1684 confir·

88 1748 196 1810 maret,
224 1749 255 1795 et
282 1733 318 1795 iis
346 1733 511 1796 ostenderet
539 1733 659 1796 salutem
680 1753 696 1795 a
716 1734 777 1796 fola
801 1734 858 1796 Dei
878 1734 971 1814 gratia
991 1737 1134 1812 pendete,
1154 1736 1275 1813 docuit,

89 1845 231 1907 neminem
260 1864 298 1906 ex
327 1845 485 1922 operibus,
512 1845 562 1907 sed
589 1845 649 1906 sola
676 1847 733 1908 side
758 1845 874 1925 gloriati
895 1844 993 1922 posse,
1012 1844 1214 1922 neminemque
1236 1862 1274 1906 ea

90 1958 230 2034 operibus
253 1957 403 2034 justificari
432 1957 516 2037 (vide
541 1956 632 2033 Epist.
661 1961 698 2019 ad
726 1961 814 2018 Rom.
836 1975 900 2033 cap.
922 1975 948 2033 3.
977 1956 1051 2020 vers.
1072 1972 1121 2032 27,
1142 1956 1223 2035 m),
1243 1971 1274 2017 et

89 2087 180 2148 porro
211 2085 306 2132 totam
338 2069 415 2131 illam
446 2069 605 2132 doslrinam
637 2072 672 2131 de
703 2068 966 2146 predestinatione.
1017 2070 1147 2149 Jacobus
1176 2083 1275 2129 autem

89 2199 194 2247 contra
220 2181 252 2244 in
280 2181 330 2244 sua
358 2182 506 2258 Epistola,
535 2181 681 2244 hominem
702 2200 740 2242 err
761 2179 901 2257 operibus
916 2180 1083 2258 justificari,
1103 2195 1135 2242 et
1155 2199 1216 2243 non
1237 2199 1275 2241 ex

89 2295 147 2358 fide
168 2309 282 2355 tantum
311 2292 394 2372 (vide
415 2292 479 2370 ejus
499 2293 590 2370 Epist.
612 2313 675 2370 cap.
697 2311 726 2355 2.
746 2292 819 2356 vers.
841 2294 921 2373 πως
949 2307 980 2353 et
999 2308 1094 2354 totam
1116 2293 1275 2355 dossrinam

91 2405 271 2487 Religionis,
291 2405 374 2469 miffis
396 2406 531 2469 omnibus
552 2405 609 2469 illis
630 2407 711 2469 Pauli
732 2405 995 2485 disputationibus,
1006 2405 1108 2484 paucis
1118 2409 1274 2469 admodum

90 2520 322 2597 comprehendit.
355 2520 492 2597 Denique
513 2539 573 2581 non
594 2520 715 2583 dubium
736 2520 794 2598 est,
815 2521 886 2598 quin
908 2539 946 2581 ex
966 2521 1042 2597 hoc,
1062 2522 1144 2598 quod
1165 2520 1276 2582 scilicet

88 2633 228 2709 Apostoli
258 2632 378 2697 diverfis
410 2634 608 2695 fundamentis
640 2634 827 2713 Religionem
857 2632 1172 2709 superaedificaverint,
1203 2648 1275 2694 ortae

90 2746 146 2806 stnt
173 2748 271 2808 multae
300 2745 509 2809 contentiones
537 2762 566 2807 et
593 2744 761 2821 schismata,
789 2744 897 2822 quibus
923 2744 1052 2806 Ecclefra
1069 2744 1128 2822 jam
1148 2745 1216 2807 inde
1238 2747 1275 2805 ab

91 2858 300 2934 Apostolorum
333 2857 515 2935 temporibus
546 2858 741 2919 indestnenter
771 2871 881 2920 vexata
912 2856 988 2931 fuit,
1020 2870 1050 2915 et
1080 2857 1214 2932 profesto
1244 2855 1275 2916 in

92 2982 231 3029 aternum
271 2966 443 3043 vexabitur,
483 2969 578 3028 donec
617 2969 735 3028 tandem
773 2966 930 3043 aliquando
967 2964 1085 3044 Religio
1124 2985 1142 3027 a
1171 2964 1274 3043 specu-

90 3077 254 3141 lationibus
284 3078 494 3155 philosophicis
525 3076 688 3155 separetur,
717 3095 748 3139 et
775 3079 812 3138 ad
840 3076 1002 3154 paucissima
1029 3092 1060 3137 et
1080 3076 1277 3154 simplicissima

92 3193 247 3269 dogmata,
274 3209 339 3267 quae
367 3189 498 3252 Christus
525 3190 595 3252 suos
622 3189 744 3265 docuit,
763 3188 926 3269 redigatur;
947 3191 1029 3266 quod
1050 3188 1203 3265 Apostolis
1222 3189 1275 3249 im-

93 3300 224 3377 pofflbile
252 3300 328 3377 fuit,
356 3300 425 3379 quia
452 3300 644 3380 Euangelium
673 3301 808 3380 ignotum
829 3316 892 3361 etat
911 3299 1089 3362 hominibus.
1129 3302 1276 3377 Adeoque

93 3413 158 3487 ejus
179 3430 216 3475 ne
238 3412 376 3475 doslrinae
404 3414 524 3478 novitas
552 3432 653 3477 eorum
674 3432 759 3475 aures
779 3416 901 3476 multum
922 3416 1058 3492 laederet,
1078 3433 1157 3488 eam,
1177 3419 1277 3492 quoad

93 3524 155 3587 fieri
176 3540 310 3602 poterat,
330 3526 479 3587 hominum
501 3526 544 3588 sui
565 3526 848 3606 temporis‘ingenio
869 3531 1166 3591 accommodaverunt
1194 3529 1278 3607 (vide

93 3638 186 3717 Epist.
207 3642 243 3701 ad
264 3639 334 3701 Cor.
354 3656 379 3700 r.
400 3658 465 3716 cap.
484 3658 514 3717 9.
536 3640 578 3702 vs.
602 3656 649 3717 19,
668 3658 720 3716 so,
741 3640 814 3719 etc.)
820 3685 831 3716 ,
852 3654 883 3700 et
905 3640 1101 3701 fundamentis
1120 3656 1184 3701 turn
1204 3656 1277 3702 tem-

94 3758 176 3831 poris
198 3752 321 3816 maxime
344 3752 424 3815 notis
446 3765 476 3813 et
497 3752 628 3829 acceptis
648 3752 916 3829 superstruxerunt;
945 3768 976 3813 et
995 3752 1064 3815 ideo
1084 3771 1171 3815 nemo
1192 3754 1278 3829 Apo·

94 3866 233 3927 stolorum
264 3864 355 3945 magis
386 3864 613 3942 philosophatus
644 3863 702 3940 est,
733 3882 819 3941 quam
850 3864 978 3939 Paulus,
1009 3864 1061 3941 qui
1082 3866 1117 3926 ad
1140 3865 1278 3945 gentibus

94 3976 310 4055 praedicandum
322 3991 449 4041 vocatus
470 3976 537 4037 fuit.
559 3975 680 4053 Reliqui
701 3991 813 4051 autem,
833 3976 884 4052 qui
904 3975 1015 4056 Judaeis
1035 3975 1279 4054 praedicaverunt,

95 4088 288 4167 philosophia
311 4090 420 4151 scilicet
443 4089 693 4165 contemtoribus,
714 4106 815 4150 eorum
835 4086 923 4149 etiam
943 4087 1062 4167 ingenio
1083 4087 1143 4149 sese
1163 4106 1278 4149 accom-

95 4204 290 4267 modaverunt
319 4202 369 4281 (de
396 4202 454 4263 hoc
482 4202 550 4266 vide
578 4200 669 4278 Epist.
692 4203 729 4262 ad
750 4200 847 4261 Galat.
869 4219 933 4277 cap.
954 4218 983 4261 2.
1004 4199 1046 4261 vs.
1071 4214 1117 4275 rt,
1138 4201 1227 4279 etc),
1248 4214 1278 4261 et

95 4315 281 4395 Religionem
313 4318 419 4379 nudam
440 4335 456 4375 a
478 4314 728 4391 speculationibus
759 4312 972 4390 philosophicis
1002 4315 1176 4375 docuerunt.
1215 4314 1278 4392 Jam
