2934 4900
222 301 280 360 312
580 282 819 341 Tractatus
860 280 1049 341 PolitIci

261 458 288 538 §.
309 458 432 518 XXVII.
453 456 492 517 Hi
510 456 626 533 judices
648 473 754 534 magno
777 455 865 515 etiam
886 470 918 515 et
937 455 1039 531 Impati
1061 474 1182 517 numero
1204 455 1259 517 esse
1280 459 1428 528 debent,

222 588 324 645 nempe
346 567 496 647 sexaginta
518 584 548 629 ct
570 586 663 641 unus,
685 582 736 628 aut
758 568 972 647 quinquaginta
994 584 1024 629 et
1047 588 1125 631 unus
1149 572 1186 630 ad
1206 568 1391 645 minimum3
1404 585 1433 630 et

222 700 258 741 ex
280 698 338 742 una
358 679 465 739 samIIIa
486 698 546 739 non
568 678 619 739 nist
641 697 717 741 unus
738 679 903 758 eligendus,
927 699 981 741 nec
1002 696 1099 741 tamen
1121 680 1284 755 advitam,
1308 681 1370 741 sed
1396 699 1433 739 ut

221 792 381 869 quotannis
412 791 498 851 ctiam
529 790 626 867 aliqua
657 790 721 867 ejus
752 810 818 867 pars
848 795 951 868 cedat,
980 808 1010 853 et
1031 792 1080 853 alii
1101 792 1226 853 totidem
1247 791 1429 871 eligantur,

222 903 273 980 qui
304 921 341 963 ex
372 902 435 963 aliis
465 902 520 963 srnt
552 901 685 975 familiis,
717 902 828 979 quique
849 906 886 964 ad
907 903 1154 983 quadragesimum
1183 903 1279 964 aetatis
1303 924 1429 964 annum

221 1012 420 1092 pervenerint.

262 1126 288 1207 §.
310 1127 447 1188 XXVIII.
488 1129 520 1187 In
553 1128 611 1187 hoc
642 1127 779 1188 Concilio
796 1129 889 1190 ,nulla
921 1128 1065 1191 sententIa
1097 1130 1339 1204 pronuncianda,
1368 1128 1426 1190 misr

222 1238 413 1316 praesentibus
439 1238 575 1301 omnibus
599 1238 760 1317 judicibus.
801 1240 892 1321 Quod
913 1240 933 1300 s1
954 1240 1078 1317 aliquis,
1098 1241 1191 1302 morbi
1214 1257 1266 1302 aut
1287 1244 1427 1303 alterius

223 1352 262 1413 rei
281 1352 382 1428 causa,
400 1350 451 1413 diu
468 1351 605 1413 ConciIIo
624 1350 756 1413 interesse
775 1371 835 1413 non
853 1354 980 1428 poterit,
997 1354 1071 1414 alius
1081 1356 1118 1414 ad
1130 1354 1160 1416 id
1171 1369 1287 1431 tempus
1300 1355 1423 1435 eligen-

225 1468 295 1541 dus,
313 1464 364 1541 qui
383 1464 471 1542 ipsius
495 1466 592 1526 locum
618 1464 761 1540 suppleat.
803 1466 835 1525 In
858 1464 1000 1544 suffragiis
1021 1481 1117 1528 autem
1139 1466 1267 1528 serendis
1289 1467 1425 1528 debebit

225 1576 421 1654 unusquisque
442 1576 613 1638 sententiam
635 1575 712 1637 suam
734 1595 794 1637 non
815 1577 909 1653 palam
930 1576 1042 1652 dicere,
1060 1578 1110 1639 sed
1131 1578 1249 1639 calculis
1271 1579 1423 1640 indicare.

266 1692 292 1771 ᾗ.
314 1691 422 1751 ΧΧΙΧ.
459 1689 555 1767 Hujus
576 1706 607 1751 et
628 1689 822 1767 praecedentis
843 1688 971 1751 Concilii
992 1690 1166 1752 vicariorum
1188 1691 1396 1751 emolumenta
1409 1690 1425 1723 *

226 1804 280 1865 srnt
301 1804 332 1838 **
363 1802 456 1878 primo
488 1820 606 1878 corum,
639 1802 689 1879 qui
722 1800 825 1862 mortis
857 1801 985 1862 damnati
1017 1802 1084 1863 sunt
1111 1804 1147 1863 ab
1168 1801 1252 1879 ipsis,
1273 1818 1305 1862 et
1328 1803 1423 1862 etiam

227 1934 340 1990 eorum,
362 1914 412 1991 qui
435 1915 541 1975 summa
562 1916 687 1991 quadam
709 1913 822 1993 argenti
844 1914 1021 1988 plesiuntur.
1042 1916 1157 1976 Deinde
1178 1935 1216 1975 ex
1238 1934 1424 1991 unaquaque

230 2027 389 2101 sententia,
409 2045 495 2103 quarn
516 2028 552 2087 de
573 2028 661 2115 rebus
683 2025 821 2089 civilibus
843 2024 980 2100 tulerint,
1001 2028 1037 2085 ab
1055 2044 1092 2086 eo
1110 2027 1162 2103 qui
1183 2027 1268 2088 causa
1288 2026 1424 2098 cecidit,

229 2160 282 2217 pto
305 2140 420 2201 ratione
442 2139 535 2200 totius
558 2139 671 2199 summae
694 2155 805 2214 partem
828 2136 988 2213 aliquotam
1010 2137 1172 2213 accipiant,
1190 2156 1248 2214 qua
1258 2152 1422 2213 utrumque

229 2253 394 2314 ConciIIum
416 2254 552 2330 gaudeat.
596 2242 601 2249 '

270 2365 297 2444 ᾗ.
318 2364 410 2424 ΧΧΧ.
453 2363 507 2423 llis
539 2362 681 2423 Conciliis
713 2361 770 2421 alia
801 2360 1029 2423 subordinentur
1059 2360 1089 2421 in
1118 2378 1295 2436 unaquaque
1325 2362 1420 2429 urbe;

231 2497 353 2556 quorum
384 2477 470 2536 etIam
499 2477 623 2536 menrbra
652 2477 688 2534 ad
717 2473 808 2536 vitam
836 2474 903 2552 eligi
932 2492 992 2534 non
1013 2475 1141 2548 debent,
1161 2473 1210 2534 sed
1231 2473 1320 2533 etiam
1343 2491 1420 2549 quo-

232 2589 329 2652 tannis
350 2607 416 2664 pars
437 2587 533 2664 aliqua
555 2587 688 2665 eligenda
709 2605 747 2646 ex
769 2586 839 2647 solis
860 2585 992 2661 familiis,
1020 2604 1085 2661 quae
1103 2584 1133 2644 in
1152 2587 1252 2645 eadem
1273 2585 1420 2645 habitant.

230 2703 287 2763 Sed
309 2718 386 2776 opus
407 2718 468 2760 non
491 2699 531 2759 est
551 2699 613 2758 haec
635 2697 725 2758 latius
746 2695 889 2774 persequi.

270 2813 424 2893 §.XXXI
464 2809 582 2870 Militiae
610 2809 753 2884 stipendia
781 2810 861 2869 nulla
889 2809 1030 2870 solvenda
1057 2823 1190 2883 tempore
1214 2809 1312 2885 pacis,
1343 2825 1417 2870 tem·

230 2941 302 3000 pore
334 2937 429 2982 autem
461 2919 531 2980 belli
564 2920 599 2980 ils
630 2923 837 2981 tantummodo
870 2919 1044 2996 quotidiana
1072 2919 1213 2995 stipendIa
1233 2923 1347 2996 danda,
1369 2919 1418 2997 qui

231 3032 407 3111 quotidiano
439 3048 528 3107 opere
561 3031 651 3094 vitam
685 3031 856 3092 sustentant.
899 3033 941 3091 At
970 3034 1077 3106 duces,
1105 3047 1136 3090 ct
1162 3031 1265 3107 reliqui
1287 3029 1418 3092 officiarii

230 3144 418 3219 cohortium,
450 3144 529 3204 nulla
566 3143 621 3202 alia
657 3143 855 3203 emolumenta
887 3161 925 3202 ex
956 3143 1034 3202 bello
1070 3142 1263 3218 exspectanda
1293 3144 1419 3203 habeant

232 3272 336 3332 praeter
356 3254 480 3316 hostiam
503 3256 637 3330 predam.

273 3367 300 3446 §.
324 3367 445 3426 XXXII.
498 3366 528 3426 Si
560 3365 627 3442 quis
660 3365 831 3444 peregrinus
862 3365 985 3442 alicujus
1015 3366 1089 3428 civis
1119 3367 1205 3428 liliam
1237 3366 1267 3427 in
1298 3386 1417 3428 uxorem

235 3477 366 3553 duxerit,
387 3477 450 3553 ejus
471 3477 553 3536 liberi
577 3476 644 3537 sunt
666 3477 746 3539 clves
769 3477 920 3554 censendi,
937 3493 968 3538 et
985 3478 1014 3538 in
1033 3480 1170 3557 catalogo
1188 3479 1303 3539 familiae
1322 3478 1418 3538 mattis

235 3587 419 3650 inscribendi.
460 3581 533 3670 Qui'
552 3603 649 3648 autem
682 3607 718 3648 ex
752 3589 911 3668 peregrinis
941 3589 1112 3665 parentibus
1142 3593 1172 3650 in
1203 3589 1267 3666 ipso
1297 3589 1417 3665 imperio

237 3702 298 3763 nati
320 3717 349 3762 et
371 3701 487 3762 educati
510 3700 575 3763 sunt
587 3745 597 3776 ,
621 3700 655 3762 iis
676 3701 840 3763 constituto
864 3701 965 3778 aliquo
985 3702 1082 3779 pretio
1102 3704 1155 3782 Jus
1176 3701 1250 3763 civis
1270 3721 1308 3762 es
1329 3703 1417 3762 Chili-

238 3811 330 3872 archis
352 3809 475 3886 alicujus
495 3811 611 3872 samiliae
634 3830 726 3872 emere
750 3813 854 3887 liceat,
872 3829 903 3874 et
922 3812 952 3873 in
974 3814 1138 3891 catalogum
1158 3811 1286 3888 ejusdem
1308 3813 1416 3872 familiae

237 3923 406 3984 reserantur.
447 3923 511 3981 Nec
534 3922 677 3999 Imperio,
698 3923 811 3984 tametsi
833 3922 1004 3985 Chiliarchae
1025 3923 1203 3984 lucricausa
1225 3923 1348 4000 aliquem
1368 3943 1415 4000 pc·

271 4187 283 4216 a
320 4183 389 4236 Vcts.
408 4184 477 4250 Ilclg.
493 4184 520 4234 in
538 4183 667 4252 margine:
684 4187 838 4236 naaliarenta.

272 4291 299 4315 ¹¹
337 4283 406 4334 Vers.
422 4283 491 4349 Belg.
508 4283 593 4334 addit:
612 4283 685 4334 bona.
