2934 4900
663 254 844 314 Ethices
871 254 939 315 Paro
959 256 998 316 V.

632 431 961 492 PROPOSITIO
992 433 1030 491 V.
1432 444 1433 495 i

280 541 408 619 Affeiias
433 561 507 619 erga
533 560 608 619 tem,
635 563 721 621 quam
736 544 915 623 fimplioitet,
936 558 964 604 et
984 562 1038 603 non
1058 556 1092 605 ut
1111 544 1315 623 neoeffariam,
1336 566 1412 621 negot

237 668 271 714 ιιι
298 654 462 736 pofflbiiem,
492 674 579 731 neque
607 669 641 715 ut
670 662 875 732 contingentem
905 659 1112 732 imaginamur,
1140 660 1251 717 catenis
1278 658 1412 736 paribus,

237 772 359 829 omnium
378 768 415 846 est
434 772 586 830 maximas.
1432 756 1433 765 ἵ

634 898 1026 943 uumousrnnrtm

277 994 409 1056 Affeitus
428 1012 495 1073 erga
515 1012 590 1071 rem,
613 1012 699 1071 quam
719 994 837 1055 liberam
859 994 914 1055 esse
935 993 1138 1072 imaginamur,
1159 993 1250 1071 major
1270 994 1313 1055 est
1335 1012 1411 1071 quam
1432 966 1433 1023 i

236 1124 302 1183 erga
323 1106 502 1167 neeessariam
523 1106 595 1185 (por
614 1108 703 1185 Pron.
724 1124 773 1186 49.
790 1120 823 1185 p.
845 1107 906 1185 3.),
928 1122 958 1166 et
979 1106 1192 1181 consequenter
1211 1106 1308 1167 adhuc
1330 1105 1413 1180 major
1432 1126 1433 1163 1

236 1238 322 1295 quam
352 1237 419 1298 erga
449 1219 542 1293 iilam,
568 1238 653 1296 quam
682 1235 716 1279 ut
737 1218 897 1295 poffibilem
919 1219 966 1281 vel
987 1217 1207 1296 contingentem
1228 1196 1433 1295 imaginamur?

236 1331 307 1410 (por
327 1333 415 1412 Prop.
440 1348 484 1391 ιι.
501 1345 533 1410 p.
554 1333 607 1412 4).
648 1333 691 1391 At
723 1349 780 1392 rem
812 1330 937 1408 aliquam
968 1346 1001 1391 ut
1031 1330 1149 1391 liberam
1178 1330 1328 1407 imaginati
1350 1328 1412 1389 nihil

234 1441 314 1503 aliud
332 1441 388 1504 etse
405 1443 517 1519 potest,
535 1462 621 1520 quam
643 1446 726 1519 quod
747 1461 805 1504 rem
827 1442 991 1519 simpliciter
1011 1441 1211 1521 imaginamur,
1224 1443 1290 1502 dum
1304 1440 1412 1511 causas,

234 1556 380 1631 aquibus
407 1555 468 1631 ipsa
496 1558 533 1617 ad
561 1558 704 1634 agendum
732 1555 922 1617 determinata
951 1555 1026 1629 fuit,
1054 1554 1221 1633 ignoramus
1250 1552 1324 1633 (per
1350 1554 1412 1623 iiia,

235 1686 297 1744 qun
322 1673 354 1727 in
380 1666 471 1727 Sahal.
500 1668 606 1747 Prop.,
628 1680 674 1744 35.
694 1681 726 1746 p.
748 1685 776 1727 2.
797 1669 991 1747 ostendimus);
1021 1684 1089 1745 ergo
1112 1667 1231 1728 affedtus
1253 1684 1320 1743 erga
1343 1683 1411 1733 rem,

234 1796 320 1853 quam
348 1777 514 1853 simpliciter
542 1776 745 1855 imaginamur,
774 1777 887 1837 caeteris
914 1775 1032 1851 paribus
1053 1774 1144 1851 major
1164 1774 1221 1849 est,
1243 1792 1328 1851 quam
1352 1790 1411 1851 erga

233 1887 428 1965 neceiiariam,
449 1889 624 1965 poffibilem,
646 1890 694 1951 vei
716 1890 957 1967 contingentem,
980 1904 1009 1949 et
1031 1886 1243 1963 consequenter
1263 1886 1411 1946 maximus.

235 2002 269 2076 Q·
290 2002 327 2061 o.
347 2002 388 2063 u.

616 2145 947 2205 PROPOSITIO
978 2146 1030 2204 Vl.

276 2272 421 2347 Quatenus
441 2274 528 2333 Mens
547 2290 594 2331 res
613 2292 704 2331 omnes
723 2286 757 2331 nt
778 2272 949 2351 treceffariat
969 2272 1125 2347 intelligit,
1146 2286 1261 2331 eatenus
1282 2272 1412 2346 majorem

231 2386 263 2441 in
284 2381 402 2460 affetins
418 2388 577 2464 potentiam
597 2382 699 2460 habet,
715 2385 770 2462 sen
791 2388 884 2443 minus
904 2384 942 2442 ab
962 2382 1063 2460 itsdem
1079 2388 1207 2462 patitur.

627 2547 1027 2592 uumoustnnrtu

271 2634 359 2699 Mens
385 2657 430 2700 res
458 2659 559 2700 omnes
586 2640 755 2701 necessarias
784 2641 838 2702 eise
867 2641 1003 2719 intelligit
1034 2640 1105 2720 (per
1124 2643 1214 2718 Prop.
1235 2658 1282 2717 29.
1300 2654 1332 2719 p.
1357 2641 1411 2714 n),

230 2766 259 2809 et
280 2749 396 2810 infinito
425 2751 572 2812 causarum
601 2771 680 2812 nexu
707 2752 892 2813 determinari
914 2755 949 2814 ad
971 2753 1150 2814 existendum
1176 2769 1206 2813 et
1232 2755 1408 2828 operandum

229 2862 302 2939 (per
322 2864 412 2942 Prop.
434 2863 481 2922 28.
500 2876 532 2942 p.
547 2863 605 2942 1.);
625 2867 760 2940 adeoque
782 2863 853 2944 (per
874 2866 962 2943 Prop.
979 2863 1084 2944 pr'aec.)
1106 2880 1228 2925 eatenus
1249 2863 1355 2936 efficit,
1377 2876 1407 2922 ut

229 2975 265 3031 ab
288 2973 456 3048 affeiiibus,
477 2974 528 3050 qui
550 2993 587 3033 ex
608 2973 644 3035 iis
667 2975 819 3048 oriuntur,
840 2975 933 3036 minus
956 2975 1100 3051 patiatur,
1122 2990 1151 3036 et
1174 2978 1244 3054 (per
1261 2975 1406 3054 Prop.48.

224 3096 256 3163 p.
279 3087 321 3164 3.)
344 3085 438 3146 minus
459 3104 526 3164 erga
548 3084 624 3161 ipsas
645 3086 796 3148 afficiatur.
839 3089 872 3164 Q.
894 3091 931 3148 E.
950 3090 991 3150 D.

694 3254 947 3299 scuottum.

268 3349 338 3429 Quo
364 3348 427 3408 haec
455 3349 605 3427 cognitio,
634 3352 717 3426 quod
747 3351 855 3412 scilicet
884 3370 927 3412 ree
950 3349 1108 3412 neceiiariae
1130 3351 1201 3424 fint,
1223 3349 1313 3430 magis
1336 3351 1405 3410 cirta

226 3478 272 3520 reo
293 3460 463 3540 singulares,
484 3481 557 3537 quas
577 3462 740 3523 distinctius
762 3478 791 3523 tt
813 3464 902 3542 tnagis
925 3464 1024 3526 vivide
1047 3463 1241 3542 imaginamur,
1263 3464 1406 3532 versatur,

227 3590 264 3632 eo
292 3574 354 3632 haec
383 3572 494 3633 Mentis
515 3574 545 3633 in
566 3575 686 3635 affetius
716 3574 850 3650 potentia
873 3575 964 3650 major
985 3575 1041 3651 est3
1063 3578 1144 3651 quod
1166 3574 1225 3651 ipsa
1247 3576 1335 3635 etiam
1357 3593 1403 3632 cx-

227 3682 370 3757 perientia
402 3683 531 3745 testatur.
579 3685 722 3746 Videmus
755 3685 830 3746 enim
861 3685 1017 3748 Tristitiatn
1049 3687 1119 3748 boni
1151 3685 1293 3762 alicuius,
1326 3686 1403 3762 quod

228 3795 331 3869 periit,
359 3796 499 3874 mitigari,
526 3796 640 3858 simulac
667 3799 774 3874 homo,
803 3797 853 3873 qui
876 3798 904 3858 id
926 3799 1071 3874 perdidit,
1091 3797 1274 3874 confideret,
1293 3799 1400 3859 bonum

226 3905 296 3967 illud
318 3907 422 3968 servari
451 3909 527 3968 nulla
556 3909 669 3969 ratione
692 3907 826 3984 potuine.
867 3909 919 3970 Sic*
936 3910 1022 3970 etiam
1045 3910 1193 3985 videmus,
1214 3912 1296 3986 quod
1319 3925 1400 3969 nemo

226 4018 377 4078 miseretur
398 4017 535 4095 infantis,
556 4036 709 4096 propterea
732 4024 813 4098 quod
835 4021 924 4082 nescit
945 4021 1401 4098 loqui,ambulare,rati0cinati.

226 4143 257 4189 et
284 4133 365 4206 quod
394 4131 519 4208 denique
548 4147 595 4193 tot
623 4151 715 4194 annos
744 4133 822 4210 quast
845 4133 886 4194 sui
908 4133 1013 4196 inscius
1034 4135 1127 4197 vivat.
1168 4137 1209 4196 At
1231 4133 1251 4194 fi
1273 4135 1400 4212 plerique

225 4240 334 4313 adulti,
355 4255 385 4298 et
405 4259 481 4300 unus
503 4258 553 4300 aut
574 4244 645 4301 aiter
665 4243 761 4303 infans
783 4245 984 4318 nascerentur,
1007 4261 1068 4306 tum
1091 4265 1328 4323 unumquemque
1350 4246 1399 4306 mi-
