2934 4900
239 321 294 387 128
653 319 834 386 Ethicee
861 319 930 384 Part
949 321 1002 386 ils.

236 504 309 565 ordo
341 501 487 566 adionunr
519 518 549 563 et
579 501 739 578 passionum
770 499 912 578 Corporis
943 499 1031 564 nostri
1062 499 1142 563 rimus
1163 499 1198 563 stt
1218 505 1325 564 naturd
1360 519 1435 562 cum

235 615 338 678 ordine
359 614 505 678 actionum
526 629 556 676 et
578 615 737 691 passionum
767 613 897 690 Mentis;
928 614 1020 697 Quod
1042 613 1129 676 etiam
1151 629 1235 691 patet
1255 633 1293 675 ex
1313 617 1433 687 modo,

235 745 296 804 quo
318 727 551 804 Propositionem
576 743 620 788 ια.
646 725 741 806 Partis
761 744 790 788 2.
812 725 1085 789 demonstravimus.
1124 727 1183 802 At,
1201 726 1338 804 quamvis
1362 725 1432 786 haec

234 839 275 900 ita
297 839 491 916 terraneam,
520 856 553 900 ut
581 840 658 900 nulla
688 839 843 900 dubitandi
868 838 944 900 ratio
965 839 1102 916 supersit,
1123 837 1175 902 vix
1196 853 1293 900 tamen
1314 839 1431 908 credo,

234 951 285 1013 nist
318 970 376 1013 rem
407 951 589 1029 experientia
621 954 872 1028 comprobavero,
903 950 1037 1014 homines
1069 951 1169 1012 induci
1197 949 1278 1026 posse
1298 952 1338 1011 ad
1360 949 1430 1010 haec

234 1083 321 1142 aequo
349 1064 445 1128 animo
473 1067 729 1144 perpendendum
758 1067 833 1126 adeo
854 1064 972 1125 firmiter
993 1062 1117 1140 persuasi
1138 1062 1222 1139 sunt,
1241 1061 1363 1138 Corpus
1388 1079 1428 1120 ex

232 1178 296 1240 solo
318 1179 430 1240 Mentis
451 1194 527 1241 nutu
543 1179 603 1256 jam
624 1179 753 1255 moveri,
770 1178 829 1255 jam
852 1177 1016 1255 quiescere,
1033 1176 1215 1253 plurimaque
1235 1193 1335 1254 agere,
1355 1191 1428 1251 quar

233 1308 249 1351 a
270 1290 328 1352 sola
350 1291 463 1352 Mentis
485 1293 640 1355 voluntate
661 1306 691 1352 et
713 1290 904 1370 excogitandi
926 1306 988 1352 arte
1010 1291 1150 1366 pendent.
1190 1287 1328 1363 Etenim,
1349 1289 1428 1363 quid

233 1401 350 1480 Corpus
372 1405 472 1480 possit,
494 1421 579 1464 nemo
601 1403 659 1464 huc
680 1401 773 1480 usque
795 1401 1019 1479 determinavit,
1039 1401 1097 1462 hoc
1119 1400 1176 1477 est,
1196 1399 1342 1463 neminem
1363 1399 1428 1459 huc

233 1515 324 1591 usque
346 1515 526 1593 experientia
547 1515 667 1589 docuit,
687 1515 760 1592 quid
778 1515 896 1591 Corpus
918 1533 956 1575 ex
976 1513 1047 1575 solis
1067 1512 1180 1592 legibus
1198 1513 1426 1588 Naturae,qua-

232 1643 319 1688 tenus
341 1645 482 1704 corporea
504 1641 618 1688 tanturn
639 1626 849 1701 confideratur,
869 1627 955 1703 posit
976 1643 1077 1704 agere,
1100 1639 1130 1685 et
1151 1625 1224 1701 quid
1240 1641 1302 1685 non
1319 1624 1427 1699 poffit,

232 1736 283 1798 nid
305 1757 321 1799 a
341 1741 445 1801 Mente
467 1739 685 1800 determinetur.
727 1741 803 1798 Nam
825 1755 912 1799 neruo
933 1737 1085 1813 hucusque
1106 1735 1248 1812 Corporis
1280 1734 1425 1794 fabricam

232 1866 291 1910 tarn
313 1868 446 1913 accurate
469 1851 573 1927 novit,
594 1868 628 1912 ut
649 1867 751 1912 omnes
772 1849 836 1927 ejus
858 1849 1025 1911 fundbiones
1047 1849 1180 1926 potuerit
1200 1847 1365 1924 explicare,
1386 1863 1426 1906 ut

228 1961 288 2038 jam
310 1980 437 2040 taceam,
466 1967 548 2042 quod
568 1965 599 2026 in
620 1964 717 2025 Brutis
739 1965 822 2040 plura
843 1964 1052 2042 observentur,
1078 1982 1144 2040 quae
1164 1964 1317 2024 humanam
1340 1962 1424 2040 saga·

233 2073 350 2137 citatem
368 2077 456 2156 longe
474 2077 627 2154 superant,
646 2093 676 2138 et
695 2079 777 2154 quod
794 2076 985 2139 somnambusi
1003 2077 1033 2138 in
1052 2075 1159 2138 somnis
1178 2075 1299 2153 plurima
1317 2091 1424 2154 agant,

233 2205 297 2264 quae
319 2188 470 2267 vigilando
492 2207 551 2250 non
574 2192 731 2265 auderent;
761 2193 842 2267 quod
864 2191 933 2251 satis
955 2189 1098 2265 ostendit,
1127 2188 1220 2266 ipsum
1240 2188 1360 2265 Corpus
1381 2205 1421 2247 ex·

231 2297 299 2361 solis
331 2301 388 2362 suae
420 2317 529 2363 naturae
558 2301 671 2382 legibus
699 2303 790 2363 multa
819 2302 918 2380 posse,
945 2322 1010 2380 quae
1033 2301 1120 2379 ipsius
1142 2303 1229 2363 Mens
1250 2301 1419 2362 admiratur.

230 2413 345 2477 Deinde
367 2432 452 2476 nenio
479 2415 550 2492 scit,
571 2433 629 2493 qua
649 2415 781 2491 ratione,
803 2416 947 2494 quibusve
968 2415 1070 2478 mediis
1091 2417 1180 2477 Mens
1199 2429 1319 2479 moveat
1340 2415 1417 2476 Cor-

231 2545 303 2604 pus,
330 2546 424 2605 neque
454 2545 528 2606 quot
557 2531 667 2591 motds'
683 2533 788 2609 gradus
817 2532 902 2606 possit
923 2530 1050 2607 Corpori
1078 2529 1223 2605 tribuere,
1244 2546 1416 2607 quantaque

230 2660 295 2703 curn
324 2642 472 2704 celeritate
500 2644 577 2704 idem
605 2661 724 2707 movere
754 2660 852 2721 queat.
894 2646 984 2707 Unde
1013 2644 1160 2721 sequitur,
1187 2662 1253 2706 cum
1280 2643 1417 2703 homiues

230 2755 349 2831 dicunt,
369 2754 443 2816 hanc
465 2755 609 2818 velillum
631 2756 776 2819 astionem
797 2755 941 2833 Corporis
963 2756 1031 2817 oriri
1053 2776 1069 2817 a
1091 2758 1213 2835 Mente,
1231 2774 1298 2833 quae
1320 2756 1412 2831 impe·

229 2866 301 2927 rium
329 2866 359 2928 in
387 2866 504 2945 Corpus
532 2867 638 2946 habet,
667 2888 719 2930 eos
748 2868 874 2944 nescire,
903 2868 975 2946 quid
1001 2868 1117 2946 dicant,
1139 2887 1193 2930 nec
1214 2869 1293 2930 aliud
1314 2887 1417 2947 agere,

230 2997 315 3055 quarn
344 2978 481 3055 speciosis
509 2981 607 3044 verbis
636 2980 738 3057 fateri,
759 2981 788 3041 se
810 3000 907 3045 veram
930 2981 1007 3042 illius
1028 2980 1152 3043 astionis
1172 2979 1284 3042 causam
1305 2980 1417 3055 absque

229 3091 420 3153 admiratione
448 3092 591 3172 ignorare.
633 3096 676 3156 At
704 3092 820 3170 dicent,
847 3094 907 3157 srve
929 3093 1037 3169 sciant,
1059 3094 1118 3156 save
1140 3092 1284 3168 nesciant,
1307 3092 1417 3168 quibus

229 3201 330 3264 mediis
358 3204 445 3267 Mens
473 3220 592 3266 moveat
621 3203 756 3282 Corpus,
785 3206 813 3265 se
842 3222 937 3266 tamen
967 3205 1111 3283 experiri,
1131 3207 1232 3281 quod,
1253 3202 1303 3265 nili
1325 3204 1416 3263 Mens

192 3306 195 3311 ’
227 3310 351 3377 humana
373 3332 441 3393 apta
463 3316 533 3377 esset
555 3320 591 3377 ad
613 3318 860 3396 excogitandum,
888 3318 1006 3395 Corpus
1027 3318 1103 3378 iners
1125 3318 1205 3378 esset.
1246 3317 1363 3383 Deinde
1385 3315 1415 3375 se

181 3446 186 3459 ·
228 3426 370 3504 experiri,
398 3426 427 3488 in
457 3410 517 3490 sola
545 3429 658 3490 Mentis
687 3429 833 3505 potestate
859 3427 933 3505 esse,
954 3444 1011 3489 tam
1034 3427 1117 3505 loqui
1138 3447 1225 3505 quam
1246 3443 1361 3503 tacere,
1384 3444 1415 3487 et

228 3537 282 3599 alia
310 3542 416 3616 multa,
444 3560 510 3618 quae
539 3541 663 3619 proinde
685 3560 701 3601 a
722 3541 835 3601 Mentis
864 3545 984 3603 decreto
1013 3544 1141 3619 pendere
1163 3544 1296 3603 credunt.
1337 3543 1414 3614 Sed,

228 3652 309 3725 quod
337 3654 373 3711 ad
397 3656 525 3731 primum
555 3652 679 3730 attinet,
708 3653 787 3729 ipsos
816 3672 907 3733 rogo,
934 3673 1002 3715 num
1031 3654 1213 3730 experientia
1241 3672 1303 3715 non
1323 3653 1412 3714 etiam

228 3764 350 3837 doceat,
373 3762 494 3839 quodsi
516 3780 619 3826 contra
639 3765 758 3841 Corpus
779 3765 856 3827 iners
877 3765 927 3841 stt,
954 3768 1042 3827 Mens
1062 3765 1142 3829 fimus
1164 3769 1200 3828 ad
1222 3766 1412 3845 cogitandum

226 3875 261 3937 srt
283 3874 407 3952 inepta?
439 3878 514 3938 Nam
536 3896 601 3939 cunt
622 3877 739 3955 Corpus
761 3878 863 3940 somno
886 3877 1027 3955 quiescit,
1048 3880 1137 3940 Mens
1155 3879 1237 3940 fimul
1258 3898 1324 3940 cum
1346 3878 1412 3954 ipso

226 3986 324 4062 sopita
345 4002 455 4064 manet,
477 4007 531 4050 nec
552 3989 728 4067 potestatem
748 3991 853 4066 habet,
874 3990 968 4052 veluti
990 4010 1055 4053 cunr
1076 3991 1194 4069 vigilat,
1212 3990 1412 4070 excogitandi.

227 4098 343 4160 Deinde
365 4117 467 4161 omnes
487 4118 627 4178 expertos
649 4102 704 4164 esse
725 4105 973 4180 credo,Mentenr
995 4122 1055 4164 non
1077 4104 1188 4180 semper
1209 4120 1292 4179 aeque
1313 4120 1411 4179 aptam

228 4209 283 4271 esse
312 4214 348 4272 ad
376 4210 564 4289 cogitandum
594 4217 630 4275 de
660 4218 764 4277 eodem
793 4215 942 4293 subjedo,
968 4214 1035 4291 sed,
1062 4230 1151 4291 prout
1172 4215 1291 4291 Corpus
1312 4215 1411 4291 aptius

227 4322 283 4397 est,
311 4338 344 4383 ut
372 4322 402 4382 in
431 4342 467 4383 eo
496 4324 583 4402 huJus
612 4328 659 4389 vel
684 4328 762 4389 illius
782 4328 891 4405 objedbi
912 4328 1007 4407 imago
1030 4328 1192 4406 excitetur,
1212 4327 1254 4390 ita
1275 4330 1408 4390 Mentem
