2934 4900
444 332 500 392 De
531 331 802 395 Affectibus.
1164 348 1217 411 151

52 511 203 586 templamur
223 509 293 590 (per
313 510 403 588 Prop.
425 526 471 586 30.
491 507 607 589 hujus):
626 527 696 589 crgo
715 529 777 587 quo
791 511 894 589 majori
910 511 1017 574 affedlu
1027 529 1086 573 tem
1097 525 1220 572 amatam

53 640 105 700 erga
122 640 173 684 nos
192 621 323 684 alletlam
344 620 400 682 elle
417 620 619 701 imaginamur,
638 640 675 682 eo
693 622 796 698 majori
814 622 935 683 Laetitia
951 638 1068 685 nosmet
1086 637 1219 684 contem-

52 733 188 808 plabimur,
216 732 275 795 save
303 731 374 813 (per
397 731 496 794 'Scitol
525 733 614 812 Prop.
642 749 689 808 30.
720 730 821 811 nujus)
850 750 887 792 eo
915 731 1006 812 magia
1026 731 1223 810 gloriabimur.

54 846 79 920 Q.
97 845 129 906 E.
147 846 185 906 D.

378 1003 709 1064 PROPOSlTlO
751 1003 874 1064 XXXV.

83 1112 185 1189 Siquis
201 1115 386 1189 imaginatur
402 1129 463 1172 rem
478 1124 608 1171 amatam
625 1113 717 1172 eodem
734 1113 783 1172 vel
797 1115 924 1174 ariiiom
940 1116 1052 1174 vinculo
1064 1115 1223 1190 Amicitia,

55 1245 95 1301 qm
111 1227 167 1305 ipse
185 1228 281 1285 eadem
294 1225 377 1302 folus
393 1223 576 1303 potiebatur,
597 1225 689 1284 alium
705 1226 764 1303 fibi
781 1226 923 1303 jungere,
946 1227 1017 1286 Odia
1039 1246 1112 1304 erga
1127 1228 1223 1306 ipsam

55 1357 101 1395 rem
117 1353 238 1399 amatam
258 1338 421 1416 afficietur,
441 1351 470 1397 et
490 1336 537 1396 illi
555 1337 646 1398 alteri
664 1337 816 1400 invidebit.

428 1516 826 1561 oauonscnnnro

84 1612 143 1692 Quo
160 1612 224 1690 quis
242 1611 350 1689 majore
370 1629 465 1673 amore
484 1628 542 1671 rem
560 1626 682 1672 amatam
702 1630 769 1691 erga
787 1611 816 1672 se
829 1613 959 1675 alsenam
971 1612 1026 1674 elle
1037 1612 1222 1693 imaginatur,

55 1739 82 1780 eo
106 1723 188 1803 magia
215 1721 390 1803 gloriabitur
417 1721 488 1802 (per
511 1723 635 1801 praem.
661 1724 784 1802 Prop.),
808 1725 867 1784 hoc
887 1725 928 1785 est
950 1725 1021 1804 (per
1042 1724 1111 1786 Scit.
1132 1727 1222 1806 Prop.

57 1851 91 1908 30.
124 1835 218 1917 liujus)
251 1835 415 1910 laetabitur;
448 1837 580 1911 adeoque
613 1836 684 1914 (per
715 1837 805 1915 Prop.
836 1837 884 1897 28.
916 1835 1018 1919 hujus)
1049 1838 1222 1914 conabitur,
1337 1889 1341 1896 .

57 1963 176 2021 quantum
194 1948 309 2026 potest,
326 1946 474 2027 imaginari
491 1965 550 2008 rem
569 1963 690 2008 amatam
709 1947 762 2024 ipst
781 1967 867 2025 quam
884 1950 1030 2012 atdiffime
1042 1950 1223 2027 devindem3

58 2057 95 2130 qui
121 2059 233 2136 quidem
270 2073 397 2120 conatus
427 2058 486 2120 srve
518 2058 670 2135 appetitus
697 2060 895 2138 fomentatur,
923 2060 944 2121 st
966 2060 1052 2123 alium
1073 2062 1149 2124 idem
1170 2062 1222 2123 srbi

60 2185 144 2244 cupere
164 2170 338 2251 imaginatur
359 2171 430 2250 (per
450 2171 539 2250 Prop.
562 2187 609 2247 31.
631 2169 742 2251 hujus).
773 2172 816 2232 At
836 2171 885 2233 hic
906 2189 1032 2235 conatus
1051 2173 1112 2237 save
1132 2193 1222 2252 appe-

58 2277 114 2341 titus
138 2286 171 2344 ab
198 2283 288 2362 iplius
313 2282 353 2344 rei
374 2297 475 2343 amatae
498 2281 622 2362 imagine
644 2283 864 2344 concomitante
885 2283 1010 2364 imagine
1031 2284 1114 2361 llius,
1135 2301 1223 2362 quem

59 2409 192 2458 resanata
211 2395 264 2458 sibi
282 2395 398 2477 jungit,
416 2395 543 2458 coerceri
561 2393 755 2473 supponitut;
773 2413 843 2475 ergo
862 2397 934 2477 (per
952 2395 1046 2458 Schol.
1064 2397 1155 2477 Prop.
1177 2413 1222 2458 rr.

58 2501 135 2585 lajas)
162 2528 197 2571 eo
219 2508 285 2587 ipso
306 2508 437 2570 Tristitia
458 2508 617 2584 afficietur,
638 2510 860 2571 concomitante
881 2508 946 2571 idea
968 2509 1008 2571 rei
1032 2525 1134 2571 amatae
1155 2525 1220 2571 tan·

59 2634 123 2691 quam
142 2621 240 2699 causa,
261 2638 291 2683 et
313 2621 394 2683 simul
415 2620 540 2700 imagine
562 2620 699 2697 alterius;
719 2621 777 2683 hoc
800 2621 841 2682 est
862 2623 934 2701 (per
953 2620 1047 2683 Scltol.
1066 2624 1156 2701 Prop.
1177 2639 1221 2699 13.

58 2725 150 2811 lusus),
171 2735 243 2797 odio
265 2752 331 2813 erga
352 2752 410 2794 rem
432 2749 555 2795 amatam
578 2732 737 2809 afficietur,
757 2749 787 2794 et
808 2731 890 2793 fimtrl
909 2751 977 2812 erga
999 2733 1079 2794 illum
1099 2735 1220 2795 alterum

59 2840 111 2917 (pir
135 2847 235 2907 Caroli.
263 2848 352 2925 Prop.
376 2858 421 2921 15.
443 2844 561 2925 hujus),
582 2846 631 2907 cui
652 2860 809 2922 propterea
831 2845 902 2924 (per
922 2846 1011 2925 Prop.
1033 2863 1081 2923 23.
1103 2844 1221 2924 buflis),

58 2955 118 3024 quod
136 2974 163 3017 re
183 2971 279 3019 amata
299 2958 475 3035 delectatur,
498 2956 653 3019 invidebit.
687 2958 720 3035 Q.
743 2958 780 3017 Ε.
801 2958 842 3018 D.

498 3118 702 3163 scrroetu
716 3119 753 3161 m.

86 3210 141 3273 lloc
167 3214 274 3277 Odium
297 3230 364 3293 erga
384 3232 443 3274 rent
465 3228 588 3273 amatam
610 3211 735 3276 Invidiae
752 3211 886 3289 juntium
909 3213 1061 3293 Zelotypia
1081 3228 1224 3291 vocatur,

59 3338 106 3395 qua
129 3328 247 3402 proinde
275 3326 347 3388 nihil
374 3326 453 3388 aliud
481 3326 538 3401 est,
569 3344 654 3402 quam
677 3324 765 3385 animi
786 3325 942 3387 fluduatio
965 3340 1031 3387 otta
1052 3344 1090 3387 ex
1111 3327 1221 3389 Amore

59 3448 80 3489 et
101 3436 169 3499 Odio
194 3439 294 3516 srmul‚
322 3438 541 3500 concomitante
571 3437 636 3499 idea
663 3437 800 3513 alterius,
820 3436 869 3498 cui
891 3436 1050 3500 invidetur.
1081 3439 1223 3502 Ptaeterea

59 3541 101 3603 loc
126 3549 228 3613 Odium
259 3569 326 3631 erga
357 3569 415 3613 rem
445 3566 567 3611 amatam
597 3548 688 3627 majus
710 3548 766 3609 erit
786 3567 841 3626 pro
862 3548 977 3611 tatione
999 3550 1143 3627 Laetitia,
1164 3572 1222 3630 qua

58 3653 197 3739 Zelotypus
218 3682 255 3725 cx
277 3662 429 3740 reciproco
450 3662 492 3724 rei
515 3677 617 3723 amata
640 3662 750 3723 Amore
772 3662 884 3723 solebat
905 3661 998 3737 affici,
1016 3677 1046 3723 et
1064 3662 1151 3725 etiam
1167 3682 1223 3742 pto

58 3767 145 3865 ratione
174 3776 312 3851 effeetus,
344 3794 406 3852 quo
438 3792 503 3855 erga
536 3774 633 3850 illum,
665 3792 751 3852 quem
782 3773 835 3835 nbi
863 3793 923 3836 rem
951 3791 1075 3837 amatam
1099 3777 1223 3857 jungere

58 3874 220 3964 bagmam,
247 3888 368 3951 affeilus
396 3903 468 3949 crat.
508 3889 584 3949 Nam
605 3885 625 3948 Ii
647 3906 713 3948 eum
736 3888 855 3963 oderat,
876 3906 914 3947 eo
936 3886 1000 3963 ipso
1020 3906 1078 3949 rem
1099 3905 1222 3952 amatam

60 3986 112 4066 (ptr
137 4000 218 4080 Prop.
248 4018 296 4080 24.
317 3999 419 4079 basiis)
441 3999 514 4061 odio
534 3997 673 4075 habebit,
695 3998 765 4076 quia
787 3998 876 4076 ipsam
897 3998 945 4075 id,
966 4002 1049 4076 quod
1068 4000 1129 4077 ipse
1150 4002 1223 4064 odio

58 4100 141 4182 labet,
165 4111 282 4175 Laetitia
310 4111 423 4173 allicere
453 4110 642 4191 imaginatut3
670 4126 701 4171 et
728 4110 816 4172 etiam
846 4112 919 4191 (per
941 4112 1044 4172 Caroli.
1064 4113 1154 4191 Prop.
1177 4126 1222 4189 15.

60 4210 138 4298 hujus)
164 4242 198 4285 er
227 4244 281 4300 eo,
309 4227 391 4302 quod
419 4224 460 4285 rei
490 4240 591 4287 amatae
614 4222 769 4303 imaginem
790 4222 909 4303 imagini
930 4222 1011 4301 ejus,
1032 4242 1119 4301 quem
1140 4225 1224 4301 odit,

34 4321 155 4405 *iungere
178 4336 301 4417 cogitur.
340 4336 415 4419 Quae
444 4336 521 4399 ratio
552 4338 723 4415 plerumque
744 4337 844 4399 locum
864 4335 955 4397 habet
975 4335 1006 4399 in
1025 4337 1136 4398 Amore
1156 4354 1224 4415 erga
