2934 4900
211 327 271 414 464
686 325 927 396 Tractatds

211 513 286 572 clare
315 514 420 587 docet,
448 512 543 573 Deum
572 508 628 572 else
657 512 846 589 zelotypum,
875 529 929 572 nec
952 511 1036 572 ullibi
1056 491 1163 587 docet,
1183 513 1280 574 Deum
1303 529 1405 572 carere

212 621 387 696 passionibus
408 620 467 683 five
488 620 575 681 animi
597 621 793 698 pathematis,
813 621 882 684 hinc
904 623 990 700 plane
1011 627 1261 701 concludendum,
1283 627 1405 686 Mosem

210 733 268 794 hoc
296 732 389 808 ipsum
417 731 583 810 credidisse,
611 749 662 796 aut
690 733 789 795 saltem
818 737 924 796 docere
945 735 1087 813 voluisse,
1112 737 1303 814 quantumvis
1323 738 1405 798 hanc

210 844 382 906 sententiam
414 844 537 906 Rationi
568 863 728 924 repugnare
757 849 916 908 credamus.
957 850 1051 924 Nam,
1071 863 1105 909 ut
1120 847 1180 926 jam
1201 849 1406 922 ostendimus,

210 957 297 1020 nobis
326 976 385 1019 non
414 957 482 1019 licet
503 961 538 1018 ad
561 958 714 1020 diflamina
736 959 839 1020 nostrae
857 960 997 1021 Rationis
1018 975 1049 1021 et
1070 964 1106 1022 ad
1127 962 1238 1024 nostras
1262 980 1405 1037 praecon-

210 1084 312 1147 ceptas
344 1069 501 1146 opiniones
533 1085 658 1132 mentem
688 1071 846 1148 scripture
880 1088 1035 1150 torquere,
1065 1074 1116 1135 sed
1143 1087 1208 1135 tota
1234 1073 1404 1136 Bibliorum

210 1179 343 1260 cognitio
365 1182 401 1240 ab
423 1180 523 1243 iisdem
545 1181 614 1242 solis
635 1181 676 1242 est
698 1185 836 1258 petenda.

249 1293 301 1352 111.
340 1291 477 1369 Denique
505 1309 635 1354 enarrare
663 1295 752 1354 debet
781 1294 843 1356 haec
862 1294 980 1357 historia
1001 1297 1083 1358 casus
1105 1295 1235 1359 omnium
1255 1297 1404 1360 librorum

209 1405 436 1482 Prophetarum,
457 1403 581 1482 quoruui
602 1406 741 1466 memoria
762 1410 842 1483 apud
863 1427 919 1469 nos
940 1408 995 1486 est,
1016 1409 1156 1472 videlicet
1173 1409 1278 1486 vitam,
1290 1429 1406 1486 mores,

209 1536 243 1578 ac
260 1517 354 1578 studia
374 1517 505 1580 authoris
527 1517 754 1595 uniuscujusque
775 1519 858 1594 libri;
879 1520 1011 1596 quisnam
1029 1521 1135 1597 fuerit,
1152 1539 1210 1598 qua
1227 1520 1405 1597 occasrone,

208 1647 269 1706 quo
297 1643 447 1706 tempore,
475 1629 541 1708 cui,
561 1644 591 1690 et
612 1630 740 1708 denique
761 1649 819 1708 qua
839 1631 939 1710 lingua
960 1631 1112 1709 scripserit.
1152 1632 1267 1694 Deinde
1294 1633 1404 1694 unius·

139 1807 142 1814 ,
208 1740 349 1819 qu'usque
376 1741 442 1801 libri
470 1742 633 1802 fortunam:
662 1759 767 1818 nempe
797 1746 950 1819 quomodo
976 1743 1057 1818 prius
1078 1759 1218 1820 acceptus
1239 1741 1347 1820 fuerit,
1371 1763 1405 1804 ct

208 1853 237 1913 in
260 1869 384 1930 quorum
404 1871 506 1914 manus
526 1852 677 1927 inciderit,
699 1854 805 1916 deinde
827 1870 903 1931 quot
924 1853 987 1931 ejus
1008 1854 1095 1916 variae
1113 1854 1253 1916 lectiones
1270 1855 1403 1930 fuerint,

208 1979 239 2024 et
260 1981 384 2041 quorum
405 1964 534 2025 concilio
556 1963 632 2024 inter
652 1963 749 2026 sacros
766 1981 907 2041 acceptus
925 1964 1031 2041 fuerit,
1048 1981 1078 2025 et
1095 1965 1224 2043 denique
1241 1968 1403 2042 quomodo

208 2093 309 2138 onmes
335 2076 418 2152 libri,
445 2095 521 2153 quos
550 2092 651 2136 omnes
678 2075 737 2153 jam
760 2077 856 2138 sacros
871 2076 934 2138 effe
957 2079 1102 2153 fatentur,
1123 2077 1153 2137 in
1174 2095 1263 2138 unum
1284 2094 1403 2153 corpus

207 2187 378 2249 coaluerint.
420 2189 491 2248 Haec
514 2187 628 2263 omnia,
647 2188 782 2265 inquam,
803 2186 922 2250 historia
942 2188 1100 2265 Scripturas
1120 2187 1272 2249 continere
1292 2189 1402 2250 debet.

206 2302 281 2362 Nam
303 2317 336 2362 ut
358 2299 496 2376 sciamus,
517 2318 651 2377 quanam
671 2300 825 2362 sententiar
846 2315 985 2376 tanquam
1005 2301 1085 2379 leges
1106 2301 1299 2378 proferantur,
1309 2318 1402 2376 quae·

206 2431 271 2475 nam
293 2431 365 2476 vero
385 2429 523 2491 tanquam
545 2415 724 2475 documenta
744 2412 880 2489 moralia,
902 2414 990 2475 refert
1012 2412 1082 2474 scire
1104 2413 1211 2487 vitam,
1229 2431 1344 2489 mores,
1365 2433 1401 2474 ac

206 2524 298 2587 studia
320 2524 465 2601 authoris;
488 2528 561 2587 adde
583 2527 666 2602 quod
683 2542 719 2586 eo
736 2522 852 2587 facilius
873 2526 962 2588 verba
983 2523 1107 2602 alicujus
1127 2524 1272 2601 explicare
1292 2526 1401 2600 possu-

206 2658 285 2715 mus,
314 2657 374 2717 quo
402 2638 466 2715 ejus
493 2638 610 2718 genium
633 2655 663 2700 et
685 2638 833 2717 ingenium
862 2638 965 2701 melius
983 2639 1161 2701 noverimus.
1201 2639 1335 2715 Deinde,
1360 2660 1400 2701 ne
1451 2563 1454 2702 h

205 2756 381 2815 documenta
408 2765 515 2813 aetema
543 2770 608 2813 cum
637 2750 690 2827 iis,
719 2770 785 2829 quae
807 2754 844 2813 ad
865 2767 982 2828 tempus
1002 2768 1133 2827 tantum,
1154 2754 1203 2815 vel
1222 2750 1324 2828 paucis
1348 2754 1400 2813 so·

204 2868 353 2928 lummodo
376 2883 412 2925 ex
435 2864 489 2926 usu
510 2879 647 2940 poterant
669 2863 743 2941 esse,
763 2866 995 2940 confundamus,
1016 2866 1105 2926 refert
1126 2865 1214 2926 etiam
1234 2863 1321 2938 scire,
1334 2885 1399 2941 qua

205 2979 371 3053 occasione,
392 2993 452 3055 quo
474 2992 621 3053 tempore,
639 2992 670 3037 et
689 2976 738 3038 cui
756 2977 870 3039 nationi
889 2992 940 3039 aut
958 2976 1080 3054 saeculo,
1097 2978 1194 3040 omnia
1215 2979 1398 3039 documenta

205 3088 310 3165 scripta
341 3090 470 3151 fuerunt.
516 3089 621 3149 Refert
653 3088 780 3165 denique
812 3088 944 3166 reliqua,
976 3106 1042 3166 quae
1073 3103 1213 3165 preterea
1243 3085 1396 3162 diximus,

204 3202 292 3277 scire,
321 3216 354 3263 ut
375 3216 481 3279 praeter
501 3200 566 3262 libri
589 3200 730 3279 cujusque
760 3201 969 3263 authoritatem
995 3201 1082 3263 etiam
1102 3201 1242 3277 sciamus,
1262 3218 1331 3261 num
1356 3204 1394 3260 ab

204 3312 373 3375 adulterinis
404 3312 538 3373 manibus
570 3313 756 3390 conspurcari
789 3314 938 3391 potuerit,
970 3334 1006 3375 an
1038 3312 1148 3390 minum
1179 3332 1248 3375 num
1278 3330 1394 3373 errores

203 3424 383 3503 irrepserint,
416 3444 484 3487 num
507 3424 615 3487 avitis
647 3424 715 3486 satis
744 3424 847 3501 peritis
875 3441 905 3487 et
933 3426 991 3487 fide
1011 3425 1107 3504 dignis
1127 3423 1248 3486 correfti
1269 3422 1392 3484 fuerint.

204 3538 278 3619 Quae
300 3537 397 3597 omnia
419 3535 493 3598 scitu
514 3538 671 3598 admodum
693 3535 846 3598 necessaria
867 3536 950 3612 sunt,
972 3552 1006 3598 ut
1027 3554 1065 3597 ne
1085 3554 1168 3597 coeco
1189 3535 1300 3613 impetu
1321 3554 1391 3597 cor·

203 3650 295 3727 repti,
324 3648 466 3727 quicquid
494 3647 580 3709 nobis
610 3648 793 3723 obtruditur,
821 3650 870 3710 fed
899 3662 1013 3711 tantum
1041 3648 1089 3724 id,
1117 3650 1199 3726 quod
1226 3662 1337 3708 certum
1359 3663 1390 3707 et

202 3760 400 3822 indubitatum
422 3760 478 3835 est,
499 3761 711 3837 amplefiamur.

241 3871 304 3949 Jam
337 3868 489 3945 postquam
520 3868 595 3929 hanc
626 3868 773 3931 historiam
806 3869 963 3947 Scripturas
994 3868 1197 3945 habuerimus,
1219 3884 1250 3930 et
1269 3868 1389 3929 firmiter

203 3980 434 4055 decreverimus,
463 3980 534 4043 nihil
563 3996 700 4059 tanquam
729 3982 889 4044 doftrinam
909 3982 1121 4058 Prophetarum
1142 3996 1224 4042 certo
1245 3981 1387 4056 statuere,
1447 4031 1448 4060 ,

204 4098 285 4172 quod
307 4112 344 4154 ex
364 4092 418 4153 hac
439 4093 556 4155 historia
578 4113 638 4155 non
661 4094 807 4171 sequatur,
827 4110 879 4156 aut
900 4113 987 4171 quam
1007 4095 1151 4155 clarissime
1172 4093 1314 4169 eliciatur,
1323 4109 1385 4155 tum

203 4224 319 4283 tempus
348 4206 420 4281 erit,
447 4222 481 4267 ut
508 4210 544 4268 ad
572 4222 698 4269 mentem
719 4207 929 4282 Prophetarum
952 4222 981 4267 et
1003 4206 1130 4282 Spiritus
1149 4207 1246 4268 Sansii
1267 4207 1385 4269 invelli-

204 4321 325 4399 gandam
347 4336 402 4379 nos
423 4316 617 4396 accingamus.
637 4320 694 4381 Sed
717 4322 753 4381 ad
774 4320 832 4380 hoc
853 4320 940 4380 etiam
962 4320 1119 4382 methodus
1139 4334 1169 4380 et
1191 4321 1266 4380 ordo
1287 4321 1384 4398 requi·
1446 4293 1447 4332 ¹
