2934 4900
231 354 292 415 294
591 336 832 397 Tractatus
872 333 1058 397 Politici

233 515 269 571 ab
302 531 484 601 unoquoque
517 514 665 574 decretum
697 511 753 572 eise
786 509 960 572 censendum
980 511 1041 587 est;
1061 526 1150 589 atque
1173 515 1266 589 adeo,
1288 514 1429 589 quamvis

232 624 366 687 subditus
397 624 538 687 Civitatis
566 628 683 685 decreta
711 625 813 701 iniqua
841 623 896 685 esse
925 624 1055 700 censeat,
1084 639 1202 686 tenetur
1230 624 1427 686 nihilominus

233 738 333 797 endem
355 737 471 813 exequi.

275 838 301 919 §.
323 842 375 900 Vl.
416 842 459 901 At
481 839 570 916 objici
594 840 706 915 potest,
728 860 764 899 an
786 858 846 900 non
867 854 970 899 contra
993 838 1131 901 Rationis
1152 841 1293 901 dictamen
1317 841 1379 915 est,
1401 840 1427 899 sc

233 951 351 1011 alterius
375 950 490 1027 judicio
519 951 640 1011 omnino
670 950 827 1027 subjicere3
855 966 884 1010 et
906 949 1135 1027 consequenter,
1157 970 1193 1011 an
1215 951 1307 1013 status
1330 951 1428 1013 civilis

234 1063 356 1123 Rationi
377 1082 437 1124 non
459 1080 616 1141 repugnar3
636 1082 672 1123 ex
691 1082 753 1139 quo
771 1062 953 1139 sequeretur,
972 1062 1077 1124 statum
1095 1062 1209 1125 civilem
1228 1063 1425 1124 irrationalem

233 1174 301 1251 esse,
322 1194 376 1236 nec
398 1175 478 1251 polle
500 1176 588 1235 creari
611 1175 661 1235 nist
685 1179 720 1236 ab
739 1175 909 1237 hominibus
927 1176 1058 1237 Ratione
1078 1176 1240 1253 destitutis,
1258 1192 1288 1236 at
1307 1178 1426 1237 minime

234 1290 270 1347 ab
292 1286 347 1363 iis,
368 1288 420 1363 qui
441 1286 570 1347 Ratione
593 1290 750 1348 ducuntur.
771 1289 848 1363 Sed,
870 1288 1009 1363 quoniam
1031 1287 1122 1348 Ratio
1145 1288 1216 1348 nihil
1238 1304 1342 1348 contra
1364 1290 1426 1347 Na-

234 1414 327 1461 turam
358 1400 464 1474 docet,
495 1418 553 1459 non
586 1399 682 1474 potest
714 1417 784 1477 ergo
813 1400 879 1460 sana
908 1400 999 1460 Ratio
1021 1400 1147 1476 distare,
1169 1416 1202 1461 nt
1224 1400 1423 1477 unusquisqne

234 1509 276 1572 sui
295 1511 369 1588 juris
390 1525 522 1586 maneat,
543 1510 681 1586 quamdiu
704 1510 840 1571 homines
861 1511 1014 1573 affeslibus
1035 1511 1102 1574 sunt
1125 1512 1248 1572 obnoxii
1271 1512 1425 1592 (pcrArt.

238 1636 282 1698 15.
299 1625 422 1702 praeced.
452 1624 555 1702 Cap.);
576 1622 634 1682 hoc
656 1622 696 1683 est
717 1622 788 1701 (per
815 1622 885 1684 Art.
906 1635 934 1699 5.
959 1626 1031 1703 Cap.
1056 1626 1119 1705 l.),
1150 1624 1241 1686 Ratio
1264 1625 1324 1686 hoc
1345 1624 1424 1701 posse

233 1736 293 1795 fieri
315 1751 410 1815 negat.
452 1736 556 1810 Adde,
577 1738 658 1811 quod
682 1734 774 1796 Ratio
797 1734 918 1796 omnino
949 1739 1039 1797 docet
1067 1756 1168 1813 pacem
1193 1755 1339 1815 quarere,
1360 1756 1425 1814 quat

235 1846 353 1925 quidem
383 1847 511 1907 obtineri
539 1846 658 1924 nequit,
687 1847 737 1907 nist
767 1847 934 1909 communia
962 1847 1102 1910 Civitatis
1117 1847 1184 1925 jura
1204 1847 1349 1910 inviolata
1372 1849 1424 1908 ser·

236 1974 358 2035 ventnr;
380 1975 468 2035 atque
491 1961 583 2035 adeo,
601 1977 662 2036 quo
683 1959 774 2020 horno
796 1959 926 2020 Ratione
948 1960 1040 2039 magis
1061 1958 1188 2034 ducitur,
1209 1960 1268 2021 hoc
1288 1958 1330 2018 est
1352 1960 1423 2037 (per

238 2070 307 2131 Art.
332 2087 377 2131 11.
395 2072 518 2149 praeced.
543 2072 629 2150 Cap.)
652 2092 712 2147 quo
734 2070 825 2149 magis
845 2071 918 2132 liber
938 2071 996 2148 est,
1024 2090 1061 2132 eo
1083 2071 1264 2133 constantius
1284 2071 1423 2133 Civitatis

232 2182 298 2260 jura
320 2182 461 2259 servabit,
482 2198 511 2243 et
533 2182 646 2244 summae
670 2183 838 2259 potestatis,
859 2183 945 2259 cujus
969 2183 1104 2247 subditus
1125 2183 1180 2260 est,
1199 2187 1333 2244 mandata
1355 2203 1421 2243 exe-

236 2311 352 2371 quetur.
393 2298 442 2356 Ad
469 2299 551 2373 quod
579 2297 709 2373 accedit,
738 2299 820 2373 quod
841 2296 932 2357 slatus
954 2296 1049 2358 civilis
1072 2296 1242 2358 naturaliter
1262 2295 1421 2357 instituitur

237 2410 273 2469 ad
294 2424 402 2470 metum
431 2427 613 2470 communem
643 2408 843 2486 adimendum,
864 2426 895 2471 et
917 2428 1085 2471 communes
1113 2409 1240 2470 miserias
1261 2412 1421 2486 propellen-

237 2522 320 2594 dum,
342 2538 375 2580 ac
398 2521 520 2595 proinde
542 2521 571 2582 id
592 2522 715 2582 maxime
738 2522 881 2597 intendit,
900 2525 983 2599 quod
1002 2523 1216 2600 unusquisque,
1234 2523 1285 2600 qui
1296 2523 1422 2583 Ratione

237 2630 369 2707 ducitur,
389 2631 418 2691 in
440 2632 515 2692 statu
537 2632 661 2693 naturali
684 2649 856 2709 conaretur,
877 2633 928 2695 sed
949 2634 1051 2695 frustra
1073 2635 1144 2716 (per
1165 2634 1235 2695 Art.
1251 2647 1297 2709 15.
1304 2633 1422 2714 pratel.

239 2743 342 2820 Cap.):
368 2759 548 2820 quapropter
569 2745 590 2805 st
611 2745 722 2805 homini
730 2789 740 2820 ,
770 2745 820 2822 qui
850 2746 980 2806 Ratione
1003 2745 1138 2821 ducitur,
1158 2747 1188 2806 id
1209 2747 1368 2823 aliquando
1388 2763 1420 2802 es·

238 2852 378 2914 Civitatis
398 2857 535 2916 mandato
565 2855 729 2917 faciendum
759 2857 816 2933 est,
843 2861 926 2933 quod
948 2857 1070 2918 Rationi
1092 2875 1252 2936 repugnare
1273 2859 1376 2930 novit,
1395 2857 1420 2914 id

238 2967 371 3026 damnum
399 2968 487 3046 longe
516 2967 721 3044 compensatur
740 2973 841 3044 bono,
870 2973 952 3047 quod
974 2989 1011 3030 ex
1032 2970 1096 3047 ipso
1117 2969 1193 3031 statu
1213 2970 1293 3032 civili
1313 2969 1420 3030 haurit:

238 3095 302 3136 nam
325 3077 463 3138 Rationis
484 3078 571 3139 etiam
592 3081 640 3140 lex
663 3080 720 3156 est,
742 3095 775 3141 ut
798 3099 837 3141 ex
861 3083 979 3143 duobus
1001 3082 1081 3141 malis
1101 3082 1197 3143 minus
1218 3082 1351 3161 eligatur.
1380 3083 1420 3140 Rc

238 3189 361 3265 proinde
380 3193 555 3252 concludere
577 3191 897 3268 possumus,neminem
918 3194 1075 3271 quicquam
1096 3210 1198 3255 contra
1220 3195 1277 3254 suae
1290 3193 1419 3255 Rationis

239 3301 436 3378 praescriptum
458 3321 559 3382 agere,
587 3320 731 3381 quatenus
754 3305 785 3367 id
807 3307 885 3385 agit,
915 3310 997 3384 quod
1015 3307 1081 3383 jure
1102 3307 1242 3368 Civitatis
1264 3309 1419 3368 faciendum

240 3411 296 3486 esi;
317 3415 399 3488 quod
421 3414 507 3474 nobis
530 3415 643 3476 facilius
665 3417 864 3494 unusquisque
886 3420 1049 3494 concedet,
1080 3419 1232 3495 postquam
1253 3416 1418 3496 explicueri-

240 3543 319 3598 mus,
340 3544 400 3601 quo
423 3526 512 3602 usque
534 3527 675 3589 Civitatis
697 3530 848 3605 potentia,
870 3545 900 3590 et
922 3529 1136 3606 consequenter
1151 3533 1220 3611 Jus,
1237 3531 1266 3590 se
1285 3528 1418 3591 extendit.

281 3636 307 3716 §.
330 3638 396 3698 Vll.
437 3639 512 3699 Nam
541 3640 779 3702 considerandum
809 3643 932 3718 primum
952 3643 1054 3719 venit,
1074 3647 1176 3722 quod,
1197 3642 1280 3704 sicuti
1303 3644 1332 3703 in
1353 3644 1416 3703 statu

241 3745 365 3806 naturali
389 3747 402 3822 (
405 3759 460 3824 per
482 3755 552 3809 Art.
573 3766 616 3809 rr.
630 3753 753 3828 praeced
777 3753 863 3831 Cap.)
886 3752 932 3813 ille
953 3753 1043 3813 homo
1064 3753 1187 3814 maxime
1209 3769 1318 3829 potens
1338 3749 1416 3813 maxi·

240 3875 344 3932 meque
377 3856 419 3917 sui
447 3857 521 3934 juris
553 3859 610 3935 esi,
642 3862 692 3938 qui
726 3862 856 3924 Ratione
889 3865 1021 3940 ducitur,
1053 3864 1090 3926 stc
1122 3863 1208 3924 etiam
1238 3865 1286 3924 illa
1313 3863 1417 3924 Civitas

240 3968 363 4028 maxime
392 3969 447 4030 erit
475 3988 583 4046 potens
613 3989 642 4034 et
672 3975 795 4035 manime
818 3975 972 4053 suijuris,
1000 3996 1065 4054 quae
1087 3979 1217 4038 Ratione
1240 3979 1375 4040 fundatur
1391 3988 1415 4032 et

241 4079 383 4158 dirigitur.
425 4085 500 4143 Nam
528 4084 669 4147 Ciuitatis
698 4087 752 4166 Jus
777 4086 913 4162 potentia
934 4088 1148 4165 multitudinis,
1170 4107 1236 4166 quae
1257 4093 1315 4149 una
1335 4083 1414 4148 veluti

242 4211 340 4254 mente
362 4197 495 4273 ducitur,
516 4197 736 4260 determinatur.
757 4201 799 4259 At
819 4202 833 4234 *
852 4201 915 4262 ltaec
936 4200 1096 4263 animorum
1117 4201 1189 4263 unio
1211 4201 1328 4277 concipi
1349 4199 1411 4260 nulla

275 4335 288 4360 ”
306 4330 354 4380 Ed.
371 4332 424 4380 Pa:
449 4331 549 4384 Adlraec.
