2934 4900
246 327 303 390 130
659 311 844 374 Ethices
872 311 941 374 Pars
961 311 1013 411 Ill.

241 489 356 552 ntione.
396 491 472 550 Nam
500 488 698 567 unusquisque
726 507 764 550 ex
793 489 846 551 suo
876 489 982 550 affeslu
1003 488 1100 550 omnia
1121 491 1306 564 moderatur,
1327 503 1362 548 et
1385 489 1438 564 qui

242 617 380 677 preterea
400 599 554 663 contrariis
575 599 726 662 affedibua
748 600 964 677 conflictentur,
985 601 1057 677 quid
1077 599 1190 676 velint,
1207 599 1362 675 nesciunt;
1384 599 1437 675 qui

242 728 338 775 autem
359 714 461 790 nullo,
480 711 558 774 sacili
578 729 727 774 momento
747 713 806 774 lruc
827 728 917 790 atque
937 712 1007 774 illuc
1028 713 1187 788 pelluntur.
1226 712 1304 791 Quae
1331 711 1435 772 omnia

242 827 376 902 profesto
397 826 472 888 clare
492 826 666 902 ostendunt,
694 825 888 887 Mentissam
909 829 1074 902 decretum,
1105 841 1192 902 quam
1212 823 1383 902 appetitum
1404 838 1435 882 et

242 937 383 1014 Corporis
410 938 699 1013 determinationem,
728 937 809 1000 simul
838 936 893 998 else
922 940 1041 1013 naturl,
1060 940 1110 1000 vel
1130 937 1233 1014 potius
1253 955 1342 998 unam
1363 954 1434 996 ean-

242 1051 366 1126 demque
393 1067 469 1124 rem,
496 1067 600 1128 quam,
622 1052 743 1126 quando
765 1049 818 1111 sub
841 1048 1043 1128 Cogitationis
1064 1047 1210 1112 attributo
1232 1047 1435 1110 consideratur

242 1176 272 1221 et
307 1179 359 1236 per
395 1160 488 1237 ipsum
528 1159 711 1239 explicatur,
742 1163 901 1223 Decretum
932 1161 1131 1237 appellamus,
1162 1177 1193 1222 et
1224 1163 1346 1237 quando
1379 1159 1433 1220 sub

241 1271 428 1334 Extensronis
455 1271 600 1335 attributo
628 1272 844 1350 consideratur,
873 1289 903 1333 et
933 1272 1105 1352 exlegibus
1133 1287 1232 1334 motus
1260 1288 1292 1332 et
1320 1270 1434 1347 quietis

241 1383 415 1462 deducitur,
445 1385 726 1448 Determinationem
757 1403 914 1461 vocamus3
947 1389 1030 1462 quod
1060 1385 1155 1448 adhuc
1186 1385 1291 1447 uarius
1312 1403 1353 1446 ex
1371 1383 1431 1460 jam

241 1495 374 1558 dicendis
402 1496 525 1572 patebit.
566 1499 642 1558 Nam
669 1497 750 1560 aliud
777 1497 836 1572 ell,
865 1499 947 1574 quod
968 1497 1017 1559 hic
1038 1497 1168 1574 apprime
1189 1497 1286 1558 notari
1306 1497 1434 1569 vellem,

241 1627 346 1685 nempe
373 1611 453 1686 quod
483 1627 539 1671 nos
566 1609 638 1671 nihil
659 1628 696 1670 ex
716 1611 830 1670 Mentis
856 1613 979 1672 decreto
1000 1627 1085 1688 agere
1107 1609 1270 1686 possumus,
1290 1609 1344 1670 nili
1366 1609 1432 1685 ejus

241 1725 435 1785 recordemur.
456 1722 513 1783 Ex.
531 1739 573 1802 gr.
594 1740 655 1785 non
677 1721 826 1798 possumus
846 1725 968 1785 verbum
988 1723 1089 1800 loqui,
1110 1721 1161 1784 nist
1182 1722 1310 1799 ejusdem
1331 1739 1430 1783 recor·

243 1837 353 1897 demur.
393 1833 508 1896 Deinde
539 1834 570 1894 in
601 1833 691 1895 libera
722 1834 835 1896 Mentis
867 1834 1012 1910 potestate
1044 1853 1105 1896 non
1136 1835 1197 1911 eli,
1232 1835 1273 1896 rei
1303 1834 1429 1910 alicujus

241 1945 388 2008 recordari
408 1948 456 2010 vel
477 1945 604 2023 ejusdem
627 1944 772 2008 oblivisci.
814 1945 910 2029 Quare
931 1946 989 2007 hoc
1011 1960 1126 2007 tantum
1149 1945 1178 2007 in
1201 1946 1315 2007 Mentis
1339 1961 1428 2023 pote·

241 2056 314 2116 slate
336 2055 392 2116 else
414 2057 558 2133 creditur,
579 2059 660 2133 qudd
681 2075 759 2134 rem,
777 2056 863 2134 cujus
879 2061 1081 2135 recordamur,
1100 2058 1148 2121 vel
1167 2074 1264 2119 tacere
1281 2059 1331 2120 vel
1348 2057 1429 2133 loqui

243 2183 281 2226 ex
301 2165 364 2228 solo
386 2167 498 2228 Mentis
520 2170 641 2229 decreto
663 2167 822 2244 possumus.
843 2169 952 2231 Verum
975 2187 1041 2230 cum
1063 2187 1119 2231 nos
1140 2169 1224 2247 loqui
1246 2167 1433 2242 somniamus,

244 2277 388 2340 credimus
416 2295 471 2338 nos
499 2297 537 2338 ex
557 2277 650 2340 libero
672 2280 786 2341 Mentis
808 2284 928 2342 decreto
949 2281 1049 2358 loqui,
1070 2300 1125 2342 nec
1146 2297 1243 2342 tamen
1262 2281 1432 2358 loquimur,

245 2389 310 2465 vel,
337 2389 357 2449 li
386 2388 548 2467 loquimur,
577 2388 607 2453 id
635 2409 672 2453 ex
701 2391 844 2469 Corporis
873 2392 1037 2470 spontaneo
1059 2410 1143 2455 motu
1163 2395 1205 2455 lit.
1246 2394 1431 2456 Somniamus

247 2502 373 2578 deinde,
394 2520 450 2563 nos
471 2505 603 2579 quaedam
625 2504 760 2567 homines
780 2508 893 2581 celare,
922 2508 1012 2583 idque
1034 2509 1138 2569 eodem
1159 2506 1272 2568 Mentis
1292 2508 1429 2574 decreto.

245 2632 322 2691 quo,
342 2616 410 2677 dum
431 2615 600 2695 vigilamus,
621 2634 671 2692 ea,
692 2590 759 2694 que
780 2616 899 2695 scimus,
920 2634 1060 2681 tacemus.
1081 2618 1266 2681 Somniamus
1287 2620 1427 2697 denique.

243 2744 299 2787 nos
327 2744 365 2787 ex
392 2726 506 2787 Mentis
534 2728 655 2789 decreto
684 2732 817 2806 quaedam
847 2747 948 2809 agere,
979 2749 1062 2807 quae,
1090 2733 1159 2791 dum
1179 2730 1351 2810 vigilamus,
1370 2750 1428 2793 non

245 2836 394 2897 audemus.
435 2838 537 2913 Atque
558 2839 633 2899 adeo
654 2839 795 2915 pervelim
817 2840 908 2918 scire,
929 2860 966 2901 nn
987 2841 1017 2902 in
1038 2841 1143 2902 Mente
1164 2845 1227 2903 duo
1249 2844 1428 2904 decretorum

244 2964 349 3025 genera
370 2950 493 3026 dentur,
514 2950 762 3014 Phantasticonrm
783 2972 891 3029 unum,
911 2968 943 3014 et
963 2954 1138 3016 Liberorum
1160 2954 1310 3016 alterum?
1340 2956 1428 3036 Quod

244 3058 265 3117 sr
297 3077 334 3119 eo
366 3060 457 3137 usque
487 3059 611 3123 insanire
643 3080 703 3123 non
735 3063 824 3138 libet,
855 3063 1012 3127 necessario
1044 3068 1267 3127 concedendum
1295 3066 1354 3141 eil,
1372 3066 1427 3125 hoc

245 3170 358 3231 Mentis
386 3174 551 3249 decretum,
579 3176 663 3250 quod
689 3174 812 3236 liberum
840 3175 897 3236 esse
917 3177 1061 3254 creditur,
1083 3176 1201 3255 abipsa
1222 3176 1426 3256 imaginatione

245 3279 304 3345 srve
326 3282 462 3345 memoria
483 3302 543 3345 non
565 3284 719 3364 distingui,
739 3304 794 3347 nec
815 3286 894 3348 aliud
912 3286 968 3350 esse
986 3304 1092 3364 praeter
1108 3288 1184 3350 illam
1202 3287 1426 3361 affirmationem,

247 3410 333 3469 quam
354 3393 438 3471 idea,
459 3412 604 3471 quatenus
627 3394 692 3457 idea
715 3396 772 3473 est,
792 3396 951 3459 necessario
972 3398 1104 3463 involvit
1121 3400 1204 3478 (vide
1212 3402 1268 3461 Pr.
1278 3418 1327 3479 49.
1333 3420 1364 3477 p.
1373 3401 1426 3479 m).

245 3502 346 3581 Atque
367 3507 442 3567 adeo
464 3506 527 3567 haec
545 3507 659 3569 Mentis
678 3511 796 3571 decreta
815 3512 915 3571 esdem
935 3512 1101 3573 necesitate
1119 3512 1149 3574 in
1166 3514 1271 3574 Mente
1289 3512 1428 3587 oriuntur,

246 3633 279 3675 ac
307 3614 382 3677 ideae
410 3634 504 3678 rerum
533 3619 599 3681 auu
627 3618 822 3682 existentium.
864 3621 925 3705 Qui
954 3621 1044 3701 igitur
1071 3625 1211 3698 credunt,
1230 3623 1260 3683 se
1281 3642 1317 3683 ex
1336 3624 1426 3684 libero

246 3727 359 3788 Mentis
380 3730 500 3791 decreto
521 3730 622 3808 loqui,
644 3734 692 3795 vel
713 3748 828 3809 tacere,
848 3733 897 3795 vel
919 3734 1075 3811 quicquam
1097 3752 1182 3813 agere
1189 3734 1305 3811 ,oculis
1323 3736 1426 3809 apertis

246 3836 400 3901 somniant.

627 4019 957 4084 PROPOSITIO
998 4026 1049 4086 111.

288 4190 400 4251 Mentis
426 4190 548 4251 aldiones
574 4212 611 4251 ex
633 4194 705 4269 fiilis
732 4196 806 4254 ideis
829 4198 992 4275 adaquatis
1011 4202 1167 4271 orimur,-
1183 4200 1317 4280 pafflones
1334 4214 1422 4261 autem

249 4320 269 4361 a
283 4302 356 4377 solis
375 4304 567 4379 inadaequatis
582 4308 714 4380 pendent.
