2934 4900
192 348 251 411 394
442 390 446 397 ,
665 336 900 395 Tractatus

191 528 240 583 ego
261 511 340 569 Deus
359 513 465 569 induxi
483 512 563 570 illum
581 511 772 590 Prophetiam·
794 513 875 587 quod
897 510 983 571 etiam
1000 510 1140 571 Michaeas
1161 509 1243 587 (vide
1256 512 1386 587 Regum

191 621 258 683 Lib.
284 638 307 681 1.
329 642 392 698 cap.
414 640 462 683 aa.
483 623 556 685 vers.
576 625 640 702 21.)
661 627 698 685 de
718 622 874 699 Prophetis
895 620 1010 683 Achabi
1031 622 1161 683 testatur.

230 733 270 793 Et
297 734 430 809 quamvis
457 734 514 795 hoc
542 736 691 796 ostendere
717 735 868 811 videatur,
897 733 1083 809 Prophetiam
1112 749 1142 793 et
1162 732 1385 795 revelationem

190 863 248 906 rem
270 843 326 905 eise
347 848 432 921 piane
460 846 593 921 dubiam,
617 848 744 908 habebat
766 864 881 909 tamen.
903 845 947 906 uti
969 845 1113 920 diximus,
1135 846 1256 905 multum
1285 842 1385 903 certi-

191 956 312 1019 tudinis.
332 959 408 1019 Nam
428 960 510 1019 Deus
530 958 598 1035 pios
618 974 648 1019 et
670 960 783 1021 electos
803 976 953 1035 nunquam
976 956 1105 1033 decipit,
1126 956 1174 1016 sed
1192 954 1278 1030 iuxta
1299 953 1384 1012 iilud

191 1070 344 1147 antiquum
365 1071 551 1147 proverbium
572 1070 656 1149 (vide
678 1070 837 1131 Shamudlis
861 1086 886 1131 1.
908 1072 978 1146 cap.'
993 1087 1041 1149 24.
1071 1068 1122 1128 Vs.
1158 1068 1250 1145 14*.),
1281 1078 1310 1124 et
1342 1080 1382 1123 ut

191 1203 228 1244 ex
247 1183 365 1245 historia
385 1184 535 1264 Abigaelis
556 1184 676 1262 ejusque
697 1184 832 1245 oratione
854 1184 982 1259 constat,
1009 1184 1091 1243 Deus
1113 1180 1206 1243 utitur
1225 1176 1282 1255 piis
1303 1194 1379 1237 tan-

191 1313 277 1372 quam
304 1296 361 1357 suae
388 1296 508 1373 pietatis
535 1296 748 1372 instrumentis,
776 1311 807 1356 et
834 1295 930 1371 impiis
951 1310 1090 1371 tanquam
1112 1292 1169 1352 suae
1191 1290 1239 1351 irae
1260 1308 1376 1349 execu-

190 1405 305 1467 toribus
325 1422 356 1467 et
376 1408 487 1469 mediis.
509 1410 600 1491 Quod
620 1410 707 1470 etiam
729 1408 873 1469 clarissime
894 1406 1007 1467 constat
1028 1422 1065 1465 ex
1077 1404 1128 1465 illo
1140 1403 1208 1464 casu
1218 1402 1356 1463 Michaeae
1367 1446 1378 1476 ,

190 1535 275 1591 quem
303 1520 393 1579 modo
421 1517 595 1594 citavimus;
623 1538 705 1593 nam,
735 1536 899 1595 quanquam
920 1519 1002 1580 Deus
1022 1519 1192 1580 decreverat
1214 1514 1373 1575 Achabum

190 1629 323 1705 decipere
343 1647 394 1706 per
415 1631 593 1708 Prophetas,
613 1631 689 1691 faliis
710 1646 806 1693 tamen
828 1647 942 1694 tantum
962 1631 1116 1707 Prophetis
1138 1631 1206 1691 usus
1228 1627 1372 1703 fuit,pi0

190 1756 287 1802 autern
317 1760 392 1817 rent,
423 1758 457 1804 ut
488 1758 567 1819 erat,
597 1743 755 1817 revelavit,
786 1759 815 1803 et
847 1760 915 1805 vera
946 1742 1102 1819 praedicere
1124 1760 1183 1803 non
1205 1740 1372 1816 prohibuit.

191 1852 348 1928 Attamen,
378 1853 423 1913 uti
453 1852 532 1928 dixi,
562 1852 710 1913 certitudo
742 1852 896 1927 Prophetae
929 1851 1044 1913 moralis
1064 1866 1177 1911 tantum
1199 1865 1277 1925 erat,
1298 1850 1370 1926 quia

190 1982 275 2024 nemo
306 1964 335 2024 se
362 1964 518 2040 justificare
548 1982 645 2025 coram
666 1966 733 2025 Deo
764 1964 878 2039 potest,
909 1982 962 2025 nec
990 1962 1115 2040 jecisse,
1144 1964 1225 2039 quod
1253 1960 1286 2021 stt
1312 1962 1373 2023 Dei

190 2075 308 2151 pietatis
339 2076 575 2152 instrumentum,
605 2093 639 2139 ut
666 2076 726 2153 ipsa
754 2076 902 2153 Scriptura
931 2079 1035 2152 docet,
1056 2090 1086 2135 et
1107 2093 1137 2135 re
1159 2074 1219 2150 ipsa
1241 2073 1373 2149 indicat;

190 2206 255 2247 nam
274 2187 332 2248 Dei
352 2188 393 2248 ira
413 2188 556 2251 Davidem
578 2189 694 2251 seduxit
715 2191 752 2250 ad
772 2192 978 2251 numerandum
1001 2190 1160 2267 populum,
1177 2186 1371 2263 cuiustamen

190 2298 328 2373 pietatem
359 2299 508 2377 Scriptura
539 2302 653 2363 abunde
685 2301 815 2363 testatur.
848 2303 929 2362 Tota
960 2300 1049 2379 igitur
1069 2300 1218 2362 certitudo
1241 2298 1370 2376 prophe-

189 2408 247 2470 tica
267 2408 313 2471 his
334 2410 428 2473 tribus
449 2413 646 2489 fundabatur,
667 2414 690 2475 1.
712 2415 794 2491 quod
815 2431 860 2474 res
888 2413 1029 2476 revelatas
1050 2412 1238 2488 vividiihme,
1259 2428 1292 2474 ut
1313 2431 1372 2474 nos

189 2523 339 2602 vigilando
360 2527 396 2586 ab
418 2525 540 2601 objectis
566 2525 661 2587 affedii
690 2527 831 2603 solemus,
859 2527 1105 2606 imaginabantur;
1134 2530 1170 2588 ii.
1191 2529 1292 2607 signo;
1315 2530 1370 2590 ill.

190 2635 334 2714 denique,
361 2653 392 2698 et
420 2637 588 2716 praecipuo,
616 2641 697 2715 quod
723 2639 847 2700 animum
876 2641 911 2700 ad
941 2639 1031 2700 solum
1062 2659 1176 2718 aequum
1203 2657 1233 2702 et
1258 2644 1369 2702 bortum

188 2748 358 2810 inclinatum
379 2751 535 2811 habebant.
563 2751 603 2811 Et
623 2751 757 2826 quamvis
779 2751 926 2828 Scriptura
949 2770 1010 2813 non
1032 2752 1142 2829 semper
1162 2753 1242 2832 Signi
1264 2757 1370 2816 menti-

190 2879 276 2921 onem
297 2861 402 2937 faciat,
422 2863 597 2923 credendum
615 2877 711 2924 tamen
729 2879 791 2940 est,
802 2863 963 2941 Prophetas
974 2865 1084 2942 semper
1094 2865 1212 2944 Signum
1223 2866 1369 2942 habuiiie;

190 2991 254 3033 nam
276 2973 423 3049 Scriptura
445 2991 505 3033 non
527 2973 637 3049 semper
656 2973 731 3035 solet
760 2993 861 3036 omnes
883 2976 1071 3038 conditiones
1092 2991 1122 3036 et
1144 2975 1368 3039 circumstantias

188 3099 317 3143 enarrare
335 3082 384 3161 (ut
401 3083 485 3144 multi
499 3082 558 3160 jam
576 3093 781 3166 notaverunt),
799 3087 848 3149 sed
865 3107 910 3149 res
927 3089 1031 3166 potius
1050 3105 1083 3151 ut
1095 3105 1182 3150 notas
1193 3089 1366 3166 supponere.

189 3195 331 3256 Praeterea
359 3198 521 3257 concedere
549 3196 715 3274 possumus,
737 3199 915 3275 Prophetas,
937 3200 986 3277 qui
1009 3200 1080 3262 nihil
1102 3201 1191 3276 novi,
1213 3200 1264 3262 nih
1287 3205 1365 3278 quod

189 3305 219 3366 in
240 3307 319 3384 Lege
348 3306 440 3368 Mosts
461 3307 648 3385 continetur,
668 3311 904 3386 prophetabant,
927 3330 984 3372 non
1008 3311 1158 3390 indiguiiie
1179 3313 1277 3392 hgno,
1298 3315 1363 3390 quia

189 3436 226 3477 ex
253 3418 333 3496 Lege
360 3419 613 3481 confirmabantur.
640 3421 697 3482 Ex.
725 3441 767 3501 gr.
796 3423 952 3499 Prophetia
980 3422 1112 3504 Jeremiae
1141 3425 1177 3484 de
1206 3424 1363 3488 veihatione

188 3529 400 3610 Hierosolyma
428 3533 653 3595 confirmabatur
681 3535 848 3610 Prophetiis
875 3535 1051 3612 reliquorum
1084 3534 1307 3613 prophetarum,
1336 3554 1363 3598 et

189 3641 274 3701 minis
294 3641 400 3720 Legis,
420 3642 548 3719 ideoque
569 3644 649 3724 srgtto
672 3664 732 3706 non
755 3647 921 3725 indigebat;
942 3646 990 3708 sed
1012 3646 1193 3722 Chananias,
1205 3647 1255 3723 qui
1266 3663 1365 3709 contra

189 3767 289 3810 omnes
318 3751 478 3826 Prophetas
506 3751 594 3813 citam
625 3753 758 3816 civitatis
783 3755 1017 3816 restaurationem
1047 3756 1261 3832 prophetabat,
1289 3756 1364 3835 signo

189 3860 343 3922 secennio
365 3863 532 3942 indigebat;
555 3865 626 3926 alias
647 3869 682 3927 de
704 3867 754 3927 sua
776 3868 933 3944 Prophetia
962 3868 1095 3930 dubitare
1117 3871 1252 3943 deberet,
1273 3870 1364 3929 donec

188 3989 313 4036 eventus
341 3974 382 4034 rei
413 3976 448 4035 ab
478 3976 543 4052 ipso
572 3979 716 4054 praedidiae
745 3979 823 4040 suam
852 3979 1036 4055 Prophetiam
1065 3981 1256 4041 confirmaret.
1291 3980 1364 4042 Vide

187 4089 291 4166 Jerem.
313 4105 378 4161 cap.
399 4088 448 4149 28.
469 4089 542 4151 vers.
563 4092 625 4166 9**.

222 4258 234 4286 *
270 4257 317 4307 Ed.
335 4259 391 4306 Pr.:
413 4271 451 4317 13.

219 4340 247 4370 ‘⁸
281 4339 328 4390 lid.
345 4342 402 4390 Pha
420 4341 446 4390 8.
