2934 4900
191 320 251 401 326
668 309 909 388 Tractattll

190 499 290 578 itaque
320 499 368 560 hic
398 515 529 576 repetere
561 517 621 559 non
653 499 694 560 est
724 517 819 578 opus,
850 517 904 561 nec
935 499 1024 561 etiam
1055 519 1121 578 quae
1141 485 1171 563 in
1193 502 1268 578 Cap.
1286 504 1321 562 6.
1343 493 1382 563 de

190 612 334 674 miraculis
365 610 455 672 tertio
485 612 554 671 loco
588 609 774 673 ostendimus.
806 611 920 672 Sufficit
941 629 1000 673 rem
1022 627 1136 674 tantum
1155 614 1304 690 indicare,
1326 631 1383 689 ut,

190 743 256 804 quae
285 728 321 787 de
347 723 393 784 his
420 723 468 784 hic
495 723 590 784 dicere
619 723 772 798 volumus,
799 723 901 784 melius
927 723 1136 803 intelligantur.
1155 728 1272 802 Nempe
1294 731 1382 804 quod

189 839 311 902 verbum
340 834 414 912 Dei,
446 837 565 912 quando
596 836 632 895 de
660 833 792 912 subjecto
821 835 922 912 aliquo
943 837 1135 914 praedicamur,
1155 842 1238 915 quod
1259 857 1326 901 non
1346 840 1382 900 fit

190 950 251 1026 ipse
272 949 371 1024 Deus,
392 949 509 1026 proprie
529 947 670 1028 fignificat
690 949 782 1026 legem
803 949 879 1010 illam
899 949 1055 1028 Divinam,
1075 953 1112 1013 de
1132 969 1190 1028 qua
1210 951 1242 1012 in
1260 972 1290 1032 q„
1303 953 1380 1029 Cap.

190 1061 317 1140 egimus:
348 1061 407 1120 hoc
438 1059 496 1137 est,
526 1059 711 1139 Religionem
744 1060 804 1122 toti
835 1061 963 1123 humano
985 1063 1084 1141 generi
1104 1062 1296 1126 universalem
1319 1064 1379 1126 live

191 1171 381 1247 catholicam;
409 1189 467 1248 qua
495 1174 532 1233 de
558 1189 588 1231 re
616 1171 686 1234 vide
712 1170 805 1232 Esaiae
833 1191 897 1250 cap.
921 1190 946 1234 r.
967 1173 1010 1236 vs.
1039 1174 1378 1250 10.etc.,ubiverum

190 1285 312 1352 vivendi
332 1286 450 1347 modum
471 1285 577 1359 docet,
599 1283 649 1360 qui
670 1283 782 1346 scilicet
802 1303 863 1346 non
884 1285 914 1347 in
936 1287 1134 1363 ceremoniis,
1159 1286 1261 1348 sedin
1282 1287 1379 1348 chari-

189 1413 251 1460 tate
272 1415 302 1458 et
322 1415 394 1460 vero
416 1395 513 1458 animo
535 1393 679 1472 confistit,
708 1415 832 1474 eumque
860 1397 986 1477 Legem,
1006 1414 1038 1459 et
1058 1399 1189 1459 Verbum
1209 1399 1286 1475 Dei,
1308 1417 1379 1475 pro-

190 1509 297 1572 miscue
318 1524 417 1573 vocat.
458 1507 589 1570 Sumitur
609 1507 715 1571 deinde
737 1510 935 1586 metaphorice
956 1527 1012 1587 pro
1031 1509 1098 1588 ipso
1117 1512 1239 1571 Naturae
1262 1512 1379 1585 ordine,

190 1637 221 1684 et
243 1623 305 1683 fato
331 1621 414 1699 (quia
435 1639 535 1684 revera
557 1624 593 1684 ab
615 1637 725 1684 aterno
747 1622 855 1685 divinae
877 1637 988 1685 naturae
1007 1625 1128 1685 decreto
1149 1626 1260 1700 pendet
1280 1639 1313 1684 et
1334 1625 1378 1684 se·

191 1735 322 1814 quitur);
349 1749 379 1795 et
407 1734 554 1810 praecipue
583 1753 637 1811 pro
666 1753 720 1810 eo,
750 1739 832 1812 quod
852 1735 940 1813 hujus
961 1735 1073 1797 ordinis
1093 1735 1248 1812 Prophetae
1269 1735 1379 1812 praevi-

190 1854 309 1925 derant,
337 1848 426 1926 idque
454 1849 522 1925 quia
551 1845 603 1924 ipsa
632 1866 677 1909 res
705 1850 819 1910 futuras
839 1866 892 1926 per
911 1848 1011 1910 causas
1032 1848 1178 1910 naturales
1198 1867 1258 1910 non
1280 1850 1379 1926 perci-

191 1963 328 2040 piebant,
350 1960 398 2022 sed
420 1977 558 2038 tanquam
586 1959 643 2021 Dei
665 1958 773 2036 placita
794 1961 843 2024 vel
863 1962 990 2022 decreta.
1010 1959 1126 2022 Deinde
1146 1959 1233 2022 etiam
1254 1960 1381 2023 sumitur

191 2095 245 2153 pro
277 2073 355 2136 omni
387 2073 587 2151 cujuscunque
619 2071 776 2149 Prophetae
807 2073 921 2149 editio,
953 2087 1101 2150 quatenus
1120 2073 1151 2134 id
1170 2067 1305 2152 lingulati
1326 2074 1378 2136 sua

191 2189 302 2253 virtute
330 2188 378 2250 vel
406 2189 487 2248 dono
516 2183 711 2264 prophetico,
739 2201 771 2246 et
791 2203 852 2246 non
873 2205 910 2246 ex
931 2185 1078 2246 communi
1097 2186 1231 2246 Naturali
1250 2185 1379 2247 Lumine

191 2314 376 2376 perceperat,
397 2298 486 2374 idque
508 2297 682 2374 potiffimum
705 2296 774 2374 quia
795 2315 894 2361 revera
914 2299 1010 2359 Deum
1029 2313 1169 2374 tanquam
1183 2297 1378 2376 legissatorem

190 2411 339 2490 percipere
371 2409 503 2473 solebant
535 2407 705 2488 Propheta,
735 2425 770 2473 ut
791 2411 864 2488 Cap.
885 2430 913 2491 q.
935 2408 1123 2473 ostendimus.
1142 2409 1253 2471 Tribus
1274 2410 1378 2488 itaque

192 2526 238 2589 his
260 2530 296 2590 de
324 2521 415 2589 caulis
444 2525 592 2603 Scriptura
613 2522 744 2587 Verbum
772 2522 829 2588 Del
857 2526 1036 2603 appellatur;
1063 2542 1169 2602 nempe
1189 2522 1257 2603 quia
1278 2541 1379 2587 veram

190 2642 280 2703 docet
308 2634 493 2718 religionem,
522 2636 606 2715 cujus
627 2639 709 2700 Deus
731 2654 858 2700 aeternus
879 2634 920 2699 est
941 2638 1064 2713 suthon
1085 2637 1192 2699 deinde
1212 2636 1283 2714 quia
1301 2656 1377 2713 prae·

189 2748 334 2815 dliiiones
361 2768 453 2811 return
481 2751 643 2810 futurarum
669 2764 808 2827 tanquam
833 2750 891 2812 Dei
917 2751 1035 2811 decreta
1063 2764 1177 2828 narrat;
1196 2764 1228 2810 et
1247 2749 1378 2826 denique

189 2863 256 2941 quia
288 2861 326 2939 ii,
357 2862 408 2939 qui
439 2879 540 2925 revera
571 2862 690 2923 fuerunt
722 2860 787 2939 ejus
819 2862 974 2938 authores,
1006 2877 1041 2923 ut
1071 2861 1225 2939 plurimum
1255 2880 1316 2923 non
1338 2880 1378 2922 ex

189 2975 335 3037 communi
365 2972 499 3035 Naturali
530 2974 673 3050 Lumine,
703 2975 754 3035 sed
785 2977 912 3052 quodam
944 2974 996 3035 sabi
1027 2974 1167 3051 peculiari
1194 2977 1379 3049 docuerunt,

190 3103 219 3151 et
241 3089 336 3150 Deum
364 3090 464 3150 eadem
491 3089 660 3164 loquentem
688 3087 926 3149 introduxerunt.
957 3087 997 3148 Et
1026 3087 1161 3164 quamvis
1187 3086 1378 3163 praeterhac

190 3202 270 3276 plura
303 3199 332 3260 in
362 3199 511 3275 Scriptura
541 3199 767 3275 contineantur,
800 3217 865 3275 quae
897 3216 972 3259 mere
1003 3197 1139 3259 historica
1170 3196 1255 3264 sunt.
1286 3214 1316 3257 et
1339 3217 1378 3257 ex

188 3310 312 3375 Lumine
339 3310 474 3373 Naturali
501 3326 658 3388 percepta,
688 3330 795 3374 nomen
816 3328 913 3373 tamen
935 3330 951 3370 a
972 3310 1090 3386 potiore
1112 3309 1242 3370 sumitur.
1272 3311 1379 3385 Atque

185 3423 253 3485 hinc
274 3424 359 3485 facile
381 3420 573 3500 percipimus,
606 3441 664 3501 qua
685 3424 800 3485 ratione
820 3425 904 3485 Deus
923 3421 1033 3483 author
1051 3420 1213 3482 Bibliorum
1231 3418 1267 3480 lit
1287 3420 1378 3481 intel-

185 3536 336 3616 ligendus3
364 3552 468 3611 nempe
496 3549 619 3611 propter
640 3554 738 3598 veram
759 3533 964 3613 Religionem,
984 3552 1050 3610 quae
1070 3530 1102 3593 in
1122 3532 1158 3594 iis
1178 3534 1322 3594 docetur:
1346 3548 1378 3593 at

186 3665 247 3709 non
276 3650 356 3725 quod
384 3645 514 3710 voluerit
542 3662 654 3707 certum
682 3665 830 3708 numerum
860 3646 1000 3708 librorum
1022 3644 1191 3706 hominibus
1211 3646 1377 3705 communi-

186 3778 261 3820 care.
288 3758 403 3821 Deinde
424 3756 494 3818 hinc
516 3756 603 3819 etiam
625 3757 695 3819 scire
717 3756 883 3834 poliumus,
905 3776 958 3819 cur
975 3746 1070 3819 Bt‘olia
1091 3756 1121 3817 in
1142 3756 1235 3817 libros
1255 3756 1378 3818 Veteris

188 3888 217 3934 et
237 3871 321 3935 Novi
340 3870 520 3932 Testamenti
542 3870 731 3934 dividantur:
754 3869 893 3932 videlicet
915 3870 985 3947 quia
1005 3884 1073 3932 ante
1095 3872 1257 3933 adventum
1267 3868 1376 3930 Christi

188 3982 342 4059 Prophetae
371 3982 557 4063 Religionem
585 3981 743 4059 praedicare
771 3981 903 4044 solebant
931 4000 1070 4060 tanquam
1089 3982 1182 4061 legem
1202 3980 1323 4057 Patria,
1344 3996 1377 4042 et

189 4094 277 4158 cxvi
298 4094 375 4171 palli
403 4109 535 4171 tempore
564 4092 656 4156 Mofis
684 4094 770 4171 initi;
792 4094 857 4171 post
878 4098 1037 4159 adventum
1059 4109 1156 4156 autem
1178 4092 1283 4154 Christi
1304 4112 1376 4154 ean·

189 4210 253 4269 dern
283 4221 421 4283 tanquam
451 4207 544 4284 legem
575 4205 776 4282 Catholicam,
805 4221 835 4267 et
867 4226 904 4267 ex
935 4207 996 4267 sola
1026 4206 1058 4269 vi
1088 4206 1224 4282 pallionis
1250 4204 1378 4283 Christi,

189 4318 324 4378 omnibus
351 4317 583 4394 predicaverunt
611 4318 767 4394 Apostoli3
788 4333 819 4379 at
839 4336 901 4379 non
922 4322 1004 4395 quod
1024 4316 1157 4381 dolirina
1177 4316 1281 4381 diverh
1303 4316 1378 4385 sant,
