2934 4900
558 342 748 403 De'Deo.
1208 342 1248 416 63

50 536 67 577 a
92 518 164 577 Deo
184 514 251 597 (per
270 519 352 578 eamd.
373 519 477 598 Prop.)
496 516 679 579 determinati
702 534 762 576 non
784 514 856 589 smt,
877 514 1068 590 impoiiibile,
1089 533 1150 575 nou
1174 533 1246 578 vero

51 628 234 708 contingens
260 630 318 705 est,
346 646 380 691 ut
407 629 436 691 se
464 629 543 706 ipsos
573 626 784 703 determinent;
806 642 836 688 et
857 643 962 689 contra
982 628 1053 707 (per
1073 629 1163 707 Prop.
1185 634 1249 704 27.)

51 740 71 799 fi
100 760 117 801 a
146 743 217 803 Deo
244 740 430 807 determinati
456 741 528 815 sint,
552 739 738 816 impoffibile,
760 757 821 799 nou
843 757 915 802 vero
937 738 1114 819 contingens
1136 740 1193 813 est,
1214 756 1250 809 ut

51 852 79 911 se
109 852 193 927 ipsos
215 854 457 917 indeterminatos
476 855 608 915 reddant.
649 854 746 934 Quare
769 850 869 913 omnia
892 870 929 913 ex
950 852 1117 913 necessitate
1138 850 1247 913 uivinae

50 982 165 1026 naturae
196 964 386 1027 determinata
418 964 500 1041 sunt,
532 983 592 1025 nort
615 979 729 1025 tantum
751 966 788 1025 ad
811 962 1010 1040 existendum,
1032 964 1191 1026 sedetiam
1212 966 1251 1025 ad-

48 1098 133 1141 ceno
162 1084 254 1143 modo
281 1080 462 1142 existendum
490 1096 519 1141 et
542 1082 740 1156 operandum,
761 1079 934 1155 nullumque
956 1081 1042 1141 datur
1063 1079 1251 1157 contingens.

53 1193 86 1265 Q.
109 1192 215 1251 oo.

529 1286 784 1333 scttoutum.

91 1386 264 1461 Antequam
285 1382 408 1445 ulterius
428 1401 561 1463 pergam,
581 1383 646 1459 bic,
668 1382 739 1459 quid
762 1381 851 1443 nobis
873 1399 925 1457 per
946 1383 1088 1443 Naturam
1099 1383 1247 1443 Naturan-

52 1512 126 1571 tem,
145 1512 175 1557 et
194 1495 266 1573 quid
285 1514 336 1571 per
354 1497 494 1557 Naturam
511 1496 684 1555 Naturatam
705 1492 925 1571 intelligendum
943 1493 993 1567 stt,
1004 1492 1149 1567 explicare
1161 1486 1251 1565 v010‚'

52 1609 100 1669 vel
129 1607 235 1683 potius
263 1626 390 1668 monere.
418 1608 492 1667 Nam
522 1624 559 1666 ex
590 1604 837 1665 antecedentibus
862 1604 922 1680 jam
944 1604 1075 1665 conibare
1096 1603 1248 1679 existimo,

53 1739 175 1795 nempe,
204 1722 287 1796 quod
316 1738 368 1795 per
395 1722 536 1781 Naturam
563 1720 756 1780 Naturantem
786 1716 876 1778 nobis
897 1715 1118 1795 intelligendum
1138 1717 1179 1776 est
1200 1716 1248 1792 id,

52 1832 134 1905 quod
157 1830 187 1890 in
210 1830 239 1889 se
261 1829 302 1890 est
319 1847 350 1890 et
370 1848 422 1905 per
445 1830 475 1891 se
497 1828 679 1905 concipitur,
709 1828 768 1891 five
797 1829 864 1890 talia
893 1828 1060 1890 substantiae
1088 1830 1247 1902 attributa,

52 1962 116 2017 quae
139 1955 278 2002 aeternnm
300 1958 329 2001 et
347 1940 489 2001 infinitam
510 1938 658 2001 essentiam
680 1940 864 2015 exprimunt,
882 1941 939 2001 hoc
958 1941 998 2001 est
1016 1938 1087 2021 (per
1103 1942 1205 2002 Coroll.
1221 1958 1247 2001 r.

53 2056 140 2133 Prap.
166 2071 212 2131 14.
235 2068 263 2112 et
289 2054 393 2113 Coroll.
415 2070 442 2113 2.
464 2054 553 2131 Prop.
578 2050 654 2133 tp),
678 2054 777 2128 Deus,
806 2066 953 2127 quatenus
982 2067 1016 2113 ut
1044 2051 1129 2113 causa
1156 2051 1246 2112 libera

50 2166 261 2227 consideratur.
283 2166 336 2225 Per
356 2166 528 2225 Naturatam
550 2179 645 2225 autem
668 2163 800 2242 intelligo
819 2163 850 2224 id
869 2183 972 2233 omne.
991 2166 1073 2240 quod
1091 2184 1127 2225 ex
1148 2164 1245 2225 neces-

52 2276 134 2338 sitate
155 2277 213 2338 Dei
235 2293 364 2351 naturae,
384 2278 442 2339 sive
463 2275 693 2352 uniuscujusque
714 2275 770 2337 Dei
790 2274 1000 2337 attributorum
1022 2275 1170 2353 sequitur,
1187 2276 1245 2336 boc

52 2388 90 2445 est
118 2406 226 2450 omnes
246 2387 303 2447 Dei
324 2386 532 2451 attributorum
564 2390 685 2464 modos,
715 2403 861 2464 quatenus
890 2388 1108 2452 considerantur
1129 2406 1162 2451 ut
1184 2408 1246 2465 res,
1327 2454 1331 2466 ‚

52 2519 115 2575 quae
138 2501 169 2560 in
192 2503 261 2560 Deo
283 2499 365 2574 sunt,
387 2517 417 2561 et
438 2519 503 2577 quae
525 2499 583 2560 srne
604 2502 671 2562 Deo
694 2519 747 2561 nec
768 2499 825 2562 eise
845 2519 901 2562 nec
922 2501 1041 2577 concipi
1063 2500 1190 2578 possunt.

427 2628 755 2690 PROPOSITIO
783 2629 877 2691 XXX.

90 2741 275 2817 melleam,
301 2741 367 2800 abiu
393 2742 495 2808 finitur
521 2755 574 2801 aut
598 2741 664 2800 ac‘lu
687 2743 841 2821 infinitus,
872 2743 929 2802 Dei
956 2743 1105 2802 attributa
1136 2745 1247 2820 Deique

52 2851 216 2928 affectiones
235 2851 467 2932 comprehendere
486 2852 582 2929 debet,
602 2865 629 2913 et
648 2851 727 2912 nilu'l
745 2855 835 2913 aliud.

459 2995 851 3040 nunnusrunrro

92 3092 164 3151 idea
194 3108 260 3152 vera
289 3091 378 3150 debet
407 3088 564 3150 convenire
593 3107 658 3150 cum
685 3089 738 3150 suo
760 3088 861 3150 ideato
882 3088 952 3171 (per
972 3089 1087 3151 Axion.
1107 3089 1166 3172 6.),
1187 3092 1245 3152 hoc

53 3203 93 3262 est
121 3201 169 3283 (nt
190 3215 249 3281 per
275 3221 304 3260 se
330 3200 438 3281 notum)
466 3199 512 3275 id,
540 3203 622 3276 quod
649 3199 678 3260 in
708 3200 860 3262 intellectu
890 3199 1040 3277 objective
1061 3202 1245 3278 continetur,

54 3315 144 3372 debet
177 3309 333 3372 necessario
366 3309 394 3371 in
426 3313 537 3372 Natura
566 3311 643 3372 dari:
675 3311 757 3388 atqui
789 3311 819 3372 in
848 3314 961 3375 Natura
989 3312 1059 3395 (per
1087 3316 1190 3378 Coroll.
1221 3333 1247 3377 r.
1292 3307 1294 3311 ’

55 3427 145 3504 Prop.
170 3425 230 3504 14.)
251 3423 382 3484 nonnisi
405 3443 462 3485 una
484 3424 639 3486 substantia
662 3427 765 3499 datur,
786 3444 890 3500 nempe
911 3429 1007 3503 Deus;
1028 3446 1081 3488 nec
1100 3430 1164 3489 ullae
1183 3429 1245 3490 aiiae

55 3537 226 3598 affectiones
253 3535 320 3618 (per
346 3535 534 3618 Prop.15.),
563 3555 649 3612 quam
679 3555 744 3613 quae
774 3536 802 3597 in
832 3540 897 3599 Deo
927 3538 1010 3614 sunt,
1039 3556 1068 3599 et
1090 3559 1155 3616 quae
1177 3539 1246 3620 (per

55 3651 170 3708 eandem
191 3647 293 3728 Prop.)
314 3647 372 3708 srne
393 3649 459 3708 Deo
481 3667 534 3710 nec
556 3647 609 3708 eiie
628 3667 682 3710 uec
701 3650 818 3725 concipi
838 3648 969 3726 poffunt3
985 3669 1054 3730 ergo
1066 3651 1248 3726 intellectus,

56 3778 123 3822 actu
146 3760 248 3822 finitus
269 3775 319 3820 aut
340 3773 408 3820 actu
430 3757 576 3835 infinitus,
597 3759 654 3820 Dei
676 3761 818 3823 attributa
838 3761 953 3840 Deique
975 3763 1147 3826 affectiones
1165 3784 1244 3826 com-

55 3875 234 3948 prehendere
255 3874 360 3947 debet,
382 3888 411 3933 et
435 3871 505 3932 nihil
526 3871 615 3934 aliud.
640 3875 673 3950 Q.
695 3875 732 3935 Ε.
754 3876 794 3935 D.

421 4001 751 4062 P'ROPOSITIO
777 4003 885 4064 XXXI.

96 4104 258 4165 Intellectus
287 4103 368 4178 ntia,
384 4101 446 4178 fine
464 4105 492 4160 r‘s
512 4104 623 4182 finitus
645 4103 684 4179 fit
710 4104 773 4180 five
800 4107 951 4186 infinitus,
978 4121 1011 4166 ut
1038 4121 1066 4166 et
1093 4105 1256 4183 voluntas,‘

55 4219 216 4293 cupiditas,
233 4233 314 4275 amor
334 4228 385 4274 etc.
391 4258 400 4289 ,
421 4215 464 4273 ad
481 4215 633 4274 Naturam
654 4216 854 4292 Naturatam,
872 4237 926 4277 non
942 4237 1011 4278 vero
1032 4222 1074 4280 ad
1088 4223 1244 4282 Naturan-

56 4345 108 4390 tem
130 4327 245 4406 referri
262 4328 372 4388 debent.
