2934 4900
196 327 235 386 70
621 307 803 369 Ethicer
833 308 902 370 Pare
923 310 946 368 Ι.

196 487 324 564 capiam,
345 487 428 563 quod
448 486 525 562 apud
547 501 648 546 omnes
670 485 759 546 debet
781 482 837 544 esse
858 484 889 546 in
910 484 1058 560 consesso;
1079 502 1183 561 nempe
1203 488 1278 562 hoc,
1295 490 1383 564 quod

197 616 298 659 omncs
328 595 461 658 homines
491 612 584 657 rerum
616 593 765 657 causarum
796 594 888 674 ignari
919 596 1094 672 nascuntur,
1122 611 1154 657 et
1174 600 1256 674 quod
1276 617 1384 660 omnes

197 708 360 786 appetitum
387 709 496 770 habent
524 707 605 769 suum
634 706 706 768 utile
728 706 895 784 quarendi,
915 707 1000 785 cujus
1021 707 1062 768 rei
1083 707 1151 769 sunt
1171 709 1291 770 conscii.
1333 711 1382 769 Ex

197 821 243 882 his
270 821 347 882 enim
375 820 521 898 sequitur,
546 823 659 899 primo,
688 821 772 895 quod
791 818 926 880 hominen
946 818 976 878 se
995 817 1104 880 liberos
1125 819 1183 880 esse
1204 821 1385 896 opinentur,

196 933 433 1012 quandoquidem
461 932 573 994 suarum
604 929 785 994 volitionum
812 930 916 1006 suique
943 929 1093 1005 appetitur
1115 929 1181 992 sunt
1202 931 1329 1008 conscii,
1349 948 1385 991 et

197 1047 233 1107 de
262 1045 368 1119 causas,
390 1064 406 1104 a
427 1041 535 1119 quibus
563 1042 764 1119 disponuntur
783 1044 819 1103 ad
841 1045 1039 1119 appetendum
1060 1055 1091 1103 et
1113 1045 1290 1119 volendum,
1310 1043 1385 1120 quia

197 1175 293 1219 earum
321 1154 388 1217 sunt
416 1154 526 1234 ignari,
554 1171 590 1215 ne
620 1171 671 1230 per
700 1152 842 1215 somnium
864 1153 880 1187 *
901 1153 1045 1232 cogitant.
1085 1153 1226 1231 Sequitur
1240 1157 1384 1233 secundo,

196 1267 330 1328 homines
360 1265 457 1326 omnia
489 1281 610 1341 propter
642 1265 727 1326 finem
759 1283 860 1344 agere;
887 1265 1027 1328 videlicet
1047 1281 1169 1343 propter
1189 1265 1277 1344 utile,
1297 1271 1385 1344 quod

197 1392 358 1455 appetunt;
386 1379 463 1438 unde
491 1377 542 1452 iit,
564 1391 597 1438 ut
620 1375 731 1452 semper
752 1393 845 1437 rerum
865 1379 1043 1452 peradamm
1064 1379 1164 1440 causat
1184 1381 1285 1440 finales
1306 1395 1384 1440 tam·

198 1507 259 1553 tum
280 1489 351 1551 scire
373 1504 529 1566 expetant,
550 1505 580 1550 et
602 1488 653 1549 ubi
675 1488 752 1564 ipsas
773 1488 954 1565 audiverint,
975 1489 1140 1566 quiescant;
1157 1490 1290 1552 nimirum
1312 1491 1385 1569 quia

198 1603 303 1666 nullan
323 1603 433 1662 habent
454 1601 567 1662 causam
588 1599 711 1662 ulterius
732 1599 898 1662 dubitandi.
939 1600 990 1662 Sin
1011 1617 1109 1664 autem
1130 1603 1243 1665 easdem
1263 1622 1301 1664 ex
1321 1604 1384 1666 alio

199 1715 298 1777 audire
320 1727 484 1790 nequeant,
512 1712 584 1772 nihil
605 1711 640 1772 iis
662 1711 766 1786 restat,
792 1712 843 1773 nist
864 1728 899 1774 ut
920 1715 957 1774 ad
977 1714 1068 1775 semet
1088 1715 1116 1775 se
1137 1731 1330 1792 convertant,
1350 1733 1386 1776 et

201 1828 237 1887 ad
264 1825 355 1900 fines,
375 1845 390 1886 a
413 1824 520 1901 quibus
549 1823 601 1900 ipsi
630 1826 667 1884 ad
696 1822 795 1884 similia
825 1823 1009 1886 determinari
1036 1824 1147 1902 solent,
1167 1827 1331 1901 resudant,
1352 1842 1387 1888 et

202 1937 239 1999 stc
260 1956 297 1998 ex
318 1935 371 1998 suo
393 1934 510 2014 ingenio
533 1935 679 2014 ingenium
702 1933 820 1996 alterius
841 1935 997 1997 necessario
1015 1935 1160 2014 judicant.
1199 1938 1290 2000 Porro
1317 1956 1385 2000 curn

202 2051 231 2112 in
261 2049 290 2109 se
317 2065 347 2108 et
375 2063 458 2108 extra
485 2048 513 2109 se
542 2065 602 2108 non
632 2067 724 2124 pauca
752 2047 898 2124 reperiant
927 2049 1036 2124 media,
1064 2069 1129 2126 quae
1150 2053 1187 2111 ad
1207 2051 1290 2112 suum
1310 2051 1387 2112 utile

203 2159 408 2237 assequendum
430 2177 490 2220 non
512 2177 611 2234 parum
634 2162 820 2236 conducant,
839 2176 874 2222 ut
895 2179 942 2222 ex.
962 2179 1003 2240 gr.
1025 2163 1130 2224 oculos
1150 2164 1187 2224 ad
1207 2161 1386 2236 videndum,

203 2277 305 2336 dentes
327 2275 364 2334 ad
384 2271 605 2346 masticandum,
625 2273 729 2333 herbas
751 2287 781 2333 et
803 2271 959 2335 animantia
979 2277 1017 2335 ad
1037 2273 1219 2350 alimentum,
1240 2275 1328 2337 solem
1347 2278 1386 2336 ad

202 2383 436 2459 illuminandum,
457 2403 533 2445 mare
554 2388 591 2446 ad
612 2387 746 2446 alendum
768 2384 880 2463 pisces,
901 2398 975 2461 etc.;
995 2384 1064 2446 hinc
1085 2385 1209 2463 sactum,
1229 2401 1264 2446 ut
1285 2385 1387 2446 omnia

203 2499 343 2561 naturalia
358 2514 495 2575 tanquam
513 2501 549 2560 ad
569 2498 651 2560 suum
671 2498 743 2559 utile
761 2497 856 2559 media
873 2497 1065 2559 considerent.
1082 2499 1123 2559 Et
1139 2498 1208 2575 quia
1225 2498 1272 2559 illa
1289 2498 1388 2560 inedia

202 2613 238 2672 ab
260 2610 327 2687 ipsis
347 2610 482 2685 inventa,
504 2629 564 2671 non
585 2625 682 2672 autem
704 2626 803 2687 parata
826 2609 881 2671 esse
902 2610 1012 2685 sciunt;
1029 2610 1098 2671 hinc
1116 2608 1229 2672 causam
1247 2611 1387 2672 credendi

204 2722 384 2795 habuerunt,
412 2720 542 2797 aliquem.
568 2719 653 2781 alium
677 2718 751 2795 esse,
773 2718 823 2797 qui
845 2717 892 2781 illa
913 2718 1007 2781 media
1029 2718 1059 2779 in
1080 2736 1180 2780 eorum
1202 2717 1282 2781 usum
1302 2738 1388 2797 para-

205 2832 290 2895 verit.
330 2834 405 2895 Nam
437 2831 588 2909 postquam
619 2849 664 2893 res
696 2846 729 2892 ut
764 2830 858 2891 media
887 2830 1161 2906 consideraverunt,
1187 2834 1303 2892 credere
1324 2850 1388 2893 non

204 2956 382 3021 potuerunt,
414 2942 526 3003 easdem
558 2944 586 3004 sc
618 2942 694 3018 ipsas
727 2941 843 3017 fecisse;
874 2942 924 3003 sed
955 2960 992 3003 ex
1020 2940 1122 3003 mediis
1129 2985 1139 3016 ,
1166 2960 1232 3017 quae
1259 2940 1389 3018 sibiipsi

205 3072 304 3131 parare
323 3055 431 3129 solent,
450 3058 624 3117 concludere
642 3057 822 3129 debuerunt,
839 3054 901 3117 dari
918 3054 1059 3131 aliquem,
1075 3056 1124 3118 vel
1140 3054 1255 3131 aliquos
1264 3056 1389 3116 Naturae

133 3219 135 3223 ,
204 3170 346 3241 redores,
373 3166 497 3227 liumana
525 3165 666 3243 praeditos
694 3166 848 3241 libertate,
873 3166 924 3243 qui
946 3166 1014 3243 ipsas
1034 3166 1132 3228 omnia
1152 3166 1337 3243 curaverint,
1356 3183 1391 3227 et

205 3278 234 3339 in
256 3297 355 3340 eorutn
378 3278 459 3339 nsurn
481 3278 577 3339 omnia
599 3279 732 3339 fecerint.
754 3280 856 3356 Atque
877 3278 982 3339 horum
1003 3278 1091 3339 etiam
1110 3278 1274 3358 ingenium,
1294 3298 1390 3355 quan-

206 3392 365 3470 doquidem
393 3394 429 3453 de
457 3410 493 3453 eo
523 3410 670 3469 nunquam
693 3391 765 3469 quid
785 3392 976 3468 audiverant,
996 3411 1034 3453 ex
1054 3391 1108 3453 suo
1125 3391 1256 3469 judicare
1277 3395 1391 3455 debue-

206 3520 291 3578 runt;
312 3518 400 3581 atque
421 3504 489 3565 hinc
511 3504 689 3579 statererunt,
710 3506 793 3565 Deos
814 3504 911 3565 omnia
932 3504 962 3564 in
982 3504 1133 3567 hominurn
1155 3503 1235 3566 usnrn
1256 3504 1392 3584 dirigere,

207 3632 240 3677 ut
268 3615 403 3676 homines
431 3615 481 3675 sibi
508 3615 695 3690 devinciant,
717 3630 747 3676 et
768 3616 797 3676 in
820 3616 930 3678 summo
951 3618 988 3676 ab
1009 3616 1109 3677 iisdem
1128 3616 1242 3677 honore
1261 3616 1390 3678 habean-

206 3742 270 3802 tnr;
291 3730 368 3788 unde
390 3727 514 3801 stillim,
543 3742 575 3789 ut
597 3727 794 3805 unusquisque
820 3726 952 3790 diversos
971 3730 1068 3789 Deum
1089 3727 1206 3789 colendi
1226 3730 1333 3790 modos
1354 3748 1391 3789 ex

207 3838 259 3901 suo
288 3838 406 3917 ingenio
437 3838 666 3919 excogitaverit,
696 3854 728 3900 ut
755 3841 838 3900 Deus
859 3858 912 3901 coa
931 3838 1017 3915 supra
1037 3840 1168 3917 reliquos
1189 3840 1341 3919 diligeret,
1362 3858 1392 3902 et

207 3966 301 4012 totam
322 3952 463 4013 Naturam
483 3952 513 4012 in
535 3952 616 4012 usum
638 3970 725 4014 ccecae
748 3952 861 4014 illorum
882 3953 1055 4031 cupiditatis
1075 3968 1106 4015 et
1126 3952 1298 4015 insatiabilis
1318 3975 1389 4019 ava-

239 4230 252 4261 *
286 4232 372 4281 Anott.
397 4230 523 4298 Tubing.t
552 4248 583 4281 ve
603 4243 650 4299 per
670 4233 793 4299 fortiniane
817 4234 924 4301 quidem.
940 4230 983 4285 Cs.
999 4243 1081 4284 autern
1099 4231 1190 4284 Livius
1207 4233 1391 4287 Gronovianns

207 4314 489 4381 ³t=49⁶t44=³⁶·
