2934 4900
421 325 982 414 Theologico·Politicum.
1240 333 1300 412 ἄιε

179 505 284 571 relique
298 505 383 558 omnin
397 505 453 558 sore
466 507 542 571 pient
548 519 625 571 etque
634 506 761 572 expedite.
770 505 814 558 Est
820 517 903 558 tutent
911 505 1065 571 ille,quod,
1074 507 1091 558 ss
1100 521 1146 570 eo,
1155 521 1207 571 quo
1216 505 1301 560 stetui·

180 603 256 652 mue,
278 591 356 643 modo
378 588 537 655 philosophie
553 591 583 642 ut
599 593 625 641 S.
640 589 738 641 Literus
761 589 944 654 interpretandi
966 603 1073 653 norme,
1090 589 1148 654 ipse
1164 593 1192 641 s.
1207 589 1299 642 Litere

172 671 276 725 inutiles
292 687 319 725 et
333 673 424 726 frustru
439 685 546 726 exemto
562 686 638 738 atque
653 673 684 724 td
701 687 750 724 noo
766 671 906 724 transmisse
925 671 1086 725 videantur?
1104 670 1299 738 Responstonit,

172 769 230 818 qur,¹
248 755 368 822 deinceps
385 757 537 820 detonuere
553 756 608 808 fere
623 756 732 808 medulla
749 755 799 807 este
816 793 837 821 ,‚
848 755 1006 822 ...(voces)
1025 768 1123 808 nortun
1133 755 1296 808 suntoccriio
1383 775 1387 787 ·

174 838 220 890 vei
234 837 439 903 initemeomm,
456 854 508 904 quo
526 838 668 891 intelledtus
685 839 791 907 erigitur
807 854 836 890 rc
853 839 1028 902 iuducitur,ut
1045 839 1298 892 ideas...tttentiun

173 922 381 987 contempletur,
404 937 436 975 ee
458 923 531 976 inter
552 921 577 974 se
602 923 731 984 conferet,
756 937 785 973 rc
809 922 841 974 fit
857 923 922 974 hanc
938 922 964 973 ln
983 923 1025 974 ille
1043 923 1177 975 necessario
1203 921 1299 975 includi

172 1005 353 1070 deprehendet.
369 1034 403 1044 -
418 1008 475 1076 Jam
500 1019 583 1069 vero,
607 1005 729 1071 φάη
753 1019 841 1058 omnen
865 1005 924 1058 libri
950 1020 983 1057 ex
1010 1006 1167 1060 orationibus
1185 1005 1294 1058 interse

172 1088 296 1140 connexit
319 1088 492 1155 copulatisque
515 1087 630 1141 conssnnt
645 1101 724 1153 etque
739 1087 900 1152 minume,
918 1088 1103 1142 evidentiffime
1120 1088 1298 1154 consequitur,

172 1169 290 1224 summam
307 1172 500 1238 maximumque,
517 1187 592 1237 quem
609 1174 754 1224 rebusvere
772 1183 941 1238 ecmmteqtte
954 1171 1137 1240 cognoscendis
1155 1171 1297 1240 intelligen-

170 1251 259 1318 disque
284 1255 397 1319 prebere
422 1268 520 1319 queunt
546 1255 698 1318 utilitetem,
722 1255 750 1306 in
776 1267 807 1306 eo
833 1253 887 1306 solo
913 1254 1064 1318 condiiere,
1091 1256 1163 1319 quod
1195 1253 1297 1307 Lediori

170 1335 351 1403 cogitationem
369 1335 500 1401 injiciant,
516 1351 625 1402 eumque
641 1337 755 1389 excitent
771 1338 804 1388 ad
819 1337 901 1400 idern,
917 1352 979 1401 quos
995 1334 1047 1400 itm
1066 1352 1151 1391 rerum
1168 1337 1195 1390 in
1212 1351 1297 1390 mente

170 1419 313 1471 efformem
338 1421 414 1473 hebet
439 1421 518 1472 cleros
543 1432 620 1485 etque
646 1418 791 1482 ustinstas,
815 1435 923 1484 quoque
948 1419 973 1472 io
998 1419 1049 1472 iliis
1071 1420 1145 1472 libris
1163 1421 1296 1474 vocabulis

170 1501 341 1566 denotentur,
366 1503 589 1568 contemplandas,
614 1503 681 1555 inter
699 1501 723 1554 se
741 1503 936 1569 computenda,
959 1517 1003 1567 tc,
1019 1519 1079 1556 num
1097 1519 1147 1556 unt
1164 1505 1237 1558 citeri
1254 1505 1293 1558 in-

170 1583 288 1636 cludetur
312 1595 358 1637 tut
382 1599 498 1637 connexe
522 1587 570 1650 sst,
598 1585 793 1647 examinendnee
813 1585 882 1637 nulle
898 1599 962 1638 vero
979 1583 1077 1637 tatione
1094 1585 1251 1640 intelledituu
1268 1587 1294 1639 in

172 1681 259 1718 veram
275 1681 360 1720 rerum
377 1667 551 1736 cognitionem
568 1683 600 1720 ex
617 1680 661 1721 rut
678 1683 725 1734 per
743 1667 768 1720 se
785 1669 853 1733 pode
869 1669 1003 1731 deducere,
1019 1669 1101 1720 multo
1119 1669 1204 1722 minuo
1216 1669 1297 1722 tuenti

169 1748 238 1801 idean
261 1751 339 1803 eum
364 1750 557 1817 distincitsque,
574 1752 591 1803 ii
608 1765 682 1804 enter
708 1749 796 1803 infuse
821 1750 959 1815 inditaque
985 1765 1037 1803 non
1056 1751 1169 1817 fuerint,
1187 1753 1292 1816 indere,

170 1844 214 1884 tut
231 1831 383 1897 infundere,
399 1846 444 1887 tut
461 1833 619 1900 imprimere,
634 1846 679 1886 eut
695 1834 746 1886 elio
763 1833 851 1898 eliquo
869 1833 947 1886 modo
965 1833 1112 1902 ingenerare
1121 1868 1199 1887 .....
1219 1835 1295 1888 Unde

169 1915 252 1981 liquet
259 1950 339 1977 .....
356 1917 460 1970 mioime
477 1917 689 1983 supervacaneum
706 1917 773 1979 effe,
793 1915 947 1981 scriptorem
964 1916 1033 1968 edire
1051 1927 1128 1982 etque
1146 1915 1294 1970 consuleree

170 2013 222 2051 uon
249 1998 352 2064 quidem
378 2014 407 2053 ut
431 2001 475 2053 ille
499 2001 634 2053 veritatem
652 2013 696 2053 tut
711 2015 758 2066 per
775 1999 799 2052 se
815 1999 943 2052 mendbuo
965 1997 1058 2052 nostris
1081 1999 1230 2068 ingeneret,
1245 2013 1291 2053 tut

170 2082 302 2135 cleriorem
318 2080 550 2149 duunffioremque
567 2084 673 2146 reddet,
697 2095 742 2134 tut
764 2081 842 2150 megin
859 2079 954 2133 firmem
972 2079 1064 2144 sucht,
1081 2079 1122 2132 sed
1141 2094 1188 2146 ut,
1207 2097 1293 2146 quem·

170 2165 306 2218 admodum
323 2166 453 2230 diximus,
469 2168 625 2219 occtssonem
641 2164 822 2229 mtterinmque
839 2163 968 2232 cogitandi
984 2161 1111 2232 suggeret,
1137 2176 1164 2215 et
1190 2163 1293 2230 quidem

170 2251 202 2302 de
222 2249 329 2314 talibus,
345 2251 377 2302 de
394 2250 488 2315 quibos
513 2251 596 2304 sotstn
621 2250 682 2302 ulixe
707 2263 837 2314 uunquam
863 2248 1045 2317 cogittffemus.
1077 2251 1192 2316 Quorum
1218 2250 1293 2302 etiem

170 2331 289 2386 summam
307 2333 437 2386 hominum
454 2335 600 2386 beatitatem
616 2331 839 2399 concernentium,
855 2332 970 2396 tdeoque
987 2330 1038 2383 iilis
1054 2345 1107 2397 pre
1125 2333 1222 2386 cetero
1239 2348 1292 2387 otu·

171 2417 246 2471 nibus
262 2417 473 2481 conducentium,
489 2431 542 2470 non
559 2430 643 2470 tutem
660 2415 776 2469 verioris
793 2415 929 2479 docende,
952 2411 1066 2481 tespestu
1083 2412 1138 2478 ejus
1155 2415 1249 2471 utiliter
1266 2429 1293 2469 et

171 2501 299 2565 maxime,
316 2513 343 2554 et
360 2501 467 2553 eliorum
484 2500 606 2554 librorum
623 2500 728 2554 utiliteti
746 2500 821 2569 longe
838 2499 1014 2564 rnteponendr
1031 2497 1165 2565 est....'']

648 2758 746 2821 XXXI

590 2926 637 2991 (td
654 2943 712 2996 ptr·
728 2928 803 2994 eso·

149 3139 209 3203 LB.
241 3138 362 3202 Mune.
392 3137 460 3199 Hoc
491 3136 651 3214 est,quod
672 3134 850 3197 adsalutem
871 3132 891 3195 s.
918 3132 1129 3195 beatitudinem
1151 3131 1219 3195 satin
1238 3128 1291 3209 fit,

106 3252 210 3317 divine
240 3256 357 3316 decreta
388 3266 525 3329 tanquam
554 3251 619 3327 jura
649 3248 700 3311 seu
729 3250 865 3311 mandata
895 3246 1044 3325 ampledii,
1064 3266 1118 3308 nec
1140 3264 1217 3324 opus
1237 3246 1289 3323 fit,

105 3368 206 3429 eadem
227 3382 262 3427 ut
283 3381 406 3427 eternas
421 3363 561 3429 veritates
581 3363 753 3440 concipere,
770 3378 831 3425 nott
848 3361 940 3424 Ratio
951 3359 1170 3427 sedRevelatio
1181 3363 1287 3443 docere

104 3477 222 3556 potest,
243 3492 277 3541 ut
297 3492 380 3554 patet
401 3495 438 3539 ex
459 3474 661 3539 demonstratis
680 3475 755 3553 Cap.
774 3495 803 3555 4„

638 3728 751 3790 xxxu

583 3902 629 3969 (td
647 3918 703 3970 ner·
722 3902 798 3967 ⁵⁵⁵>

142 4110 202 4179 LB.
236 4112 356 4176 Mune.
386 4110 420 4174 In
450 4108 527 4174 statu
558 4108 654 4188 civili,
684 4108 737 4172 ubi
767 4106 913 4170 communi
929 4103 995 4185 jure
1015 4102 1197 4171 decernitur.
1215 4100 1288 4183 quid

106 4228 218 4287 bonum
248 4239 279 4286 et
306 4225 322 4260 *
350 4224 423 4301 quid
450 4224 555 4285 malum
581 4222 637 4299 iit,
664 4238 743 4283 recte
764 4222 850 4283 dolus
871 4218 1057 4299 distinguitur
1076 4218 1105 4279 in
1125 4219 1236 4279 bonum
1256 4229 1288 4276 et

103 4336 219 4398 malum.
241 4336 298 4397 Sed
316 4334 347 4396 in
369 4334 444 4396 statu
464 4332 588 4396 naturali
593 4330 666 4410 ,ubi
687 4329 885 4409 unusquisque
905 4328 949 4392 sui
962 4326 1286 4407 judexest,summttm·

1152 4438 1187 4493 40
