2934 4900
327 344 825 423 'sbeologico-llolitici
857 346 930 421 Cap.
953 348 991 405 V.
1192 362 1247 424 441

55 542 174 603 ptaetet
194 543 279 588 vetas
306 524 482 601 opiniones,
509 524 616 583 clatum
637 523 755 599 insuper
776 537 806 583 et
827 521 990 584 dillindum
1012 522 1100 582 lrabet
1123 539 1251 597 concep·

56 656 141 700 tum.
182 639 318 714 Denique
345 637 493 714 sequitur,
521 655 605 711 eum,
632 637 684 714 qui
711 637 764 697 lras
790 635 923 697 historias
944 637 1099 711 Scriptutae
1122 637 1254 715 ignorat,

56 770 124 811 nec
144 750 253 813 lumine
273 750 398 811 naturali
426 749 536 825 aliquid
557 750 660 825 novit,
682 748 702 809 li
725 768 785 811 non
807 748 927 825 impium
948 748 1007 810 five
1035 766 1255 823 contumacem,

58 862 258 923 inhumanum
280 876 376 921 tamen
395 858 450 920 elle
469 875 500 921 et
517 879 601 936 paene
622 862 756 935 brutum,
776 878 830 921 nec
849 862 938 922 ullum
950 861 1007 921 Del
1020 862 1255 922 donumhabere.

60 976 180 1035 Verum
200 974 249 1033 bic
270 975 448 1046 notandum,
469 990 543 1047 nos,
563 990 628 1033 cum
651 972 791 1047 dicimus,
814 973 949 1034 notitiam
970 974 1151 1035 historiarum
1165 976 1254 1053 vulgo

60 1088 178 1147 summe
196 1085 252 1145 else
270 1084 467 1159 necessariam,
483 1102 543 1144 non
562 1084 723 1163 intelligere
741 1084 878 1145 notitiam
896 1086 1026 1147 omnium
1038 1086 1153 1162 prorsus
1163 1085 1253 1146 histo·

61 1197 193 1272 riarum,
220 1214 286 1273 quae
314 1196 345 1256 in
373 1196 458 1257 sactis
486 1196 579 1256 literis
606 1196 812 1272 continentut,
842 1198 891 1259 sed
918 1212 1033 1259 tantum
1055 1217 1169 1272 earum,
1189 1216 1254 1274 quae

63 1309 226 1387 praecipuae
253 1308 340 1381 sunt,
367 1324 397 1369 et
420 1328 485 1385 quae
507 1308 593 1385 solae,
624 1308 683 1369 fine
703 1310 839 1385 reliquis,
860 1310 1037 1386 dostn'nam,
1058 1328 1144 1387 quam
1165 1313 1255 1372 modo

63 1421 215 1497 diximus,
243 1421 411 1483 evidentius
433 1422 608 1494 ostendunt,
628 1420 838 1497 hominumque
861 1422 973 1484 animos
995 1422 1116 1483 maxime
1138 1440 1256 1483 movere

64 1533 199 1611 possunt.
226 1535 318 1608 Nam,
342 1532 363 1593 fi
384 1550 485 1594 omnes
514 1532 672 1609 Scripturas
694 1533 820 1595 histotiae
842 1534 1001 1595 necessaria
1024 1533 1114 1595 essent
1135 1536 1171 1595 ad
1193 1534 1256 1610 ejus

64 1644 232 1707 dodtinam
263 1647 460 1720 probandam,
491 1664 545 1705 nec
578 1644 727 1706 conclusto
750 1644 816 1706 elici
838 1645 950 1722 posset,
971 1644 1022 1707 nili
1043 1664 1080 1706 ex
1101 1644 1257 1707 universali

65 1756 305 1819 consideratione
326 1756 455 1817 omnium
478 1755 596 1832 prorsus
615 1756 817 1833 historiarum,
838 1776 904 1833 quae
924 1758 954 1817 in
973 1757 1033 1833 ipsa
1051 1756 1257 1831 continentut;

67 1888 135 1931 tum
156 1870 222 1931 sane
244 1868 308 1945 ejus
329 1869 468 1931 dodrinae
491 1869 700 1929 demonstratio
722 1884 752 1929 et
774 1869 922 1931 conclusio
943 1888 1003 1931 non
1022 1868 1258 1945 tantumplebis,

67 1984 122 2044 scd
143 1982 278 2043 absolute
298 1982 455 2042 humanum
482 1996 601 2057 captum
623 1996 654 2042 et
676 1981 752 2044 vires
774 1982 936 2057 superaret;
957 1982 1023 2057 quis
1044 1981 1119 2042 enim
1141 1982 1177 2042 ad
1198 1996 1257 2041 tam

67 2112 208 2173 magnum
246 2110 396 2154 numerum
433 2091 615 2152 historiarum
643 2090 724 2154 stmul
756 2096 907 2155 attendere
939 2092 1050 2169 pollet,
1082 2108 1112 2154 et
1143 2096 1180 2154 ad
1210 2106 1258 2152 tot

69 2205 305 2267 circumstantias
326 2220 356 2265 et
376 2220 475 2281 partes
496 2204 653 2282 doslrinae,
674 2224 740 2282 quae
759 2224 796 2265 ex
815 2220 862 2266 tot
873 2221 991 2281 tamque
1003 2204 1122 2267 diversas
1131 2204 1259 2265 historiis

69 2321 196 2379 deberet
222 2316 296 2376 elici.
337 2317 403 2394 Ego
426 2316 524 2376 saltem
546 2316 616 2376 mihi
638 2335 698 2378 non
719 2316 831 2393 polium
853 2317 1041 2393 persuadere,
1063 2318 1144 2393 quod
1164 2316 1258 2378 homi-

71 2449 126 2490 nes
157 2428 215 2503 illi,
247 2428 298 2505 qui
330 2427 416 2489 nobis
447 2427 641 2504 Scriptutam,
672 2444 763 2505 prout
794 2449 856 2490 eam
887 2430 1043 2506 habemus,
1064 2428 1259 2506 reliquerunt,

72 2557 162 2603 tanto
193 2542 313 2620 ingenio
344 2541 574 2617 abundaverint,
605 2557 639 2602 ut
670 2544 756 2603 talem
789 2543 1062 2604 demonstrationem
1088 2541 1259 2620 investigare

71 2655 247 2734 potuerint,
277 2670 306 2714 et
338 2657 431 2716 multo
470 2655 582 2730 minus,
613 2657 695 2732 quod
726 2655 859 2718 doctrina
889 2656 1044 2732 Scriptura
1076 2673 1136 2716 non
1167 2653 1261 2732 pol'et

72 2769 217 2848 intelligi,
245 2767 297 2829 nist
326 2769 434 2830 auditis
462 2769 565 2830 litibus
592 2767 697 2844 isaaci,
719 2769 927 2846 Achitophelis
949 2767 1076 2830 consrliis
1096 2769 1259 2832 Absolomo

73 2881 170 2956 datis,
201 2897 230 2941 et
261 2881 339 2941 bello
371 2878 451 2941 civili
481 2881 651 2959 Judaeorum
682 2896 712 2940 et
743 2878 950 2956 maestarum,
982 2894 1011 2940 et
1041 2879 1103 2940 aliis
1123 2883 1160 2940 ad
1180 2881 1259 2941 bunc

73 2996 195 3056 modurn
227 2992 399 3068 Chronicis;
434 3006 486 3053 aut
518 2995 600 3068 quod
630 2991 730 3068 primis
762 2991 890 3072 Judaeis,
922 2991 972 3068 qui
1004 3007 1136 3067 tempore
1167 2990 1260 3052 Molis

74 3107 235 3178 vixerunt,
266 3104 327 3179 ipsa
358 3103 490 3165 doctrina
522 3123 559 3162 cx
589 3103 717 3164 historiis
749 3121 809 3163 non
842 3121 924 3178 aeque
956 3101 1041 3162 facile
1073 3102 1260 3163 demonstrari

75 3217 226 3294 potuerit,
257 3235 290 3276 ac
318 3215 355 3276 ils
383 3217 435 3292 qui
462 3231 594 3292 tempore
623 3213 742 3275 Hesdrae
772 3213 920 3276 vixerunt.
961 3214 1019 3274 Sed
1047 3215 1082 3274 de
1103 3212 1150 3273 his
1171 3212 1260 3274 fustus

75 3331 105 3389 in
138 3327 337 3404 sequentibus.
378 3329 494 3406 Vulgus
525 3326 625 3404 itaque
655 3345 704 3386 eas
731 3341 846 3387 tantum
874 3325 1023 3400 historias,
1052 3343 1117 3402 quae
1138 3323 1260 3385 maxime

77 3455 176 3500 cotum
207 3438 319 3499 animos
346 3441 383 3498 ad
412 3439 608 3499 obedientiam
630 3453 661 3498 et
682 3438 873 3498 devotionem
895 3454 1013 3498 movere
1034 3435 1169 3512 possunt,
1190 3435 1260 3496 scite

76 3527 203 3612 tenetur.
235 3551 278 3609 At
308 3549 402 3624 ipsum
433 3551 540 3627 vulgus
568 3567 628 3609 non
650 3548 719 3610 satis
741 3564 841 3624 aptum
863 3547 960 3609 estad
982 3547 1146 3608 faciendum
1167 3548 1203 3608 de
1225 3545 1260 3607 iis

73 3660 236 3742 judicium,
267 3677 374 3736 utpote
405 3664 487 3738 quod
519 3661 609 3741 magis
639 3661 856 3723 narrationibus
888 3675 917 3720 et
948 3676 1041 3721 retum
1069 3657 1202 3738 singulari
1231 3673 1261 3718 et

77 3776 267 3850 inexpestato
306 3789 432 3848 eventu,
471 3791 557 3849 quam
595 3773 657 3849 ipsa
693 3773 875 3850 historiarum
914 3771 1045 3834 doslrinl
1083 3772 1260 3832 deleslatur:

78 3904 166 3963 atque
196 3887 250 3946 hac
283 3887 318 3946 de
351 3883 436 3945 causa
465 3901 571 3960 praetet
602 3885 757 3947 leilionem
794 3885 973 3946 historiarum
1005 3883 1170 3946 Pastoribus
1201 3883 1260 3946 live

78 3996 211 4058 Ecclefiae
243 3995 379 4058 ministris
410 3994 528 4072 insuper
558 3997 687 4076 indiget,
716 3997 767 4074 qui
789 3996 881 4074 ipsum
903 4015 956 4073 pto
979 3995 1176 4057 imbecillitate
1197 3995 1261 4072 eius

79 4107 186 4188 ingenii
208 4111 344 4168 doceant.
366 4109 524 4182 Attamen,
546 4125 582 4168 ne
604 4127 619 4168 a
642 4107 741 4169 nostro
763 4106 917 4185 proposito
938 4107 1122 4185 divagemur,
1144 4105 1193 4167 sed
1215 4106 1262 4183 id,

79 4222 159 4298 quod
180 4218 327 4294 praecipue
355 4219 579 4280 intendebamus
608 4219 776 4294 ostendere,
805 4221 1030 4293 concludamus,
1051 4236 1153 4294 nempe
1175 4219 1261 4281 fidem

78 4331 275 4408 historiarum,
306 4349 490 4412 quaecunque
527 4335 642 4396 demum
673 4351 715 4394 eae
746 4330 819 4408 lint,
851 4334 887 4394 ad
918 4332 1009 4412 legero
1040 4330 1169 4395 divinam
1200 4349 1260 4396 non
