2934 4900
381 322 437 385 De
476 321 705 385 Servitute
746 317 939 384 Humana.
1194 338 1251 400 2³3

531 516 786 560 scnoston.

98 612 183 672 Cum
211 610 313 689 itaque
343 610 461 673 Laetitia
491 613 661 689 pierumque
694 610 766 691 (per
793 609 884 671 Schol.
906 610 996 690 Prop.
1017 630 1065 691 44„
1087 608 1186 689 hujus)
1215 611 1252 672 ad
1279 580 1286 594 ¹

54 742 152 785 unam
185 722 327 800 Corporis
358 739 466 800 partem
497 725 655 797 referatur,
686 722 822 800 cupimus
843 740 913 803 ergo
935 724 1104 801 plerumque
1125 722 1252 784 nostrum

56 836 118 897 eise
151 836 340 911 conservare,
367 836 444 897 nulla
470 834 571 896 habita
598 834 713 896 ratione
735 834 855 914 integrae
877 835 980 897 nostrae
1001 834 1194 911 valetudinis3
1216 837 1252 897 ad

57 950 149 1025 quod
172 948 301 1023 accedit,
323 950 406 1025 quod
425 947 632 1025 Cupiditates,
653 947 763 1025 quibus
780 947 904 1008 maxime
923 948 1137 1027 tenentur(per
1149 948 1251 1009 Caroli.

57 1057 324 1138 Promissus),
345 1055 486 1134 temporis
507 1071 621 1119 tantum
643 1054 810 1134 praescntis,
830 1074 892 1117 nort
913 1070 1009 1117 autern
1030 1055 1122 1119 futuri
1142 1056 1252 1117 habent

56 1172 220 1231 rationem.

434 1310 765 1373 PROPOSITIO
805 1310 883 1373 LXI.

101 1425 276 1503 Cupiditas,
297 1440 360 1501 qua
380 1442 417 1483 etc
436 1425 562 1484 Ratione
581 1426 688 1499 oritur,
709 1424 845 1503 exceffum
865 1422 971 1487 habere
991 1426 1099 1501 nequir.

472 1584 864 1631 oenonsrnnrto

99 1678 262 1755 Cupiditas
293 1678 364 1759 (per
387 1696 412 1741 1.
434 1677 538 1757 ΛΜ.
557 1679 689 1759 Defin.),
719 1679 854 1741 absolute
885 1678 1064 1741 considerata
1076 1725 1086 1756 ,
1116 1680 1158 1742 eii
1190 1680 1251 1758 ipsa

59 1790 192 1853 hominis
213 1790 348 1867 essentie,
376 1807 523 1869 quatenus
551 1810 740 1869 quocumque
761 1794 851 1854 modo
872 1790 1063 1855 determinata
1084 1792 1253 1869 concipitur

60 1905 97 1964 ad
130 1902 245 1980 aliquid
271 1904 432 1983 agendum,
459 1905 596 1981 adeoque
624 1902 797 1980 Cupiditas,
825 1922 891 1981 quae
920 1922 957 1991 εξ
985 1904 1114 1967 Ratione
1141 1904 1252 1982 oritur,

61 2016 121 2075 itoc
155 2014 198 2077 est
229 2016 303 2095 (per
330 2017 423 2097 Prop.
444 2032 473 2094 3.
496 2028 528 2096 p.
550 2017 593 2096 3.)
621 2034 688 2093 quae
715 2015 745 2079 in
774 2016 860 2079 nobis
890 2016 1076 2097 ingeneratur
1106 2022 1252 2097 quatenus

62 2126 194 2205 agimus,
220 2128 261 2189 eii
286 2126 348 2205 ipsa
376 2126 504 2191 hominis
533 2127 653 2190 edentia
680 2128 732 2189 seu
751 2144 872 2205 natura,
893 2146 1039 2207 quatenus
1059 2130 1250 2193 determinata

63 2236 235 2315 concipitur
261 2240 298 2301 ad
325 2240 469 2320 agendum
497 2258 549 2315 ea,
577 2250 651 2317 quar·
671 2258 722 2316 per
749 2238 837 2302 soiarn
858 2240 985 2303 hominis
1006 2239 1152 2303 essentiam
1175 2244 1251 2303 adae-

64 2366 157 2427 quate
188 2350 398 2430 concipiuntur
428 2352 501 2432 (per
519 2352 615 2432 Defin.
637 2368 666 2413 o.
683 2365 716 2432 p.
739 2352 792 2431 3.).
820 2350 850 2413 si
878 2352 978 2430 itaque
1004 2354 1066 2415 hae'c
1093 2352 1251 2431 Cupiditas

64 2465 211 2527 exceiiutn
238 2466 346 2528 habere
375 2465 487 2542 poiiet,
508 2466 602 2543 posset
623 2485 693 2546 ergo
713 2465 838 2529 humana
859 2484 977 2543 natura,
998 2467 1028 2530 in
1048 2467 1078 2530 se
1098 2468 1159 2531 soli
1179 2487 1251 2531 con·

64 2577 203 2651 fidereta,
234 2577 264 2638 se
294 2576 383 2654 ipsam
415 2581 573 2654 excedere,
604 2577 663 2640 stne
694 2579 762 2654 pius
792 2577 887 2655 poiiet
919 2598 1004 2657 quant
1036 2579 1149 2656 potest,
1169 2583 1251 2657 quod

64 2688 216 2752 manifesta
232 2689 279 2750 est*
291 2689 499 2765 contradiciim
519 2708 554 2752 ac
575 2690 699 2766 proinde
719 2691 783 2752 haec
804 2690 961 2767 Cupiditas
981 2689 1125 2754 excessura
1145 2691 1251 2754 habere

63 2800 179 2878 nequit.
221 2801 257 2878 Q.
277 2801 316 2862 Β.
334 2801 376 2862 D.

428 2943 757 3007 PROPOSITIO
797 2945 889 3006 an.

104 3059 253 3134 Quatenus
280 3057 368 3117 Mens
393 3076 430 3116 ex
457 3059 595 3118 Rationis
613 3058 766 3118 diciamirte
785 3075 832 3117 res
852 3061 974 3138 concipit
979 3101 989 3133 ,
1011 3075 1088 3136 aeque
1107 3059 1252 3136 afficitur,

60 3169 120 3246 five
138 3169 207 3228 idea
221 3168 263 3247 fit
282 3172 327 3229 rei
339 3167 457 3246 surore
476 3170 526 3229 vel
540 3172 721 3249 preterita,
737 3168 800 3248 ,ive
816 3171 981 3250 presentis.

469 3330 863 3376 nenonsrtnrro

103 3421 258 3506 Quicquid
285 3425 373 3484 Mens
405 3426 532 3485 ducente
554 3422 684 3484 Ratione
715 3423 865 3501 concipit,
896 3425 926 3486 id
958 3443 1043 3486 omne
1071 3425 1123 3487 sub
1152 3427 1251 3488 eadem

68 3531 240 3595 aeternitatis
267 3533 318 3594 seu
344 3532 519 3594 neceiiitatis
547 3533 643 3610 specie
671 3534 804 3612 concipit
826 3535 897 3615 (per
918 3537 1021 3598 Coroll.
1043 3554 1070 3598 s.
1092 3539 1181 3616 Prnp.
1202 3557 1251 3616 44

66 3660 94 3723 p.
112 3645 176 3725 a),
207 3647 366 3722 eademque
397 3643 574 3708 certitudine
605 3642 731 3707 afficitur
759 3646 831 3726 (per
855 3647 944 3726 Prop.
969 3665 1018 3726 43.
1040 3661 1072 3728 p.
1093 3666 1122 3710 2.
1143 3661 1171 3708 er
1190 3649 1251 3726 ejus

67 3755 181 3836 ricini).
191 3757 306 3840 Quare,
327 3755 386 3818 iive
407 3755 473 3818 idea
494 3755 529 3818 iit
549 3756 591 3818 rei
613 3758 718 3819 futuru
741 3759 789 3822 vei
810 3757 1063 3835 praeteritae,s1ve
1084 3759 1251 3836 praesentis,

58 3869 153 3959 ⁴Mens
174 3870 275 3930 eidem
295 3869 461 3930 neceiiitate
481 3885 540 3930 rem
561 3867 712 3946 concipit,
731 3871 890 3948 eademqne
912 3871 1087 3934 certitudine
1108 3872 1250 3947 afficitur;
1290 3877 1297 3902 ⁸

67 3999 108 4058 et,
129 3983 190 4046 stne
210 3981 276 4044 idea
296 3981 332 4042 iit
353 3980 396 4044 rei
417 3983 523 4044 futura
544 3984 593 4045 vei
613 3983 783 4060 proterite,
804 3982 864 4046 five
886 3983 1049 4062 presentis,
1068 3985 1122 4048 erit
1143 3986 1250 4050 nihilo-

67 4095 159 4157 ninus
180 4105 354 4171 requerere
376 4094 448 4174 (per
468 4095 559 4174 Prop.
579 4110 629 4174 41.
646 4107 678 4175 p.
689 4096 751 4175 2.);
771 4095 829 4156 hoc
851 4096 892 4158 eii
913 4096 983 4176 (per
998 4097 1134 4178 Defins,
1148 4112 1180 4180 p.
1192 4105 1251 4179 a),

67 4203 186 4268 habebit
217 4204 407 4268 nihilominus
429 4206 555 4282 'semper
589 4204 702 4267 easdem
739 4205 811 4268 ideae
843 4209 1005 4285 adaquato
1036 4208 1252 4286 proprietates,

69 4331 156 4394 atque
178 4317 269 4392 adeo,
289 4329 437 4392 quatenus
448 4315 536 4376 Mens
552 4333 590 4376 ex
601 4313 741 4376 Rationis
758 4313 912 4380 dictamine
928 4334 974 4378 res
991 4315 1137 4396 concipit,
1147 4320 1252 4382 eodem
