2934 4900
309 327 802 412 Theologico·Politici
841 330 1004 409 Capilli.
1187 345 1248 408 529

56 521 174 568 errante
196 507 306 568 calamo
327 507 483 584 scriptum;
504 525 568 568 nam
589 506 610 568 ii
630 507 779 584 Scriptura
799 524 927 584 unquam
949 507 1029 570 aliud
1049 507 1173 584 docuit,
1194 526 1245 570 nc·

56 617 181 680 cessario
202 617 289 681 etiam
309 618 420 696 reliqua
441 619 538 680 omnia
558 621 665 681 docere
686 618 770 680 aliter
789 618 908 696 debuit,
927 618 1168 697 quandoquidem
1187 619 1246 680 hoc

56 729 156 792 totius
187 729 353 810 Religionis
383 731 603 792 fundamentum
635 730 693 806 esi,
724 748 786 807 quo
819 730 934 792 sublato
961 747 1027 792 tota
1054 730 1164 792 fabrica
1184 747 1245 793 uno

55 841 145 919 lapsu
164 842 232 904 ruit.
259 845 407 921 Adeoque
428 842 494 904 talis
515 841 663 920 Scriptura
683 841 732 902 illa
752 844 854 905 eadem
875 861 936 904 non
956 841 1043 919 esset,
1063 846 1099 905 de
1121 861 1180 920 qua
1198 843 1247 903 hic

54 952 217 1032 loquimur,
237 955 287 1016 sed
307 954 381 1016 alius
401 953 519 1032 prorsus
538 954 619 1016 liber.
640 955 746 1015 Manet
764 953 856 1032 igitur
875 953 1093 1031 inconcussum,
1113 955 1245 1032 Scriptu-

54 1085 118 1128 ram
145 1067 203 1130 hoc
230 1067 342 1144 semper
368 1066 515 1144 docuisse,
541 1083 573 1129 et
597 1066 812 1144 consequenter
831 1065 879 1127 hic
899 1068 1011 1130 nullum
1032 1085 1174 1143 errorem,
1194 1066 1246 1144 qui

54 1177 170 1240 sensum
198 1196 380 1255 corrumpere
407 1179 509 1255 polilt,
536 1176 684 1254 incidisse,
713 1177 766 1255 qui
794 1177 888 1238 stetim
910 1179 947 1240 ab
969 1197 1151 1257 unoquoque
1183 1196 1246 1240 non

55 1290 352 1367 animadverteretur,
381 1309 435 1356 nec
460 1290 586 1368 aliquem
606 1291 664 1352 hoc
685 1292 845 1368 depravare
865 1289 1008 1368 potuisse,
1029 1289 1114 1368 cujus
1134 1289 1244 1352 malitia

55 1420 119 1463 non
140 1402 219 1464 illico
239 1417 363 1480 peteret.
404 1401 479 1464 Cum
500 1401 599 1480 itaque
619 1403 677 1465 hoc
699 1403 921 1465 fundumentum
938 1403 1121 1465 statuendum
1142 1401 1177 1464 stt
1197 1402 1242 1464 in-

55 1530 244 1593 corruptum,
273 1515 349 1577 idem
380 1512 538 1576 necessario
569 1515 720 1576 fatendum
752 1515 794 1576 est
824 1516 861 1577 de
891 1515 1028 1593 reliquis,
1058 1534 1126 1592 quae
1146 1533 1185 1577 ex
1205 1533 1244 1576 eo

54 1627 166 1705 absque
186 1629 243 1690 ulla
264 1627 462 1692 controversia
483 1627 653 1706 sequuntur,
671 1643 702 1689 et
724 1645 790 1706 quae
810 1627 898 1690 etiam
919 1627 1147 1690 fundamentalia
1166 1627 1245 1690 sunt:

54 1756 108 1817 ut,
136 1743 217 1818 quod
245 1741 328 1803 Deus
356 1739 470 1818 existit,
491 1742 573 1818 quod
595 1739 732 1802 omnibus
752 1739 926 1818 provideat,
946 1741 1029 1817 quod
1049 1739 1085 1800 lit
1105 1738 1244 1814 omnipo·

54 1867 139 1928 tens,
166 1867 196 1913 ct
223 1855 305 1930 quod
333 1851 390 1930 piis
418 1870 455 1914 ex
476 1851 566 1930 ipfiut
587 1854 707 1914 decreto
728 1854 803 1914 bene
823 1850 876 1929 srt,
896 1850 1038 1928 improbis
1057 1868 1130 1915 vcro
1151 1850 1241 1925 male,

54 1975 87 2022 et
116 1963 197 2038 quod
223 1961 318 2024 nollra
345 1962 419 2024 salus
440 1983 455 2026 a
477 1963 536 2026 sola
564 1962 628 2041 ejus
656 1964 748 2043 gratia
774 1964 913 2042 pendeat.
953 1964 1026 2024 Haec
1046 1963 1124 2024 enim
1144 1963 1244 2024 omnia

54 2075 204 2150 Scriptura
235 2073 385 2152 perspicue
415 2076 525 2154 ubique
556 2077 662 2152 docet,
692 2091 722 2138 et
753 2075 865 2152 semper
893 2077 1002 2137 docere
1032 2073 1153 2150 debuit3
1173 2072 1243 2134 aliae

53 2187 167 2265 reliqua
188 2187 286 2249 omnia
306 2206 382 2251 vana
402 2187 494 2250 essent
514 2203 545 2250 et
564 2187 623 2249 srne
644 2188 855 2249 fundamento:
882 2203 937 2248 nec
958 2185 1053 2248 minut
1073 2185 1243 2262 incorrupta

53 2299 206 2363 statuenda
226 2299 337 2376 reliqua
357 2300 489 2377 moralia,
510 2299 750 2378 quandoquidem
761 2301 798 2360 ab
808 2300 867 2362 hoc
878 2297 1033 2363 universali
1050 2299 1243 2360 fiandamento

52 2411 263 2476 evidentilsrme
286 2411 457 2491 sequuntur.
488 2411 653 2489 Videlicet,
670 2410 811 2489 justitiam
832 2412 1005 2489 defendere,
1027 2410 1111 2490 inopi
1131 2411 1242 2474 auxilio

54 2523 130 2601 elle,
149 2524 291 2587 neminem
313 2525 463 2603 occidere,
484 2524 556 2586 nihil
575 2524 694 2587 alteriue
715 2524 942 2602 concupiscere,
963 2539 1021 2587 etc.
1043 2524 1174 2601 Horum,
1196 2524 1240 2585 in·

55 2655 159 2715 quam,
189 2636 262 2699 nihil
292 2656 345 2698 nec
376 2636 526 2699 hominum
556 2636 665 2699 malitia
695 2638 872 2714 depravare,
903 2655 958 2699 nec
987 2636 1116 2701 vetustas
1144 2637 1241 2698 delere

54 2747 167 2825 potuit.
194 2747 344 2830 Quicquid
364 2748 440 2809 eninr
461 2766 498 2809 ex
519 2747 565 2808 lrir
585 2748 714 2811 deletum
737 2747 824 2824 esset,
844 2747 876 2809 id
896 2746 990 2809 statim
1010 2747 1115 2808 iterum
1136 2746 1241 2807 horum

55 2858 217 2921 universale
245 2860 465 2923 fundamentum
493 2859 671 2938 dissimilet,
699 2876 729 2921 et
749 2858 898 2937 praecipue
918 2861 1128 2921 documentum
1147 2856 1240 2917 chari-

54 2970 142 3047 tatis,
159 2988 224 3049 quae
246 2970 356 3049 ubique
376 2972 406 3033 in
427 2984 555 3048 utroque
576 2971 765 3033 Testamento
787 2970 895 3032 summe
916 2972 1143 3032 commendatur.
1153 2969 1241 3031 Adde

57 3085 159 3159 quod,
186 3082 319 3160 quamvis
346 3084 457 3145 nullum
485 3082 598 3145 lacinus
626 3084 822 3145 execrandum
848 3081 1010 3161 excogitari
1036 3082 1122 3159 polilt
1129 3126 1139 3157 ,
1158 3082 1241 3157 quod

54 3212 117 3257 uon
145 3195 180 3255 lit
202 3198 238 3257 ab
260 3196 360 3275 aliquo
388 3194 583 3273 commissum,
604 3210 701 3257 tamen
722 3212 809 3256 nemo
831 3194 889 3271 est,
910 3192 963 3271 qui
983 3197 1020 3255 ad
1040 3192 1171 3257 sednon
1189 3192 1240 3254 sua

54 3307 220 3369 excusanda
240 3310 320 3387 leges
342 3310 438 3371 delere
459 3322 574 3385 tentet,
595 3323 647 3370 aut
668 3306 796 3385 aliquid,
817 3307 900 3384 quod
910 3306 1030 3383 impium
1041 3305 1074 3368 stt
1081 3321 1240 3383 ,tanquam

54 3421 265 3481 documentum
296 3436 435 3482 aeternum
466 3436 497 3482 et
529 3419 652 3482 salutare
684 3418 887 3481 introducere:
918 3418 960 3481 ita
987 3417 1063 3479 enim
1089 3418 1240 3479 hominum

54 3544 187 3591 naturam
219 3529 406 3594 constitutam
437 3532 588 3609 videmus,
620 3545 653 3593 ut
684 3530 883 3608 unusquisque
910 3528 985 3608 (stre
1004 3532 1073 3591 Rex
1092 3528 1152 3593 five
1171 3528 1239 3589 sub·

54 3640 140 3704 ditus
159 3641 226 3723 lit),
246 3642 267 3703 fi
288 3643 359 3721 quid
380 3659 465 3720 turpe
486 3642 639 3721 commisit,
661 3644 769 3706 iactum
789 3642 871 3704 suum
891 3641 1000 3703 talibut
1019 3638 1241 3703 circumstantiis

54 3754 196 3815 edomare
224 3754 356 3831 studeat,
384 3772 418 3816 ut
439 3754 510 3817 nihil
531 3769 634 3817 contra
652 3754 761 3831 justum
781 3770 812 3815 et
832 3756 971 3816 decorum
990 3752 1158 3815 commififfe
1177 3770 1239 3813 cre·

54 3866 151 3926 datur.
180 3864 393 3928 concludimur
419 3866 541 3945 itaque,
560 3866 694 3929 absolute
716 3880 812 3927 totam
832 3866 942 3945 Legem
961 3864 1101 3929 Divinam
1120 3862 1239 3927 univer·

53 3976 157 4055 salem,
185 3994 272 4055 quant
300 3977 448 4056 Scriptura
477 3980 583 4056 docet,
604 3978 803 4054 incorruptam
824 3980 861 4039 ad
881 3976 992 4039 nostrat
1012 3995 1114 4039 manus
1135 3994 1239 4053 perve-

53 4086 134 4150 nisse.
174 4090 218 4151 At
249 4106 354 4167 preter
384 4090 447 4152 hec
477 4090 533 4152 alia
564 4090 661 4153 adhuc
691 4090 774 4166 sunt,
804 4092 841 4153 de
872 4090 981 4168 quibua
1007 4109 1069 4152 non
1089 4088 1240 4166 possumus

56 4198 210 4276 dubitare,
239 4201 310 4279 quin
335 4204 414 4263 bona
441 4202 498 4263 lide
527 4200 614 4263 nobis
633 4199 690 4262 lint
708 4199 825 4263 tradita.
846 4202 960 4278 Nempe
979 4200 1094 4263 summe
1115 4198 1239 4260 Histori-

54 4329 136 4375 arum
158 4314 334 4391 Scriptura,
355 4314 422 4392 quia
451 4313 600 4377 notillimae
622 4314 758 4377 omnibus
778 4316 906 4377 suerunt.
936 4316 1052 4395 Vulgus
1071 4315 1238 4396 Judaeonrm

1107 4424 1140 4481 ³4
