2934 4900
451 346 507 406 De
547 344 815 406 Affectibus.
1167 358 1220 420 17¹

44 516 187 591 Cupiditas
219 520 259 580 ad
291 538 352 581 nos
383 522 522 598 refertur,
554 520 640 582 etiam
674 536 821 599 quatenus
842 520 1047 601 intelligimus,
1067 522 1128 584 srve
1150 522 1225 600 (per

43 630 120 706 Prop.
143 644 168 689 r.
189 628 297 711 dujus)
320 646 468 707 quatenus
490 632 611 711 agimus.
654 635 688 711 Q.
708 636 746 695 E.
767 636 807 695 D.
1149 628 1152 633 ¹

409 787 736 852 PROPOSITIO
775 790 854 853 LIX.

77 902 154 959 Inter
179 919 275 960 omnes
303 898 443 979 affedur,
470 908 522 981 qui
540 905 584 963 ud
601 906 745 992 Mentem,
774 918 914 982 quatenus
934 908 1016 981 agit,
1038 902 1225 979 referuntur,

44 1013 106 1069 malli
118 1014 203 1091 sunt,
224 1032 319 1091 quam
341 1018 392 1091 qui
410 1016 453 1074 ad
469 1015 619 1077 Laetitiam
638 1016 688 1075 uel
707 1015 903 1095 Cupiditatem
924 1015 1103 1092 referuntur.

434 1177 831 1221 numousruuuro

76 1270 178 1331 Omnes
199 1270 330 1332 effeetus
351 1272 388 1331 ad
408 1269 628 1345 Cupiditatem,
655 1269 824 1347 Laetitiam,
844 1273 894 1333 vel
913 1270 1074 1333 Tristitiam
1095 1273 1225 1333 referun-

43 1396 98 1457 tur,
117 1397 150 1443 ut
169 1400 295 1459 eorum,
316 1401 390 1460 quas
410 1382 561 1459 dedimus,
581 1382 769 1445 definitiones
792 1384 959 1447 ostendunt.
991 1384 1045 1445 Per
1065 1383 1224 1447 Tristitiam

45 1510 129 1553 autem
160 1493 374 1575 intelligimus,
405 1496 487 1571 quod
517 1494 631 1557 Mentis
664 1495 816 1575 cogitandi
847 1496 983 1573 potentia
1015 1496 1156 1558 minuitur
1175 1497 1225 1560 uel

45 1612 183 1670 crtercetur
211 1608 291 1689 (per
310 1610 401 1687 Prop.
425 1625 470 1669 rr.
490 1606 578 1683 dujtas
598 1623 627 1669 et
646 1608 708 1685 ejus
727 1608 850 1690 Scdol.);
873 1612 1007 1687 adeoque
1036 1611 1125 1671 Mens
1152 1627 1224 1685 qua-

45 1736 118 1780 tenus
147 1720 359 1798 eontristatur,
390 1736 512 1783 eatenus
543 1720 608 1799 ejus
639 1720 840 1801 intelligendi,
871 1722 930 1783 hoc
959 1720 1000 1781 est
1027 1720 1092 1797 eJ'us
1120 1720 1225 1801 agendi

45 1831 168 1903 porentia
188 1832 268 1913 (per
289 1834 380 1913 Prop.
404 1848 430 1895 1.
450 1831 551 1914 lajas)
574 1832 715 1894 minuitur
736 1835 784 1895 vel
804 1837 976 1907 coercetur;
997 1833 1132 1909 adeoque
1153 1830 1225 1892 nulli

46 1941 170 2005 Tristitia
192 1944 320 2007 effeetus
340 1946 378 2006 ad
398 1946 532 2007 Mentem
552 1944 652 2007 referri
673 1944 805 2023 poliunt,
827 1959 972 2022 quatenus
993 1943 1068 2023 agit;
1090 1942 1140 2004 sed
1160 1958 1224 2009 tau·

48 2070 98 2113 tum
117 2056 241 2121 aream
261 2057 390 2119 Laetitiae
419 2074 450 2119 et
476 2057 682 2136 cupiditatis,
703 2058 754 2135 qui
777 2058 851 2139 (per
870 2058 959 2138 Prop.
976 2057 1081 2137 prae.)
1103 2070 1225 2118 eatenus

51 2164 123 2227 etiam
142 2171 180 2230 ad
199 2170 339 2231 Mentem
360 2171 534 2231 referuntur.
577 2172 612 2248 Q.
632 2172 669 2233 E.
690 2172 731 2232 D.

504 2333 709 2378 scrtouttr
722 2334 759 2377 nr.

81 2428 182 2490 Omnes
214 2428 367 2503 adtiones,
398 2446 463 2506 quae
495 2426 656 2505 sequuntur
686 2446 723 2490 ex
756 2426 926 2504 affedlibus,
956 2425 1008 2504 qui
1036 2430 1072 2488 ad
1093 2428 1224 2488 Mentem

50 2539 213 2617 referuntur,
254 2555 402 2617 quatenus
440 2540 595 2619 intelligit,
625 2544 663 2602 ad
693 2541 905 2602 Fortitudinem
936 2540 1049 2614 refero,
1079 2557 1164 2616 quam
1195 2538 1225 2598 in

53 2651 261 2714 dnimolitatem
300 2668 330 2712 et
362 2651 593 2714 Generosrtatem
625 2651 781 2732 distinguo.
823 2653 899 2712 Nam
931 2669 984 2727 per
1014 2649 1227 2728 Animofitatem

52 2759 165 2844 intelligo
198 2767 413 2846 Cupiditatem,
445 2785 503 2844 qua
534 2769 729 2844 uuusquisque
762 2777 882 2826 comatur
907 2766 995 2842 suum
1024 2763 1075 2842 effe
1104 2781 1141 2822 aa
1165 2763 1227 2840 fala

52 2873 171 2937 Rationis
201 2879 355 2939 diffundere
379 2879 560 2955 conseruare.
592 2878 647 2939 Per
668 2877 891 2956 Geneeosstatem
911 2892 1008 2938 autem
1031 2876 1226 2955 Cupiditatem

57 2983 189 3067 intelligo,
207 3007 269 3068 qua
288 2991 483 3068 unusquisque
503 3009 539 3049 ex
553 2991 615 3066 sola
633 2991 770 3050 Rationis
790 2989 943 3049 didamine
963 2999 1083 3047 conatur
1104 2987 1228 3064 reliquas

55 3095 161 3161 lmu‘ms
184 3102 319 3180 juvare,
350 3117 378 3164 et
402 3103 461 3182 fibi
480 3106 613 3164 amicitia
626 3103 760 3180 jungere.
792 3103 850 3163 Eas
872 3102 972 3179 itaque
993 3100 1141 3176 adiones,
1162 3117 1227 3178 quae

56 3209 131 3272 sulum
161 3215 277 3295 agentis
308 3215 380 3277 utile
410 3215 587 3291 intendunt,
618 3218 654 3276 ad
685 3214 925 3289 Animosrtatem,
957 3228 987 3274 et
1016 3232 1081 3289 quae
1110 3211 1227 3274 alterius

56 3323 127 3386 etiam
153 3329 228 3389 utile
250 3327 425 3401 intendunt,
447 3329 483 3388 ad
505 3325 737 3388 Generofitatem
759 3328 862 3388 refero.
894 3327 1102 3403 Temperantia
1123 3325 1228 3404 igitur,

57 3435 206 3516 Sobrietas,
237 3456 268 3502 er
299 3439 397 3502 Animi
429 3439 459 3500 in
492 3439 629 3515 periculis
662 3438 833 3514 Praesentia,
855 3453 911 3500 etc.
933 3437 1135 3502 Animosrratis
1159 3439 1227 3500 sunt

59 3545 167 3629 speeiem
198 3552 346 3614 Modestia
377 3567 489 3628 antem,
517 3551 681 3613 Clementia
709 3569 766 3613 etc.
789 3549 900 3629 species
921 3549 1131 3613 Generostratis
1151 3550 1227 3612 sunt.

59 3659 142 3736 Atque
167 3664 215 3725 his
236 3679 312 3740 puto
332 3682 379 3725 me
399 3663 567 3742 praecipuos
588 3665 726 3741 saeuus,
749 3663 895 3741 animique
918 3661 1141 3738 fluduationes,
1161 3679 1226 3738 quae

61 3787 88 3828 tr
114 3775 325 3852 compositione
356 3774 443 3836 trium
471 3776 687 3851 primitivorum
708 3776 881 3852 affeduum,
904 3793 1008 3850 nempe
1029 3772 1228 3850 cupiditatis,

60 3879 185 3962 letitiae,
207 3901 238 3948 et
257 3885 396 3948 Tnnitiae
418 3886 570 3961 oriuntur,
591 3885 776 3964 explicuisse,
798 3904 907 3963 perque
925 3885 1030 3962 primas
1047 3884 1112 3947 sutas
1129 3885 1228 3948 causas

61 3995 204 4082 ostendide.
244 4001 292 4062 Eu
323 4000 433 4078 quibus
463 4019 600 4078 apparet,
629 4020 685 4063 nos
710 4021 727 4062 a
752 4002 844 4064 causus
865 4001 993 4062 externis
1014 3999 1113 4062 multis
1134 4001 1229 4064 modis

60 4107 162 4188 agitari,
189 4131 304 4192 nosque
332 4113 453 4190 perinde
481 4129 514 4175 ur
535 4113 620 4175 maris
640 4116 745 4190 undae,
766 4133 781 4174 a
803 4113 956 4175 contrariis
978 4114 1075 4176 ventis
1096 4113 1228 4192 agitatae,

62 4217 190 4299 lundam,
206 4223 296 4286 nostri
313 4240 439 4288 eventus
456 4240 546 4303 atque
563 4224 617 4286 fati
634 4223 752 4287 inscios.
773 4226 816 4285 At
834 4224 906 4300 dixi,
924 4243 968 4285 me
985 4223 1152 4301 praecipuos
1163 4239 1229 4286 tan·

61 4344 129 4410 tum,
145 4355 203 4399 non
225 4355 343 4416 omnes,
364 4337 416 4416 qui
436 4337 497 4400 dari
517 4337 653 4415 poliunt,
674 4338 763 4400 animi
784 4337 938 4401 conditius
960 4337 1120 4401 ostendiffe.
1152 4339 1226 4400 Nam
