2934 4900
356 358 668 421 Emendatione
699 362 947 425 Tractatum
1208 382 1245 443 33

54 530 180 593 maxime
211 534 320 595 reseret
347 536 506 597 Naturam:
534 554 598 598 nani
627 552 658 599 et
685 536 776 613 ipsius
801 536 966 614 essentiam,
996 554 1027 600 et
1048 537 1196 614 ordinem,
1217 555 1248 601 et

55 644 197 705 unionem
227 645 351 707 habebit
382 647 539 725 objeslive.
582 650 672 710 Unde
703 647 853 725 possumus
874 648 990 726 videre,
1012 651 1140 727 apprime
1160 652 1247 714 nobis

55 755 110 817 else
130 757 336 835 necessarium,
354 776 388 823 ut
408 760 518 838 semper
535 780 551 821 a
568 763 656 823 iebus
678 761 818 839 physicis,
839 761 899 824 sive
916 765 954 823 ab
972 763 1090 824 entibus
1107 764 1249 839 realibus,

54 886 158 931 omnes
197 872 309 934 nostras
347 873 428 935 ideas
458 875 657 950 deducamus,
690 872 926 953 progrediendo,
959 878 1059 951 quoad
1092 875 1156 952 ejus
1186 876 1249 937 sieri

52 983 168 1059 potest,
197 984 356 1047 secundum
385 986 485 1048 seriem
514 986 662 1049 causarum
693 989 729 1049 ab
759 1006 821 1049 uno
851 1004 919 1049 ente
949 988 1018 1049 reali
1038 991 1076 1050 ad
1096 988 1175 1051 aliud
1195 1008 1247 1051 ciis

52 1097 147 1171 reale,
169 1097 263 1158 etita
285 1098 419 1175 quidem,
441 1114 473 1161 ut
495 1103 530 1161 ad
552 1098 691 1161 abstradta
722 1116 753 1160 et
775 1099 947 1162 universalia
967 1119 1028 1162 noii
1049 1100 1246 1177 transeamus,

52 1206 114 1270 five
143 1224 179 1270 ut
208 1213 245 1271 ab
274 1210 309 1272 iis
337 1212 449 1288 aliquid
468 1214 544 1274 reale
565 1232 627 1275 non
649 1214 877 1288 concludamus,
898 1210 959 1273 live
980 1228 1014 1274 ut
1035 1230 1070 1273 ea
1090 1216 1127 1273 ab
1147 1212 1247 1290 aliquo

52 1322 123 1382 reali
145 1341 208 1385 non
231 1327 456 1387 concludantur:
478 1329 647 1403 Utnimque
669 1326 746 1387 enim
769 1344 869 1389 verum
887 1324 1063 1405 progressum
1081 1324 1247 1388 intelleslus

52 1432 252 1510 interrumpit.
282 1436 340 1497 Sed
361 1440 539 1514 notandum,
561 1456 606 1499 me
627 1438 676 1498 liic
698 1456 750 1516 per
771 1437 871 1498 seriem
892 1436 1057 1512 causantur,
1079 1452 1109 1498 et
1129 1436 1247 1498 realium

53 1546 186 1623 entium,
205 1566 265 1609 non
282 1547 443 1628 intelligere
460 1550 559 1611 seriem
577 1568 673 1611 rerum
693 1549 876 1629 singularium
897 1548 1093 1624 mutabilium,
1114 1547 1164 1609 sed
1183 1563 1246 1609 tan·

53 1662 212 1721 tummodo
239 1660 338 1722 seriem
365 1678 458 1723 reruni
484 1662 605 1725 fixarum
635 1676 875 1738 aetemanimque.
915 1660 1025 1723 Serieiii
1051 1658 1127 1721 enim
1153 1676 1246 1721 renim

53 1768 240 1848 singularium
261 1773 443 1835 mutabilium
465 1774 634 1851 impossibile
656 1774 735 1835 foret
755 1775 888 1836 humana
910 1770 1102 1834 imbecillitati
1121 1770 1247 1848 assequi,

53 1900 121 1943 cuin
145 1900 266 1961 propter
286 1904 384 1947 earum
407 1904 521 1947 omnem
543 1904 693 1949 numerum
722 1886 906 1962 superantem
927 1884 1162 1960 multitudinem,
1183 1899 1246 1944 tum

54 2011 179 2072 propter
198 1996 327 2059 infinitas
347 1997 572 2060 circumstantias
594 1998 624 2059 iii
647 2017 703 2060 una
725 2014 756 2059 et
779 2000 879 2060 eadem
900 2016 946 2073 re,
968 2015 1089 2075 quarum
1107 2014 1246 2072 unaqua-

55 2126 114 2183 que
143 2109 241 2183 potest
269 2108 326 2170 esse
351 2110 453 2186 causa,
475 2126 508 2172 ut
530 2128 575 2171 ies
597 2110 718 2186 existat,
740 2126 874 2172 autnon
896 2108 1009 2171 existat.
1051 2106 1246 2191 Quandoqui-

54 2222 119 2280 dem
158 2237 255 2281 eaium
294 2221 447 2283 existentia
487 2224 592 2285 nullam
624 2220 714 2283 habet
745 2221 962 2283 connexionem
994 2238 1059 2282 euiii
1091 2219 1246 2280 earundem

56 2330 194 2409 essentia,
214 2332 273 2395 sive
294 2332 344 2412 (ut
361 2333 419 2411 jain
441 2333 583 2415 diximus)
612 2353 672 2396 non
694 2333 735 2394 est
757 2350 864 2395 aeterna
884 2332 1001 2397 veritas.
1043 2329 1244 2392 Verumenim-

58 2463 129 2506 vero
159 2464 256 2522 neque
285 2446 371 2508 etiam
400 2466 476 2523 opus
498 2446 554 2523 est,
576 2463 610 2509 ut
631 2465 727 2508 earum
750 2445 850 2507 seriem
870 2444 1081 2525 intelligamus:
1102 2442 1241 2521 liquidem

58 2575 154 2618 rerum
185 2555 366 2636 singularium
401 2558 582 2622 mutabilium
618 2557 744 2619 essentia
780 2575 841 2618 non
873 2557 941 2619 sunt
971 2556 1176 2634 depromendae
1207 2556 1243 2614 ab

59 2687 155 2730 earum
177 2669 248 2731 serie
269 2667 327 2734 sive
349 2671 451 2733 ordine
472 2670 627 2747 existeiidi;
649 2689 713 2732 eum
734 2670 782 2732 liic
804 2670 876 2730 nihil
897 2670 976 2732 aliud
1003 2669 1091 2731 nobis
1114 2669 1243 2745 piaebeat

58 2798 163 2856 prater
190 2783 444 2845 denominationes
472 2783 665 2858 extrinsecas,
693 2783 867 2858 relationes,
896 2784 1004 2844 autad
1027 2780 1165 2843 summum
1187 2777 1241 2839 cir-

58 2895 260 2972 cumstantiam
282 2915 347 2973 quae
369 2895 465 2958 omnia
485 2899 573 2977 longe
595 2896 700 2958 absunt
722 2898 758 2956 ab
779 2893 880 2956 intima
901 2892 1020 2955 essentia
1041 2910 1144 2954 renim.
1170 2893 1242 2952 Hac

58 3025 130 3068 vero
158 3021 271 3068 tantum
300 3008 340 3069 est
367 3011 494 3085 petenda
524 3027 540 3069 a
571 3007 638 3068 lixis
668 3022 757 3084 atque
788 3005 902 3067 aetemis
932 3007 1036 3080 rebus,
1065 3020 1095 3066 et
1120 3003 1201 3064 simul
1229 3021 1246 3062 a

57 3118 172 3198 legibus
194 3118 223 3180 iii
246 3119 281 3182 iis
309 3122 412 3197 rebus,
447 3136 585 3197 tanquam
620 3119 651 3180 iii
682 3118 742 3180 suis
772 3117 850 3182 veiis
881 3115 1052 3191 codicibus,
1083 3113 1246 3192 inscriptis,

57 3232 217 3294 secundum
245 3251 318 3309 quas
346 3232 442 3294 omnia
470 3232 621 3312 singularia
654 3247 684 3292 et
716 3232 790 3292 fiunt
820 3247 850 3290 et
878 3228 1066 3305 ordinantur,
1094 3227 1154 3288 imo
1182 3227 1245 3286 hac

56 3342 209 3404 mutabilia
230 3342 379 3422 singidaiia
401 3345 476 3405 adeo
497 3343 599 3405 intime
622 3357 710 3418 atque
733 3338 919 3402 essentialiter
943 3339 991 3418 (ut
1012 3338 1051 3399 sic
1072 3334 1178 3416 dicam)
1207 3336 1243 3395 ab

56 3455 91 3515 iis
120 3455 188 3516 lixis
216 3459 363 3532 pendent,
391 3472 424 3517 ut
453 3455 511 3517 sine
540 3455 576 3516 iis
606 3473 659 3515 nec
688 3451 743 3514 esl'e
771 3471 826 3514 nec
858 3451 977 3527 concipi
997 3450 1112 3529 pollini.
1153 3449 1245 3510 Unde

56 3569 119 3628 baec
141 3567 200 3628 lixa
221 3583 252 3628 et
272 3585 396 3644 aetema,
413 3567 546 3644 quamvis
566 3565 622 3627 snit
639 3565 807 3644 singularia,
825 3579 921 3624 tamen
947 3565 987 3623 ob
1011 3578 1111 3622 eorum
1133 3559 1244 3636 ubique

56 3678 257 3755 presentiam,
275 3699 308 3740 ae
326 3679 481 3740 latiffimam
499 3677 682 3756 potentiam,
700 3691 785 3737 erunt
802 3673 891 3736 nobis
909 3691 1047 3751 tanquam
1057 3669 1244 3747 universalia,

56 3789 114 3852 sive
146 3808 253 3870 genera
285 3789 490 3853 definitionum
523 3808 616 3852 rerum
647 3787 830 3867 fingularium
862 3784 1060 3862 mutabilium,
1091 3799 1122 3844 et
1152 3781 1244 3843 cause

56 3902 197 3978 proxima
219 3902 347 3965 omnium
368 3921 470 3965 ieiuni.

95 4017 172 4092 Sed,
198 4033 264 4076 cum
292 4016 351 4076 lioc
380 4015 420 4076 ita
445 4013 496 4091 sit,
517 4031 578 4076 non
599 4029 700 4090 parum
722 4009 903 4073 difficultatis
924 4009 1043 4074 videtui
1063 4005 1172 4070 subesse
1178 4051 1189 4082 ,
1210 4024 1244 4070 ut

56 4129 90 4187 ad
117 4126 224 4187 horum
252 4125 435 4204 singularium
464 4123 663 4205 cognitionem
693 4120 845 4198 pervenire
872 4121 1024 4198 possimus:
1052 4138 1119 4181 nam
1146 4118 1244 4180 omnia

55 4239 134 4300 simul
164 4237 321 4315 concipere
349 4257 394 4299 ies
423 4237 464 4299 est
491 4239 578 4315 longe
600 4236 685 4312 supra
706 4233 824 4295 humani
845 4232 1011 4294 intellesius
1033 4230 1119 4294 vires.
1160 4230 1243 4291 Ordo

54 4369 168 4428 autem,
190 4365 223 4412 ui
245 4369 335 4413 unum
358 4365 426 4411 anie
448 4349 526 4411 aliud
548 4347 729 4426 intelligatur
736 4391 747 4424 ,
768 4345 811 4408 uti
831 4345 976 4423 diximus,
994 4363 1054 4406 non
1076 4343 1116 4404 esi
1137 4356 1243 4417 peten-

1127 4453 1142 4499 s
