2934 4900
221 316 282 395 440
639 294 821 367 Ethicet
848 295 916 365 Pars
936 293 989 366 IV.

608 495 1003 544 nauonsrnarro

261 596 324 657 Soli
343 592 478 657 hominen
498 593 583 657 liberi
603 592 656 656 fibi
677 592 803 658 invicem
822 591 958 655 utiliffitni
976 592 1059 667 sunt,
1075 606 1105 653 et
1123 590 1248 653 maxima
1276 588 1421 653 amicitia

221 706 427 770 neceffitudine
458 706 585 769 invicem
613 704 780 785 junguntur
811 705 884 784 (per
912 706 1002 785 Prop.
1033 714 1082 781 35.
1112 701 1215 780 hujus,
1243 714 1274 763 et
1308 720 1338 764 ι.
1363 704 1423 777 ejus

223 820 359 899 Caroli),
379 818 501 896 parique
522 816 629 879 amoris
649 817 746 879 studio
767 814 820 878 sibi
841 814 966 879 invicem
987 816 1159 877 benefacere
1180 814 1365 891 conantur(
1406 834 1422 871 r

221 933 310 1013 Prop.
338 948 387 1009 37.
415 930 534 1013 tusus„
566 934 701 1009 adeoque
721 931 806 1011 '(prr
837 946 885 1011 34.
913 926 1018 1007 ΛΜ.
1046 928 1157 1008 Defin.)
1189 927 1243 989 soli
1274 927 1421 991 homines

219 1042 303 1105 liberi
325 1061 392 1123 erga
412 1043 441 1105 se
461 1042 588 1106 invicem
608 1042 752 1123 gratissimi
773 1040 851 1103 sunt.
893 1042 928 1119 Q.
948 1042 986 1103 Ε.
1006 1041 1047 1103 D.

683 1205 764 1249 scu
778 1204 890 1249 ouru
903 1204 941 1247 nt.

261 1298 380 1375 Gratia,
407 1317 494 1376 quam
521 1298 673 1375 homines,
701 1298 754 1376 qui
781 1316 861 1361 coeca
891 1296 1065 1374 Cupiditate
1094 1300 1258 1373 ducuntur,
1282 1296 1419 1361 invicem

218 1408 344 1486 habent,
366 1426 526 1473 mercatura
548 1411 598 1474 seu
619 1410 777 1487 aucupium
799 1409 902 1488 potius
909 1454 919 1485 ,
941 1427 1026 1487 quarn
1049 1408 1143 1489 gratia
1165 1410 1343 1487 plerumque
1366 1408 1417 1469 esi.

219 1523 310 1585 Porro
341 1518 524 1603 ingratitudo
556 1523 679 1586 affestut
709 1541 770 1585 non
803 1523 853 1585 esi.
894 1522 945 1583 Est
965 1538 1063 1583 tamen
1084 1521 1267 1602 ingratitudo
1298 1520 1419 1597 turpis,

220 1634 289 1711 quia
316 1636 486 1717 plerumque
514 1635 662 1697 honinem
689 1634 781 1697 nimio
802 1634 898 1712 Odio,
919 1635 982 1711 lra,
1001 1636 1051 1697 vel
1069 1634 1232 1711 Superbia,
1254 1635 1306 1697 vel
1328 1634 1416 1694 Ava-

219 1744 285 1809 ritia
307 1762 365 1809 etc.
385 1748 519 1811 affeiiun
542 1747 598 1809 esse
620 1747 741 1809 indicat.
772 1748 848 1808 Nam
870 1745 921 1824 qui
942 1763 1002 1823 pra
1023 1744 1146 1807 stultitia
1167 1746 1245 1807 dona
1266 1762 1415 1821 compen·

219 1852 279 1917 sare
307 1856 416 1933 nescit,
443 1856 575 1937 ingratus
602 1876 662 1919 non
691 1856 748 1933 est,
778 1872 809 1919 et
837 1858 931 1918 multo
960 1856 1057 1919 minus
1077 1856 1142 1934 ille,
1163 1857 1215 1935 qui
1234 1856 1326 1919 donis
1349 1874 1413 1917 non

219 1985 357 2031 movetur
383 1968 558 2047 meretricis,
585 1984 620 2031 ut
647 1968 736 2046 ipsus
763 1966 877 2030 libidini
898 1966 1054 2044 inserviat,
1074 1986 1129 2029 nec
1151 1967 1240 2043 suris,
1260 1982 1298 2029 ut
1319 1965 1413 2043 ipsius

219 2080 296 2141 furta
327 2082 420 2157 celet,
451 2082 499 2145 vel
529 2080 648 2143 alterius
678 2079 785 2141 fimitis.
825 2081 901 2141 Nam
932 2078 980 2140 hic
1011 2096 1115 2141 contra
1144 2080 1270 2141 animum
1300 2079 1411 2141 habere

219 2188 398 2253 constantem
427 2192 572 2269 ostendit,
599 2192 651 2270 qui
679 2191 789 2252 scilicet
818 2191 846 2252 se
876 2190 963 2253 nullis
991 2191 1078 2253 donis
1100 2194 1137 2253 ad
1157 2191 1235 2253 suan
1257 2192 1309 2253 vel
1329 2208 1410 2253 cont·

221 2319 336 2362 munem
357 2302 516 2380 perniciem
535 2304 648 2382 patitur
669 2302 825 2380 corrumpi.

568 2470 897 2533 PROPOSITIO
938 2471 1059 2534 LXXII.

259 2579 347 2640 Homo
366 2581 441 2642 liber
460 2600 606 2661 nunquam
624 2583 685 2642 dolo
705 2583 797 2659 malo,
810 2581 870 2660 sed
880 2584 997 2663 semper
1017 2601 1080 2644 cum
1096 2582 1155 2664 fide
1174 2585 1250 2659 agit.

609 2742 1005 2790 uuuontrnnrro

257 2835 288 2897 Si
307 2835 381 2898 liber
399 2835 491 2898 hono
512 2835 667 2915 quicquam
688 2838 761 2900 dolo
781 2840 875 2916 malo,
896 2855 1042 2916 quatenus
1062 2839 1136 2900 liber
1156 2838 1214 2914 est,
1235 2853 1353 2916 ageret,
1375 2835 1402 2895 id

217 2965 255 3008 en
285 2946 439 3010 ditiamine
471 2947 610 3011 Rationis
640 2966 739 3030 ageret
770 2952 850 3031 (natu
882 2968 1006 3014 eatenus
1037 2966 1151 3014 tanturn
1181 2949 1292 3011 libera
1315 2947 1402 3011 nobis

215 3060 408 3140 appellatur):
429 3075 518 3138 atque
539 3063 615 3123 adeo
635 3062 706 3124 doio
728 3065 804 3125 malo
827 3083 911 3144 agere
932 3063 1027 3126 virtus
1047 3061 1116 3126 esset
1149 3063 1221 3144 (per
1240 3063 1331 3142 Prop.
1355 3079 1401 3139 ap

215 3168 316 3251 hujus)
323 3215 334 3246 ,
361 3188 391 3233 et
418 3173 631 3250 consequenter
653 3175 725 3255 (per
745 3177 859 3238 eandem
880 3178 984 3258 Prop.)
1006 3175 1165 3253 unicuique
1186 3176 1222 3237 ad
1244 3175 1326 3237 suum
1348 3171 1401 3236 esse

215 3282 446 3345 conservandum
474 3283 637 3347 consultius
663 3284 752 3356 esset.
781 3289 852 3350 dolo
874 3289 950 3349 malo
971 3305 1071 3367 agere3
1092 3287 1150 3348 hoc
1171 3285 1212 3348 est
1232 3285 1281 3363 (ut
1297 3287 1403 3366 perse

214 3395 342 3472 notum),
362 3393 531 3458 hominibus
551 3395 714 3458 consultius
736 3395 825 3474 esset,
852 3397 952 3461 verbis
973 3398 1155 3461 solumnodo
1176 3397 1354 3473 convenire,
1375 3413 1401 3458 re

215 3521 312 3568 auten
340 3504 467 3568 invicem
495 3506 552 3570 esse
580 3508 763 3587 contrarios,
790 3512 872 3588 quod
901 3511 974 3591 (per
996 3511 1098 3572 Caroli.
1119 3509 1208 3590 Prop.
1230 3525 1278 3587 31.
1299 3507 1400 3586 liujus)

214 3617 256 3678 est
276 3619 442 3682 absurdum.
482 3619 562 3699 Ergo
582 3620 673 3683 homo
693 3622 767 3684 iiber
787 3639 844 3686 etc.
887 3625 921 3702 Q.
943 3623 979 3684 E.
1001 3625 1041 3687 D.

680 3768 760 3812 sen
774 3770 883 3814 ortu
898 3769 935 3812 nr.

255 3842 285 3904 Si
303 3843 362 3920 jann
383 3861 549 3921 quaeratur,
569 3845 641 3922 quid
662 3846 682 3906 sr
702 3847 793 3908 homo
813 3847 843 3908 se
865 3845 984 3924 perfidia
1006 3864 1022 3907 a
1043 3844 1178 3922 presenti
1199 3841 1302 3904 mortis
1323 3844 1397 3920 peri-

214 3958 283 4018 culo
315 3957 409 4033 posset
439 3957 578 4031 liberare,
609 3976 645 4019 an
677 3978 738 4021 non
769 3959 845 4022 ratio
874 3959 955 4020 suum
984 3956 1040 4019 esse
1062 3955 1255 4028 conservandi
1276 3955 1396 4016 omnino

215 4067 335 4143 suadet,
355 4083 388 4129 ut
409 4069 536 4144 perfidus
556 4067 615 4129 stt?
646 4070 887 4148 Respondebitur
907 4073 1011 4132 eodem
1032 4071 1139 4143 modo,
1160 4069 1242 4145 qnod
1265 4065 1284 4127 st
1306 4067 1396 4128 Ratio

215 4177 245 4240 id
273 4178 408 4255 suadeat,
435 4179 537 4241 suadet
565 4199 634 4260 ergo
662 4181 693 4244 id
721 4181 858 4244 omnibns
884 4181 1069 4258 hominibus,
1097 4196 1187 4256 atque
1209 4181 1284 4242 adeo
1306 4179 1395 4240 Ratio

215 4290 336 4351 omnino
356 4291 457 4352 suadet
478 4291 662 4370 horninibus,
683 4313 720 4354 nc
742 4293 794 4354 nisr
815 4297 886 4355 doio
908 4297 983 4356 maio
1003 4292 1205 4370 paciscantur,
1226 4291 1304 4356 vires
1324 4311 1394 4354 con·
