2934 4900
188 329 248 413 426
469 328 475 335 ’
662 334 901 397 Tractatus

186 511 243 571 Dei
266 528 354 571 unum
382 524 413 571 et
443 510 519 572 idem
548 510 737 587 affirmamus,
766 530 831 573 cum
852 510 991 587 dicimus,
1012 512 1108 571 Deum
1130 512 1166 571 ab
1189 524 1302 571 aeterno
1325 510 1377 569 de·

188 621 305 684 crevisse
325 637 357 683 et
378 620 515 698 voluisse,
535 636 596 684 tres
617 624 741 702 angulos
763 622 900 703 trianguli
922 624 1048 700 aequales
1070 622 1126 684 elle
1148 621 1377 695 duobusreetis,

188 734 253 809 vel,
273 734 368 795 Deum
389 734 448 795 hoc
469 734 563 809 ipsum
584 732 766 795 intellexisse.
811 736 898 796 Unde
920 734 1069 811 sequitur,
1089 734 1145 795 Dei
1168 733 1379 795 affirmationes

188 861 219 905 et
246 844 419 925 negationes
447 860 583 907 aternam
611 845 723 922 semper
743 846 936 907 neceshtatem
957 847 1015 909 live
1037 844 1190 909 veritatem
1210 844 1378 909 involvere.

187 958 218 1019 Si
239 957 357 1035 itaque,
379 958 503 1035 exempli
525 958 634 1037 gratia,
655 960 737 1020 Deus
759 959 875 1020 Adamo
895 957 988 1035 dixit,
1010 959 1039 1020 se
1061 960 1156 1035 nolle,
1178 974 1212 1020 ut
1223 960 1259 1019 de
1272 959 1379 1019 arbore

188 1070 370 1150 cognitionis
407 1070 479 1132 boni
515 1086 545 1131 et
576 1071 642 1131 mali
680 1073 866 1147 comederet;
904 1070 1166 1132 contradidionem
1197 1070 1381 1147 implicaret,

188 1184 333 1245 Adamana
361 1186 398 1243 de
425 1182 472 1243 illa
500 1184 603 1244 arbore
631 1183 713 1259 posse
742 1185 911 1259 comedere,
933 1184 1068 1259 adeoque
1089 1182 1259 1259 inpoffibite
1280 1182 1380 1257 soret,

189 1311 222 1357 ut
243 1297 374 1356 Adamus
400 1298 437 1357 de
458 1314 493 1357 ea
520 1297 704 1357 comederet:
735 1314 800 1357 nam
822 1295 955 1359 divinum
975 1296 1048 1357 illud
1068 1298 1217 1357 decretum
1237 1310 1379 1357 eternam
1466 1288 1467 1320 r

188 1408 380 1471 necessitatem
402 1423 432 1468 ct
452 1407 607 1470 veritatem
627 1406 772 1469 debuisset
793 1408 955 1471 involvere.
985 1408 1096 1469 Verum
1117 1407 1256 1484 quoniam
1276 1407 1378 1483 Scrip-

187 1534 254 1581 tura
284 1535 381 1580 tamen
417 1535 531 1595 narrat,
565 1520 660 1581 Deum
698 1518 729 1581 id
760 1521 875 1581 Adamo
906 1518 1091 1596 praecepille‚
1122 1535 1153 1581 et
1185 1518 1380 1581 nihilominus
1466 1513 1467 1536 l

176 1633 333 1694 cidamum
353 1634 390 1693 dc
411 1633 512 1693 eadem
534 1630 706 1707 comedisse,
728 1630 886 1693 necessario
908 1630 1063 1694 dicendum
1084 1631 1248 1707 eil,Deum
1259 1632 1381 1692 Adamo

187 1747 293 1807 malum
313 1758 428 1805 tantum
448 1742 632 1823 revelavisle,
654 1746 736 1820 quod
758 1762 823 1805 cum
845 1744 1002 1807 necessario
1024 1744 1209 1821 sequeretur,
1230 1742 1250 1803 sr
1271 1744 1307 1805 de
1328 1742 1381 1802 illa

188 1860 291 1919 arbore
327 1859 510 1931 comederet,
546 1871 576 1917 at
608 1874 668 1917 non
706 1858 899 1918 neceffitatem
931 1855 1152 1918 consecutionis
1183 1855 1260 1918 illius
1291 1854 1379 1915 mali:

188 1971 277 2031 Unde
309 1970 415 2033 sadum
437 1968 495 2044 est,
515 1982 549 2029 ut
571 1970 702 2029 Adamas
721 1968 798 2029 illam
820 1968 1030 2031 revelationem
1051 1987 1112 2029 non
1133 1984 1167 2030 ut
1187 1982 1323 2029 aternam
1346 1981 1383 2025 et

188 2078 370 2139 necessariam
389 2076 544 2140 veritatem
565 2077 747 2153 perceperit,
767 2077 817 2140 sed
838 2092 871 2139 ut
882 2079 1059 2158 legem,hoc
1078 2079 1118 2139 est
1140 2094 1172 2139 ut
1195 2077 1383 2160 institutum,

188 2193 270 2267 quod
300 2192 411 2253 lucrum
443 2206 495 2251 aut
524 2192 660 2251 damnum
691 2188 840 2266 sequitur,
870 2208 930 2251 non
963 2208 1000 2251 ex
1013 2214 1017 2257 3
1032 2192 1197 2251 necessitate
1219 2204 1250 2251 et
1271 2203 1380 2249 natura

187 2303 311 2365 aetionis
343 2318 485 2379 patrata,
516 2302 566 2365 sed
598 2320 635 2363 ex
667 2303 731 2363 solo
761 2302 850 2364 libitu
880 2319 912 2363 et
940 2304 1078 2366 absoluto
1107 2302 1230 2379 imperio
1252 2302 1383 2380 alicujus

187 2413 340 2491 Principis.
381 2416 479 2496 Quare
511 2413 560 2475 illa
590 2413 733 2476 revelatio
765 2414 896 2490 respesiu
928 2414 1018 2477 solius
1048 2415 1171 2493 Adami,
1203 2430 1233 2478 et
1255 2430 1384 2494 propter

187 2527 279 2588 solum
308 2528 453 2590 defessum
482 2526 546 2604 ejus
575 2525 771 2606 cognitionis,
800 2529 848 2588 lex
876 2527 950 2603 suit,
970 2528 1110 2605 Deusque
1132 2527 1212 2604 quali
1231 2527 1383 2608 legislator

188 2654 239 2700 aut
267 2637 415 2716 Princeps.
455 2639 495 2699 Et
521 2637 576 2700 hac
608 2638 696 2700 etiam
717 2641 754 2700 de
775 2639 876 2716 causa,
898 2659 1001 2716 nempe
1023 2644 1062 2701 ob
1083 2641 1229 2703 defectum
1250 2640 1380 2720 cogniti·

188 2749 270 2826 onis,
291 2751 474 2830 Decalogus,
495 2750 626 2827 respectu
647 2751 839 2813 Hebraeorum
868 2766 999 2828 tantum,
1024 2754 1072 2814 lex
1099 2753 1173 2830 fuit;
1194 2773 1277 2826 nam,
1299 2773 1380 2830 quo-

187 2862 264 2924 niam
284 2862 341 2924 Dei
367 2861 549 2924 existentiam
577 2878 611 2924 ut
632 2878 768 2925 artemam
795 2863 949 2928 vetitatem
972 2884 1031 2926 non
1052 2880 1216 2944 noverant,
1238 2866 1306 2929 ideo
1327 2867 1380 2943 id,

187 2976 271 3051 quod
290 2974 357 3050 ipsrs
378 2974 408 3034 in
429 2976 581 3054 Decalogo
604 2977 765 3039 revelatum
788 2977 862 3054 suit,
884 2997 988 3054 nempe
1009 2981 1105 3040 Deum
1117 2978 1239 3040 existere
1245 2979 1379 3055 ,Deum-

187 3107 246 3166 que
266 3089 359 3150 solum
381 3090 561 3150 adorandum
582 3087 656 3164 elle,
677 3104 816 3167 tanquam
837 3092 929 3170 legem
940 3090 1090 3167 percipere
1101 3093 1380 3169 debuerunt;quod

187 3201 208 3261 fi
229 3203 311 3262 Deus
332 3200 419 3262 nullis
439 3199 542 3263 mediis
563 3202 714 3278 corporeis
736 3203 892 3279 adhibitis,
919 3203 969 3265 sed
989 3204 1154 3266 immediate
1177 3203 1212 3266 iis
1232 3206 1379 3282 loquutus

187 3311 302 3387 fuisset,
327 3312 385 3373 hoc
413 3311 507 3388 ipsum
535 3332 596 3375 non
617 3329 757 3391 tanquam
778 3317 886 3394 legem,
907 3315 957 3379 sed
980 3332 1119 3394 tanquam
1141 3333 1278 3379 aetenram
1300 3317 1379 3380 veri-

188 3439 279 3485 tatem
301 3423 502 3501 pcrcepillent.
523 3428 626 3502 Atque
646 3426 722 3502 hoc,
743 3431 826 3504 quod
847 3431 883 3490 de
905 3428 1040 3490 Israelitis
1063 3432 1220 3492 etAdamo
1237 3430 1380 3507 dicimus,

188 3538 225 3598 de
258 3535 394 3598 omnibus
425 3536 514 3597 ctiam
545 3536 720 3614 Prophetis,
753 3538 804 3615 qui
836 3538 955 3601 nomine
986 3539 1043 3602 Dei
1075 3541 1155 3620 leges
1186 3541 1379 3618 scripserunt,

148 3681 153 3690 ·
188 3650 362 3725 dicendum,
394 3649 533 3714 videlicet
564 3653 648 3728 quod
678 3650 735 3712 Dei
767 3653 885 3713 decreta
917 3671 977 3714 non
1007 3656 1178 3730 adaequate,
1199 3669 1232 3715 ut
1253 3667 1379 3716 aetemas

114 4287 168 4315 Ν

189 3766 349 3839 veritates,
382 3779 586 3841 perceperunt.
627 3765 684 3825 Ex.
704 3783 746 3843 gr.
768 3766 804 3826 de
834 3765 898 3842 ipso
927 3765 1012 3826 Mose
1033 3765 1120 3827 etiam
1142 3765 1298 3829 dicendum
1319 3768 1380 3843 est,

189 3897 255 3938 eum
277 3897 314 3938 ex
334 3877 517 3940 revelatione
538 3879 586 3939 vel
607 3895 644 3938 ex
665 3877 863 3939 fundamentis
882 3878 908 3939 ei
926 3877 1062 3941 revelatis
1074 3877 1230 3954 percepisse
1241 3880 1362 3941 modum
1369 3923 1380 3956 ,

189 4009 250 4067 quo
273 3992 401 4066 populus
421 3989 596 4050 lsrailiticus
614 3989 644 4050 in
665 4005 744 4051 certa
765 3989 866 4052 mundi
887 3991 970 4069 plaga
992 3988 1104 4066 optime
1126 3989 1200 4051 uniri
1219 3987 1328 4066 pollet,
1348 4008 1380 4053 et

187 4101 328 4180 integram
362 4101 533 4162 societatem
564 4103 687 4162 formare
719 4100 779 4162 srve
810 4101 961 4178 imperium
993 4101 1121 4180 erigere3
1152 4100 1257 4162 deinde
1289 4099 1380 4162 etiam

189 4215 325 4287 modum,
353 4230 414 4288 quo
443 4211 490 4272 ille
518 4215 648 4289 populus
679 4212 792 4289 optime
821 4212 915 4290 pollet
940 4211 1007 4292 cogi
1033 4214 1069 4274 ad
1091 4211 1307 4290 obediendum;
1329 4213 1380 4277 sed

189 4343 251 4388 non
271 4323 444 4401 percepisse,
467 4343 521 4385 nec
540 4323 593 4400 ipsi
614 4326 775 4389 revelatum
797 4323 897 4401 fuine,
919 4327 1037 4388 modum
1058 4323 1137 4387 illum
1150 4325 1382 4404 optimumesse,
