<?xml version="1.0" encoding="UTF-8"?>
<!DOCTYPE html PUBLIC "-//W3C//DTD XHTML 1.0 Transitional//EN"
    "http://www.w3.org/TR/xhtml1/DTD/xhtml1-transitional.dtd">
<html xmlns="http://www.w3.org/1999/xhtml" xml:lang="en" lang="en">
 <head>
  <title>
</title>
<meta http-equiv="Content-Type" content="text/html;charset=utf-8" />
  <meta name='ocr-system' content='tesseract 3.04.00' />
  <meta name='ocr-capabilities' content='ocr_page ocr_carea ocr_par ocr_line ocrx_word'/>
</head>
<body>
  <div class='ocr_page' id='page_1' title='image "benedictidespin02landgoog_0410.png"; bbox 0 0 2934 4900; ppageno 0'>
   <div class='ocr_carea' id='block_1_1' title="bbox 213 258 916 334">
    <p class='ocr_par' dir='ltr' id='par_1_1' title="bbox 213 258 916 334">
     <span class='ocr_line' id='line_1_1' title="bbox 213 258 916 334; baseline 0 -15"><span class='ocrx_word' id='word_1_1' title='bbox 213 258 272 334; x_wconf 83' lang='lat'>386</span> <span class='ocrx_word' id='word_1_2' title='bbox 679 260 916 320; x_wconf 86' lang='lat' dir='ltr'>Tractatus</span> 
     </span>
    </p>
   </div>
   <div class='ocr_carea' id='block_1_2' title="bbox 194 429 1390 3657">
    <p class='ocr_par' dir='ltr' id='par_1_2' title="bbox 200 429 1390 2085">
     <span class='ocr_line' id='line_1_2' title="bbox 210 429 1386 509; baseline -0.003 -17"><span class='ocrx_word' id='word_1_3' title='bbox 210 434 246 492; x_wconf 92' lang='lat' dir='ltr'>ad</span> <span class='ocrx_word' id='word_1_4' title='bbox 274 430 489 506; x_wconf 82' lang='lat' dir='ltr'>exprimendam</span> <span class='ocrx_word' id='word_1_5' title='bbox 511 448 607 491; x_wconf 90' lang='lat' dir='ltr'>earum</span> <span class='ocrx_word' id='word_1_6' title='bbox 627 429 771 491; x_wconf 84' lang='lat' dir='ltr'>insolitam</span> <span class='ocrx_word' id='word_1_7' title='bbox 793 430 1029 509; x_wconf 85' lang='lat' dir='ltr'><strong>magnitudinem.</strong></span> <span class='ocrx_word' id='word_1_8' title='bbox 1049 430 1088 490; x_wconf 85' lang='lat' dir='ltr'>Et</span> <span class='ocrx_word' id='word_1_9' title='bbox 1110 431 1123 490; x_wconf 93' lang='lat'>1</span> <span class='ocrx_word' id='word_1_10' title='bbox 1143 430 1304 491; x_wconf 79' lang='lat' dir='ltr'>Shamudlis</span> <span class='ocrx_word' id='word_1_11' title='bbox 1324 449 1386 506; x_wconf 91' lang='lat' dir='ltr'>cap.</span> 
     </span>
     <span class='ocr_line' id='line_1_3' title="bbox 210 542 1388 622; baseline -0.002 -19"><span class='ocrx_word' id='word_1_12' title='bbox 210 560 256 604; x_wconf 90' lang='lat' dir='ltr'>rt.</span> <span class='ocrx_word' id='word_1_13' title='bbox 287 543 360 607; x_wconf 87' lang='lat' dir='ltr'>vers.</span> <span class='ocrx_word' id='word_1_14' title='bbox 382 559 410 620; x_wconf 82' lang='lat'>7.</span> <span class='ocrx_word' id='word_1_15' title='bbox 441 547 478 605; x_wconf 92' lang='lat' dir='ltr'>ad</span> <span class='ocrx_word' id='word_1_16' title='bbox 514 542 731 622; x_wconf 80' lang='lat' dir='ltr'>significandum</span> <span class='ocrx_word' id='word_1_17' title='bbox 771 560 878 603; x_wconf 89' lang='lat' dir='ltr'>metum</span> <span class='ocrx_word' id='word_1_18' title='bbox 918 546 1072 605; x_wconf 83' lang='lat' dir='ltr'><strong>admodum</strong></span> <span class='ocrx_word' id='word_1_19' title='bbox 1109 561 1243 621; x_wconf 83' lang='lat' dir='ltr'>magnum</span> <span class='ocrx_word' id='word_1_20' title='bbox 1282 542 1388 604; x_wconf 92' lang='lat' dir='ltr'>dicitur</span> 
     </span>
     <span class='ocr_line' id='line_1_4' title="bbox 208 645 1388 735; baseline 0 -21"><span class='ocrx_word' id='word_1_21' title='bbox 208 674 280 735; x_wconf 66' lang='lat' dir='ltr'>mm</span> <span class='ocrx_word' id='word_1_22' title='bbox 305 645 346 734; x_wconf 55' lang='grc' dir='ltr'>ὃν</span> <span class='ocrx_word' id='word_1_23' title='bbox 372 671 450 729; x_wconf 59' lang='lat' dir='ltr'>mn*</span> <span class='ocrx_word' id='word_1_24' title='bbox 479 674 551 729; x_wconf 64' lang='grc' dir='ltr'>-ιῃῃ</span> <span class='ocrx_word' id='word_1_25' title='bbox 577 646 648 729; x_wconf 59' lang='grc' dir='ltr'>Βῃη</span> <span class='ocrx_word' id='word_1_26' title='bbox 679 669 707 714; x_wconf 84' lang='lat' dir='ltr'>et</span> <span class='ocrx_word' id='word_1_27' title='bbox 733 658 834 716; x_wconf 81' lang='lat' dir='ltr'>cecidit</span> <span class='ocrx_word' id='word_1_28' title='bbox 860 669 949 716; x_wconf 75' lang='lat' dir='ltr'>nutus</span> <span class='ocrx_word' id='word_1_29' title='bbox 976 657 1034 717; x_wconf 88' lang='lat' dir='ltr'>Det&#39;</span> <span class='ocrx_word' id='word_1_30' title='bbox 1052 656 1151 734; x_wconf 86' lang='lat' dir='ltr'>supra</span> <span class='ocrx_word' id='word_1_31' title='bbox 1173 657 1318 735; x_wconf 83' lang='lat' dir='ltr'>populum.</span> <span class='ocrx_word' id='word_1_32' title='bbox 1349 656 1388 715; x_wconf 88' lang='lat' dir='ltr'>Et</span> 
     </span>
     <span class='ocr_line' id='line_1_5' title="bbox 206 773 1385 852; baseline -0.004 -18"><span class='ocrx_word' id='word_1_33' title='bbox 206 774 263 834; x_wconf 92' lang='lat' dir='ltr'>boc</span> <span class='ocrx_word' id='word_1_34' title='bbox 292 774 375 835; x_wconf 89' lang='lat' dir='ltr'>sensu</span> <span class='ocrx_word' id='word_1_35' title='bbox 401 774 515 849; x_wconf 90' lang='lat' dir='ltr'>omnia,</span> <span class='ocrx_word' id='word_1_36' title='bbox 542 791 607 850; x_wconf 85' lang='lat' dir='ltr'>quae</span> <span class='ocrx_word' id='word_1_37' title='bbox 635 788 753 848; x_wconf 91' lang='lat' dir='ltr'>captum</span> <span class='ocrx_word' id='word_1_38' title='bbox 777 773 946 852; x_wconf 85' lang='lat' dir='ltr'>Judaeorum</span> <span class='ocrx_word' id='word_1_39' title='bbox 978 774 1167 849; x_wconf 85' lang='lat' dir='ltr'>superabant,</span> <span class='ocrx_word' id='word_1_40' title='bbox 1198 788 1228 833; x_wconf 91' lang='lat' dir='ltr'>et</span> <span class='ocrx_word' id='word_1_41' title='bbox 1260 788 1385 849; x_wconf 90' lang='lat' dir='ltr'>quorum</span> 
     </span>
     <span class='ocr_line' id='line_1_6' title="bbox 206 884 1389 962; baseline -0.002 -17"><span class='ocrx_word' id='word_1_42' title='bbox 206 885 305 946; x_wconf 82' lang='lat' dir='ltr'>causas</span> <span class='ocrx_word' id='word_1_43' title='bbox 326 887 471 947; x_wconf 82' lang='lat' dir='ltr'>naturales</span> <span class='ocrx_word' id='word_1_44' title='bbox 491 900 553 946; x_wconf 92' lang='lat' dir='ltr'>tum</span> <span class='ocrx_word' id='word_1_45' title='bbox 573 884 714 961; x_wconf 91' lang='lat' dir='ltr'>temporis</span> <span class='ocrx_word' id='word_1_46' title='bbox 743 884 930 962; x_wconf 83' lang='lat' dir='ltr'>ignorabant,</span> <span class='ocrx_word' id='word_1_47' title='bbox 952 887 987 946; x_wconf 89' lang='lat' dir='ltr'>ad</span> <span class='ocrx_word' id='word_1_48' title='bbox 1007 886 1103 947; x_wconf 89' lang='lat' dir='ltr'>Deum</span> <span class='ocrx_word' id='word_1_49' title='bbox 1124 884 1221 945; x_wconf 87' lang='lat' dir='ltr'>referri</span> <span class='ocrx_word' id='word_1_50' title='bbox 1244 884 1389 944; x_wconf 88' lang='lat' dir='ltr'>solebant.</span> 
     </span>
     <span class='ocr_line' id='line_1_7' title="bbox 205 997 1390 1078; baseline 0 -21"><span class='ocrx_word' id='word_1_51' title='bbox 205 997 277 1058; x_wconf 92' lang='lat' dir='ltr'>Ideo</span> <span class='ocrx_word' id='word_1_52' title='bbox 298 1000 449 1075; x_wconf 87' lang='lat' dir='ltr'>tempestas</span> <span class='ocrx_word' id='word_1_53' title='bbox 469 1016 547 1071; x_wconf 67' lang='grc' dir='ltr'>,ηπ-,ι</span> <span class='ocrx_word' id='word_1_54' title='bbox 562 1015 647 1077; x_wconf 63' lang='lat' dir='ltr'>napa</span> <span class='ocrx_word' id='word_1_55' title='bbox 668 1001 828 1078; x_wconf 80' lang='lat' dir='ltr'><em>increpatio</em></span> <span class='ocrx_word' id='word_1_56' title='bbox 852 1001 927 1074; x_wconf 79' lang='lat' dir='ltr'>Dei,</span> <span class='ocrx_word' id='word_1_57' title='bbox 947 1000 1077 1060; x_wconf 90' lang='lat' dir='ltr'>tonitrua</span> <span class='ocrx_word' id='word_1_58' title='bbox 1099 1013 1196 1060; x_wconf 88' lang='lat' dir='ltr'>autem</span> <span class='ocrx_word' id='word_1_59' title='bbox 1218 1013 1247 1059; x_wconf 87' lang='lat' dir='ltr'>et</span> <span class='ocrx_word' id='word_1_60' title='bbox 1267 998 1390 1059; x_wconf 80' lang='lat' dir='ltr'>fulmina</span> 
     </span>
     <span class='ocr_line' id='line_1_8' title="bbox 203 1112 1390 1195; baseline -0.005 -18"><span class='ocrx_word' id='word_1_61' title='bbox 203 1116 261 1177; x_wconf 90' lang='lat' dir='ltr'>Dei</span> <span class='ocrx_word' id='word_1_62' title='bbox 289 1116 399 1195; x_wconf 80' lang='lat' dir='ltr'>sagitta</span> <span class='ocrx_word' id='word_1_63' title='bbox 426 1118 624 1190; x_wconf 85' lang='lat' dir='ltr'>vocabantur;</span> <span class='ocrx_word' id='word_1_64' title='bbox 651 1117 796 1191; x_wconf 86' lang='lat' dir='ltr'>putabant</span> <span class='ocrx_word' id='word_1_65' title='bbox 825 1114 917 1188; x_wconf 86' lang='lat' dir='ltr'>enim,</span> <span class='ocrx_word' id='word_1_66' title='bbox 938 1114 1033 1175; x_wconf 90' lang='lat' dir='ltr'>Deum</span> <span class='ocrx_word' id='word_1_67' title='bbox 1055 1128 1163 1175; x_wconf 88' lang='lat' dir='ltr'>ventos</span> <span class='ocrx_word' id='word_1_68' title='bbox 1184 1113 1214 1173; x_wconf 91' lang='lat' dir='ltr'>in</span> <span class='ocrx_word' id='word_1_69' title='bbox 1236 1112 1390 1187; x_wconf 76' lang='lat' dir='ltr'>catomis,</span> 
     </span>
     <span class='ocr_line' id='line_1_9' title="bbox 204 1224 1388 1304; baseline -0.004 -15"><span class='ocrx_word' id='word_1_70' title='bbox 204 1248 277 1304; x_wconf 88' lang='lat' dir='ltr'>quas</span> <span class='ocrx_word' id='word_1_71' title='bbox 307 1228 363 1289; x_wconf 87' lang='lat' dir='ltr'>Dei</span> <span class='ocrx_word' id='word_1_72' title='bbox 396 1227 492 1289; x_wconf 88' lang='lat' dir='ltr'>aeraria</span> <span class='ocrx_word' id='word_1_73' title='bbox 522 1228 686 1300; x_wconf 87' lang='lat' dir='ltr'>vocabant,</span> <span class='ocrx_word' id='word_1_74' title='bbox 718 1225 844 1286; x_wconf 87' lang='lat' dir='ltr'>inclusos</span> <span class='ocrx_word' id='word_1_75' title='bbox 874 1226 996 1300; x_wconf 88' lang='lat' dir='ltr'>habere,</span> <span class='ocrx_word' id='word_1_76' title='bbox 1028 1224 1057 1285; x_wconf 94' lang='lat' dir='ltr'>in</span> <span class='ocrx_word' id='word_1_77' title='bbox 1089 1244 1147 1301; x_wconf 91' lang='lat' dir='ltr'>qua</span> <span class='ocrx_word' id='word_1_78' title='bbox 1179 1224 1320 1300; x_wconf 89' lang='lat' dir='ltr'>opinione</span> <span class='ocrx_word' id='word_1_79' title='bbox 1350 1227 1388 1284; x_wconf 91' lang='lat' dir='ltr'>ab</span> 
     </span>
     <span class='ocr_line' id='line_1_10' title="bbox 203 1338 1388 1413; baseline -0.003 -14"><span class='ocrx_word' id='word_1_80' title='bbox 203 1338 337 1401; x_wconf 85' lang='lat' dir='ltr'>Ethnicis</span> <span class='ocrx_word' id='word_1_81' title='bbox 364 1339 394 1400; x_wconf 92' lang='lat' dir='ltr'>in</span> <span class='ocrx_word' id='word_1_82' title='bbox 421 1339 479 1399; x_wconf 91' lang='lat' dir='ltr'>hoc</span> <span class='ocrx_word' id='word_1_83' title='bbox 506 1338 695 1412; x_wconf 85' lang='lat' dir='ltr'>differebant,</span> <span class='ocrx_word' id='word_1_84' title='bbox 723 1340 805 1413; x_wconf 93' lang='lat' dir='ltr'>quod</span> <span class='ocrx_word' id='word_1_85' title='bbox 833 1353 892 1397; x_wconf 94' lang='lat' dir='ltr'>non</span> <span class='ocrx_word' id='word_1_86' title='bbox 921 1338 1057 1412; x_wconf 85' lang='lat' dir='ltr'>AEolum,</span> <span class='ocrx_word' id='word_1_87' title='bbox 1085 1338 1134 1398; x_wconf 91' lang='lat' dir='ltr'>sed</span> <span class='ocrx_word' id='word_1_88' title='bbox 1161 1339 1256 1398; x_wconf 92' lang='lat' dir='ltr'>Deum</span> <span class='ocrx_word' id='word_1_89' title='bbox 1284 1353 1388 1396; x_wconf 88' lang='lat' dir='ltr'>eorum</span> 
     </span>
     <span class='ocr_line' id='line_1_11' title="bbox 203 1447 1388 1525; baseline -0.003 -15"><span class='ocrx_word' id='word_1_90' title='bbox 203 1452 341 1512; x_wconf 67' lang='lat' dir='ltr'>restorem</span> <span class='ocrx_word' id='word_1_91' title='bbox 362 1452 528 1511; x_wconf 87' lang='lat' dir='ltr'>credebant.</span> <span class='ocrx_word' id='word_1_92' title='bbox 548 1452 613 1511; x_wconf 86' lang='lat' dir='ltr'>Hac</span> <span class='ocrx_word' id='word_1_93' title='bbox 634 1448 722 1511; x_wconf 90' lang='lat' dir='ltr'>etiam</span> <span class='ocrx_word' id='word_1_94' title='bbox 743 1452 778 1510; x_wconf 93' lang='lat' dir='ltr'>de</span> <span class='ocrx_word' id='word_1_95' title='bbox 800 1447 883 1511; x_wconf 88' lang='lat' dir='ltr'>causa</span> <span class='ocrx_word' id='word_1_96' title='bbox 904 1449 1039 1511; x_wconf 90' lang='lat' dir='ltr'>miracula</span> <span class='ocrx_word' id='word_1_97' title='bbox 1060 1468 1150 1525; x_wconf 87' lang='lat' dir='ltr'>opera</span> <span class='ocrx_word' id='word_1_98' title='bbox 1160 1448 1217 1509; x_wconf 92' lang='lat' dir='ltr'>Dei</span> <span class='ocrx_word' id='word_1_99' title='bbox 1230 1464 1388 1522; x_wconf 87' lang='lat' dir='ltr'>vocantur,</span> 
     </span>
     <span class='ocr_line' id='line_1_12' title="bbox 203 1560 1387 1639; baseline -0.003 -16"><span class='ocrx_word' id='word_1_100' title='bbox 203 1563 259 1623; x_wconf 92' lang='lat' dir='ltr'>hoc</span> <span class='ocrx_word' id='word_1_101' title='bbox 281 1577 327 1623; x_wconf 88' lang='lat' dir='ltr'>est</span> <span class='ocrx_word' id='word_1_102' title='bbox 347 1580 436 1639; x_wconf 89' lang='lat' dir='ltr'>opera</span> <span class='ocrx_word' id='word_1_103' title='bbox 458 1562 607 1639; x_wconf 86' lang='lat' dir='ltr'>stupenda.</span> <span class='ocrx_word' id='word_1_104' title='bbox 635 1562 710 1621; x_wconf 90' lang='lat' dir='ltr'>Nam</span> <span class='ocrx_word' id='word_1_105' title='bbox 739 1560 805 1621; x_wconf 89' lang='lat' dir='ltr'>sane</span> <span class='ocrx_word' id='word_1_106' title='bbox 827 1560 923 1621; x_wconf 89' lang='lat' dir='ltr'>omnia</span> <span class='ocrx_word' id='word_1_107' title='bbox 951 1560 1092 1621; x_wconf 89' lang='lat' dir='ltr'>naturalia</span> <span class='ocrx_word' id='word_1_108' title='bbox 1112 1560 1169 1621; x_wconf 91' lang='lat' dir='ltr'>Dei</span> <span class='ocrx_word' id='word_1_109' title='bbox 1191 1578 1279 1636; x_wconf 89' lang='lat' dir='ltr'>opera</span> <span class='ocrx_word' id='word_1_110' title='bbox 1300 1560 1387 1635; x_wconf 89' lang='lat' dir='ltr'>sont,</span> 
     </span>
     <span class='ocr_line' id='line_1_13' title="bbox 202 1672 1388 1751; baseline 0.001 -20"><span class='ocrx_word' id='word_1_111' title='bbox 202 1689 233 1732; x_wconf 87' lang='lat' dir='ltr'>et</span> <span class='ocrx_word' id='word_1_112' title='bbox 264 1691 316 1748; x_wconf 89' lang='lat' dir='ltr'>pet</span> <span class='ocrx_word' id='word_1_113' title='bbox 346 1673 433 1735; x_wconf 90' lang='lat' dir='ltr'>solam</span> <span class='ocrx_word' id='word_1_114' title='bbox 464 1673 592 1735; x_wconf 87' lang='lat' dir='ltr'>divinam</span> <span class='ocrx_word' id='word_1_115' title='bbox 624 1672 788 1748; x_wconf 89' lang='lat' dir='ltr'>potentiam</span> <span class='ocrx_word' id='word_1_116' title='bbox 821 1672 887 1733; x_wconf 90' lang='lat' dir='ltr'>sunt</span> <span class='ocrx_word' id='word_1_117' title='bbox 918 1687 947 1733; x_wconf 94' lang='lat' dir='ltr'>et</span> <span class='ocrx_word' id='word_1_118' title='bbox 980 1687 1080 1751; x_wconf 86' lang='lat' dir='ltr'>agunt.</span> <span class='ocrx_word' id='word_1_119' title='bbox 1111 1674 1179 1733; x_wconf 88' lang='lat' dir='ltr'>Hoc</span> <span class='ocrx_word' id='word_1_120' title='bbox 1210 1690 1279 1751; x_wconf 79' lang='lat' dir='ltr'>ergo</span> <span class='ocrx_word' id='word_1_121' title='bbox 1302 1672 1388 1732; x_wconf 85' lang='lat' dir='ltr'>sensu</span> 
     </span>
     <span class='ocr_line' id='line_1_14' title="bbox 202 1782 1387 1865; baseline -0.002 -23"><span class='ocrx_word' id='word_1_122' title='bbox 202 1784 310 1845; x_wconf 89' lang='lat' dir='ltr'>Psaltes</span> <span class='ocrx_word' id='word_1_123' title='bbox 340 1801 429 1846; x_wconf 90' lang='lat' dir='ltr'>vocat</span> <span class='ocrx_word' id='word_1_124' title='bbox 460 1783 586 1865; x_wconf 81' lang='lat' dir='ltr'>AEgypti</span> <span class='ocrx_word' id='word_1_125' title='bbox 616 1783 765 1845; x_wconf 86' lang='lat' dir='ltr'>miracula</span> <span class='ocrx_word' id='word_1_126' title='bbox 782 1782 839 1845; x_wconf 90' lang='lat' dir='ltr'>Dei</span> <span class='ocrx_word' id='word_1_127' title='bbox 869 1784 1037 1861; x_wconf 88' lang='lat' dir='ltr'>potentias,</span> <span class='ocrx_word' id='word_1_128' title='bbox 1068 1783 1137 1859; x_wconf 90' lang='lat' dir='ltr'>quia</span> <span class='ocrx_word' id='word_1_129' title='bbox 1159 1782 1291 1843; x_wconf 81' lang='lat' dir='ltr'>Hebraeis</span> <span class='ocrx_word' id='word_1_130' title='bbox 1313 1782 1387 1843; x_wconf 91' lang='lat' dir='ltr'>nihil</span> 
     </span>
     <span class='ocr_line' id='line_1_15' title="bbox 201 1894 1386 1973; baseline 0 -19"><span class='ocrx_word' id='word_1_131' title='bbox 201 1896 288 1956; x_wconf 76' lang='lat' dir='ltr'>simile</span> <span class='ocrx_word' id='word_1_132' title='bbox 309 1896 533 1973; x_wconf 75' lang='lat' dir='ltr'>expedantibus</span> <span class='ocrx_word' id='word_1_133' title='bbox 552 1896 629 1958; x_wconf 90' lang='lat' dir='ltr'>viam</span> <span class='ocrx_word' id='word_1_134' title='bbox 650 1899 687 1957; x_wconf 89' lang='lat' dir='ltr'>ad</span> <span class='ocrx_word' id='word_1_135' title='bbox 707 1897 827 1957; x_wconf 90' lang='lat' dir='ltr'>salutem</span> <span class='ocrx_word' id='word_1_136' title='bbox 845 1896 875 1956; x_wconf 93' lang='lat' dir='ltr'>in</span> <span class='ocrx_word' id='word_1_137' title='bbox 896 1895 1032 1957; x_wconf 82' lang='lat' dir='ltr'>extremis</span> <span class='ocrx_word' id='word_1_138' title='bbox 1045 1894 1386 1971; x_wconf 89' lang='lat' dir='ltr'>periculisaperuerunt,</span> 
     </span>
     <span class='ocr_line' id='line_1_16' title="bbox 200 2007 956 2085; baseline 0.001 -17"><span class='ocrx_word' id='word_1_139' title='bbox 200 2023 289 2085; x_wconf 89' lang='lat' dir='ltr'>atque</span> <span class='ocrx_word' id='word_1_140' title='bbox 310 2009 379 2070; x_wconf 90' lang='lat' dir='ltr'>ideo</span> <span class='ocrx_word' id='word_1_141' title='bbox 400 2008 451 2085; x_wconf 80' lang='lat' dir='ltr'>ipsi</span> <span class='ocrx_word' id='word_1_142' title='bbox 472 2011 571 2070; x_wconf 89' lang='lat' dir='ltr'>eadem</span> <span class='ocrx_word' id='word_1_143' title='bbox 592 2008 714 2069; x_wconf 88' lang='lat' dir='ltr'>maxime</span> <span class='ocrx_word' id='word_1_144' title='bbox 735 2007 956 2069; x_wconf 87' lang='lat' dir='ltr'>admirabantur.</span> 
     </span>
    </p>

    <p class='ocr_par' dir='ltr' id='par_1_3' title="bbox 194 2118 1385 3414">
     <span class='ocr_line' id='line_1_17' title="bbox 240 2118 1385 2198; baseline 0 -19"><span class='ocrx_word' id='word_1_145' title='bbox 240 2120 313 2181; x_wconf 89' lang='lat' dir='ltr'>Cum</span> <span class='ocrx_word' id='word_1_146' title='bbox 336 2120 423 2198; x_wconf 80' lang='lat' dir='ltr'>igitur</span> <span class='ocrx_word' id='word_1_147' title='bbox 444 2137 533 2196; x_wconf 89' lang='lat' dir='ltr'>opera</span> <span class='ocrx_word' id='word_1_148' title='bbox 554 2122 674 2180; x_wconf 77' lang='lat' dir='ltr'>Naturae</span> <span class='ocrx_word' id='word_1_149' title='bbox 703 2118 820 2180; x_wconf 88' lang='lat' dir='ltr'>insolita</span> <span class='ocrx_word' id='word_1_150' title='bbox 841 2138 929 2195; x_wconf 90' lang='lat' dir='ltr'>opera</span> <span class='ocrx_word' id='word_1_151' title='bbox 951 2118 1008 2181; x_wconf 91' lang='lat' dir='ltr'>Dei</span> <span class='ocrx_word' id='word_1_152' title='bbox 1030 2135 1190 2189; x_wconf 88' lang='lat' dir='ltr'>vocentur,</span> <span class='ocrx_word' id='word_1_153' title='bbox 1212 2133 1241 2179; x_wconf 90' lang='lat' dir='ltr'>et</span> <span class='ocrx_word' id='word_1_154' title='bbox 1264 2121 1385 2179; x_wconf 86' lang='lat' dir='ltr'>arbores</span> 
     </span>
     <span class='ocr_line' id='line_1_18' title="bbox 199 2230 1382 2311; baseline -0.003 -18"><span class='ocrx_word' id='word_1_155' title='bbox 199 2233 323 2294; x_wconf 88' lang='lat' dir='ltr'>insolitae</span> <span class='ocrx_word' id='word_1_156' title='bbox 344 2232 553 2311; x_wconf 84' lang='lat' dir='ltr'>magnitudinis</span> <span class='ocrx_word' id='word_1_157' title='bbox 573 2234 691 2294; x_wconf 89' lang='lat' dir='ltr'>arbores</span> <span class='ocrx_word' id='word_1_158' title='bbox 711 2232 784 2308; x_wconf 90' lang='lat' dir='ltr'>Dei,</span> <span class='ocrx_word' id='word_1_159' title='bbox 806 2232 922 2293; x_wconf 89' lang='lat' dir='ltr'>minime</span> <span class='ocrx_word' id='word_1_160' title='bbox 944 2232 1119 2306; x_wconf 90' lang='lat' dir='ltr'>mitandum,</span> <span class='ocrx_word' id='word_1_161' title='bbox 1140 2234 1221 2307; x_wconf 92' lang='lat' dir='ltr'>quod</span> <span class='ocrx_word' id='word_1_162' title='bbox 1233 2230 1262 2291; x_wconf 91' lang='lat' dir='ltr'>in</span> <span class='ocrx_word' id='word_1_163' title='bbox 1275 2230 1382 2291; x_wconf 79' lang='lat' dir='ltr'>Genesi</span> 
     </span>
     <span class='ocr_line' id='line_1_19' title="bbox 198 2342 1382 2422; baseline -0.003 -18"><span class='ocrx_word' id='word_1_164' title='bbox 198 2344 332 2405; x_wconf 91' lang='lat' dir='ltr'>homines</span> <span class='ocrx_word' id='word_1_165' title='bbox 362 2343 502 2405; x_wconf 83' lang='lat' dir='ltr'>fortiffimi</span> <span class='ocrx_word' id='word_1_166' title='bbox 534 2360 565 2404; x_wconf 89' lang='lat' dir='ltr'>et</span> <span class='ocrx_word' id='word_1_167' title='bbox 594 2362 703 2422; x_wconf 81' lang='lat' dir='ltr'>magnae</span> <span class='ocrx_word' id='word_1_168' title='bbox 735 2344 867 2421; x_wconf 79' lang='lat' dir='ltr'>statura,</span> <span class='ocrx_word' id='word_1_169' title='bbox 905 2344 1036 2421; x_wconf 91' lang='lat' dir='ltr'>quamvis</span> <span class='ocrx_word' id='word_1_170' title='bbox 1075 2342 1154 2419; x_wconf 89' lang='lat' dir='ltr'>impii</span> <span class='ocrx_word' id='word_1_171' title='bbox 1186 2357 1320 2419; x_wconf 88' lang='lat' dir='ltr'>raptores</span> <span class='ocrx_word' id='word_1_172' title='bbox 1353 2358 1382 2403; x_wconf 90' lang='lat' dir='ltr'>et</span> 
     </span>
     <span class='ocr_line' id='line_1_20' title="bbox 199 2455 1382 2539; baseline 0 -23"><span class='ocrx_word' id='word_1_173' title='bbox 199 2455 391 2531; x_wconf 86' lang='lat' dir='ltr'>scortatores,</span> <span class='ocrx_word' id='word_1_174' title='bbox 419 2455 470 2516; x_wconf 90' lang='lat' dir='ltr'>filii</span> <span class='ocrx_word' id='word_1_175' title='bbox 489 2455 546 2516; x_wconf 89' lang='lat' dir='ltr'>Dei</span> <span class='ocrx_word' id='word_1_176' title='bbox 568 2471 720 2518; x_wconf 88' lang='lat' dir='ltr'>vocantur.</span> <span class='ocrx_word' id='word_1_177' title='bbox 742 2458 840 2539; x_wconf 88' lang='lat' dir='ltr'>Quare</span> <span class='ocrx_word' id='word_1_178' title='bbox 861 2455 891 2518; x_wconf 93' lang='lat' dir='ltr'>id</span> <span class='ocrx_word' id='word_1_179' title='bbox 913 2457 1044 2518; x_wconf 89' lang='lat' dir='ltr'>absolute</span> <span class='ocrx_word' id='word_1_180' title='bbox 1067 2475 1169 2532; x_wconf 89' lang='lat' dir='ltr'>omne,</span> <span class='ocrx_word' id='word_1_181' title='bbox 1191 2474 1251 2534; x_wconf 91' lang='lat' dir='ltr'>quo</span> <span class='ocrx_word' id='word_1_182' title='bbox 1275 2457 1382 2533; x_wconf 90' lang='lat' dir='ltr'>aliquis</span> 
     </span>
     <span class='ocr_line' id='line_1_21' title="bbox 197 2567 1381 2645; baseline -0.001 -16"><span class='ocrx_word' id='word_1_183' title='bbox 197 2567 326 2645; x_wconf 89' lang='lat' dir='ltr'>reliquos</span> <span class='ocrx_word' id='word_1_184' title='bbox 357 2569 533 2642; x_wconf 86' lang='lat' dir='ltr'>excellebat,</span> <span class='ocrx_word' id='word_1_185' title='bbox 564 2569 601 2628; x_wconf 91' lang='lat' dir='ltr'>ad</span> <span class='ocrx_word' id='word_1_186' title='bbox 631 2569 725 2628; x_wconf 89' lang='lat' dir='ltr'>Deum</span> <span class='ocrx_word' id='word_1_187' title='bbox 753 2569 858 2629; x_wconf 88' lang='lat' dir='ltr'>referre</span> <span class='ocrx_word' id='word_1_188' title='bbox 880 2568 1010 2630; x_wconf 90' lang='lat' dir='ltr'>solebant</span> <span class='ocrx_word' id='word_1_189' title='bbox 1032 2567 1162 2645; x_wconf 89' lang='lat' dir='ltr'>antiqui,</span> <span class='ocrx_word' id='word_1_190' title='bbox 1182 2585 1242 2628; x_wconf 93' lang='lat' dir='ltr'>non</span> <span class='ocrx_word' id='word_1_191' title='bbox 1265 2583 1381 2630; x_wconf 90' lang='lat' dir='ltr'>tantum</span> 
     </span>
     <span class='ocr_line' id='line_1_22' title="bbox 196 2679 1381 2762; baseline 0 -20"><span class='ocrx_word' id='word_1_192' title='bbox 196 2681 309 2762; x_wconf 82' lang='lat' dir='ltr'>Judaei,</span> <span class='ocrx_word' id='word_1_193' title='bbox 334 2679 490 2741; x_wconf 88' lang='lat' dir='ltr'>sedetiam</span> <span class='ocrx_word' id='word_1_194' title='bbox 512 2679 639 2756; x_wconf 72' lang='lat' dir='ltr'>ethnici,</span> <span class='ocrx_word' id='word_1_195' title='bbox 666 2681 776 2742; x_wconf 89' lang='lat' dir='ltr'>Pharao</span> <span class='ocrx_word' id='word_1_196' title='bbox 798 2681 890 2756; x_wconf 89' lang='lat' dir='ltr'>enim,</span> <span class='ocrx_word' id='word_1_197' title='bbox 912 2681 963 2742; x_wconf 92' lang='lat' dir='ltr'>ubi</span> <span class='ocrx_word' id='word_1_198' title='bbox 983 2681 1084 2742; x_wconf 89' lang='lat' dir='ltr'>somnii</span> <span class='ocrx_word' id='word_1_199' title='bbox 1106 2680 1381 2757; x_wconf 85' lang='lat' dir='ltr'>interpretationem</span> 
     </span>
     <span class='ocr_line' id='line_1_23' title="bbox 197 2791 1382 2872; baseline 0.003 -20"><span class='ocrx_word' id='word_1_200' title='bbox 197 2791 329 2868; x_wconf 89' lang='lat' dir='ltr'>audivit,</span> <span class='ocrx_word' id='word_1_201' title='bbox 356 2791 447 2866; x_wconf 88' lang='lat' dir='ltr'>dixit,</span> <span class='ocrx_word' id='word_1_202' title='bbox 473 2791 605 2872; x_wconf 91' lang='lat' dir='ltr'>Josepho</span> <span class='ocrx_word' id='word_1_203' title='bbox 632 2810 758 2854; x_wconf 90' lang='lat' dir='ltr'>mentem</span> <span class='ocrx_word' id='word_1_204' title='bbox 785 2795 914 2854; x_wconf 90' lang='lat' dir='ltr'>Deorum</span> <span class='ocrx_word' id='word_1_205' title='bbox 943 2793 1044 2870; x_wconf 87' lang='lat' dir='ltr'>inelle,</span> <span class='ocrx_word' id='word_1_206' title='bbox 1073 2809 1103 2855; x_wconf 92' lang='lat' dir='ltr'>et</span> <span class='ocrx_word' id='word_1_207' title='bbox 1124 2795 1382 2856; x_wconf 89' lang='lat' dir='ltr'>Nabucadonosot</span> 
     </span>
     <span class='ocr_line' id='line_1_24' title="bbox 196 2903 1381 2989; baseline 0.001 -24"><span class='ocrx_word' id='word_1_208' title='bbox 196 2904 284 2965; x_wconf 86' lang='lat' dir='ltr'>etiam</span> <span class='ocrx_word' id='word_1_209' title='bbox 315 2903 431 2967; x_wconf 70' lang='lat' dir='ltr'>Danieli</span> <span class='ocrx_word' id='word_1_210' title='bbox 462 2903 556 2979; x_wconf 90' lang='lat' dir='ltr'>dixit,</span> <span class='ocrx_word' id='word_1_211' title='bbox 587 2923 652 2965; x_wconf 91' lang='lat' dir='ltr'>eum</span> <span class='ocrx_word' id='word_1_212' title='bbox 673 2920 798 2966; x_wconf 89' lang='lat' dir='ltr'>mentem</span> <span class='ocrx_word' id='word_1_213' title='bbox 820 2907 950 2968; x_wconf 88' lang='lat' dir='ltr'>Deorum</span> <span class='ocrx_word' id='word_1_214' title='bbox 969 2907 1139 2968; x_wconf 71' lang='lat' dir='ltr'>dandorum</span> <span class='ocrx_word' id='word_1_215' title='bbox 1161 2907 1277 2967; x_wconf 88' lang='lat' dir='ltr'>habere.</span> <span class='ocrx_word' id='word_1_216' title='bbox 1298 2907 1381 2989; x_wconf 89' lang='lat' dir='ltr'>Quin</span> 
     </span>
     <span class='ocr_line' id='line_1_25' title="bbox 195 3015 1381 3096; baseline 0.003 -20"><span class='ocrx_word' id='word_1_217' title='bbox 195 3015 282 3078; x_wconf 90' lang='lat' dir='ltr'>etiam</span> <span class='ocrx_word' id='word_1_218' title='bbox 309 3019 389 3092; x_wconf 90' lang='lat' dir='ltr'>apud</span> <span class='ocrx_word' id='word_1_219' title='bbox 415 3015 540 3077; x_wconf 90' lang='lat' dir='ltr'>Latinos</span> <span class='ocrx_word' id='word_1_220' title='bbox 569 3016 641 3077; x_wconf 90' lang='lat' dir='ltr'>nihil</span> <span class='ocrx_word' id='word_1_221' title='bbox 670 3017 870 3094; x_wconf 62' lang='lat' dir='ltr'>frequentium</span> <span class='ocrx_word' id='word_1_222' title='bbox 893 3037 957 3079; x_wconf 89' lang='lat' dir='ltr'>nam</span> <span class='ocrx_word' id='word_1_223' title='bbox 980 3033 1045 3096; x_wconf 84' lang='lat' dir='ltr'>quae</span> <span class='ocrx_word' id='word_1_224' title='bbox 1068 3019 1175 3080; x_wconf 89' lang='lat' dir='ltr'>affabre</span> <span class='ocrx_word' id='word_1_225' title='bbox 1198 3021 1273 3080; x_wconf 77' lang='lat' dir='ltr'>iada</span> <span class='ocrx_word' id='word_1_226' title='bbox 1296 3019 1381 3094; x_wconf 91' lang='lat' dir='ltr'>sunt,</span> 
     </span>
     <span class='ocr_line' id='line_1_26' title="bbox 194 3127 1380 3208; baseline 0.001 -18"><span class='ocrx_word' id='word_1_227' title='bbox 194 3129 298 3191; x_wconf 92' lang='lat' dir='ltr'>dicunt</span> <span class='ocrx_word' id='word_1_228' title='bbox 335 3146 369 3189; x_wconf 93' lang='lat' dir='ltr'>ea</span> <span class='ocrx_word' id='word_1_229' title='bbox 400 3127 501 3190; x_wconf 88' lang='lat' dir='ltr'>divina</span> <span class='ocrx_word' id='word_1_230' title='bbox 539 3147 626 3190; x_wconf 90' lang='lat' dir='ltr'>manu</span> <span class='ocrx_word' id='word_1_231' title='bbox 664 3127 746 3190; x_wconf 84' lang='lat' dir='ltr'>fuisse</span> <span class='ocrx_word' id='word_1_232' title='bbox 784 3131 941 3205; x_wconf 88' lang='lat' dir='ltr'>fabricata,</span> <span class='ocrx_word' id='word_1_233' title='bbox 972 3132 1054 3207; x_wconf 92' lang='lat' dir='ltr'>quod</span> <span class='ocrx_word' id='word_1_234' title='bbox 1084 3129 1104 3190; x_wconf 86' lang='lat' dir='ltr'>st</span> <span class='ocrx_word' id='word_1_235' title='bbox 1136 3131 1203 3208; x_wconf 90' lang='lat' dir='ltr'>quis</span> <span class='ocrx_word' id='word_1_236' title='bbox 1234 3131 1380 3191; x_wconf 88' lang='lat' dir='ltr'>Hebraico</span> 
     </span>
     <span class='ocr_line' id='line_1_27' title="bbox 194 3239 1379 3318; baseline 0.001 -16"><span class='ocrx_word' id='word_1_237' title='bbox 194 3241 348 3302; x_wconf 85' lang='lat' dir='ltr'>transferte</span> <span class='ocrx_word' id='word_1_238' title='bbox 369 3240 475 3316; x_wconf 90' lang='lat' dir='ltr'>vellet,</span> <span class='ocrx_word' id='word_1_239' title='bbox 495 3241 615 3301; x_wconf 89' lang='lat' dir='ltr'>deberet</span> <span class='ocrx_word' id='word_1_240' title='bbox 636 3239 750 3316; x_wconf 90' lang='lat' dir='ltr'>dicere,</span> <span class='ocrx_word' id='word_1_241' title='bbox 772 3243 869 3302; x_wconf 86' lang='lat' dir='ltr'>Manu</span> <span class='ocrx_word' id='word_1_242' title='bbox 884 3244 943 3303; x_wconf 83' lang='lat' dir='ltr'>Dei</span> <span class='ocrx_word' id='word_1_243' title='bbox 956 3239 1128 3318; x_wconf 76' lang='lat' dir='ltr'>fabricata,</span> <span class='ocrx_word' id='word_1_244' title='bbox 1146 3257 1178 3302; x_wconf 89' lang='lat' dir='ltr'>ut</span> <span class='ocrx_word' id='word_1_245' title='bbox 1197 3241 1379 3303; x_wconf 89' lang='lat' dir='ltr'>Hebraizan-</span> 
     </span>
     <span class='ocr_line' id='line_1_28' title="bbox 194 3353 408 3414; baseline -0.014 0"><span class='ocrx_word' id='word_1_246' title='bbox 194 3353 275 3414; x_wconf 86' lang='lat' dir='ltr'>tibua</span> <span class='ocrx_word' id='word_1_247' title='bbox 295 3367 408 3413; x_wconf 89' lang='lat' dir='ltr'>notum.</span> 
     </span>
    </p>

    <p class='ocr_par' dir='ltr' id='par_1_4' title="bbox 194 3447 1380 3657">
     <span class='ocr_line' id='line_1_29' title="bbox 235 3447 1379 3542; baseline 0 -18"><span class='ocrx_word' id='word_1_248' title='bbox 235 3464 291 3525; x_wconf 90' lang='lat' dir='ltr'>His</span> <span class='ocrx_word' id='word_1_249' title='bbox 316 3463 417 3540; x_wconf 88' lang='lat' dir='ltr'>itaque</span> <span class='ocrx_word' id='word_1_250' title='bbox 445 3464 527 3524; x_wconf 89' lang='lat' dir='ltr'>Loca</span> <span class='ocrx_word' id='word_1_251' title='bbox 547 3462 725 3542; x_wconf 76' lang='lat' dir='ltr'>Scriptura,</span> <span class='ocrx_word' id='word_1_252' title='bbox 746 3465 775 3526; x_wconf 93' lang='lat' dir='ltr'>in</span> <span class='ocrx_word' id='word_1_253' title='bbox 798 3465 905 3542; x_wconf 89' lang='lat' dir='ltr'>quibus</span> <span class='ocrx_word' id='word_1_254' title='bbox 927 3468 963 3527; x_wconf 94' lang='lat' dir='ltr'>de</span> <span class='ocrx_word' id='word_1_255' title='bbox 984 3447 1041 3525; x_wconf 81' lang='lat' dir='ltr'>Dei</span> <span class='ocrx_word' id='word_1_256' title='bbox 1062 3463 1173 3540; x_wconf 86' lang='lat' dir='ltr'>Spiritu</span> <span class='ocrx_word' id='word_1_257' title='bbox 1194 3463 1226 3523; x_wconf 90' lang='lat' dir='ltr'>fit</span> <span class='ocrx_word' id='word_1_258' title='bbox 1247 3463 1379 3538; x_wconf 92' lang='lat' dir='ltr'>mentio,</span> 
     </span>
     <span class='ocr_line' id='line_1_30' title="bbox 194 3566 1380 3657; baseline -0.001 -21"><span class='ocrx_word' id='word_1_259' title='bbox 194 3575 278 3638; x_wconf 87' lang='lat' dir='ltr'>facile</span> <span class='ocrx_word' id='word_1_260' title='bbox 299 3575 422 3654; x_wconf 82' lang='lat' dir='ltr'>intelligi</span> <span class='ocrx_word' id='word_1_261' title='bbox 443 3591 473 3636; x_wconf 89' lang='lat' dir='ltr'>et</span> <span class='ocrx_word' id='word_1_262' title='bbox 494 3575 632 3651; x_wconf 87' lang='lat' dir='ltr'>explicari</span> <span class='ocrx_word' id='word_1_263' title='bbox 652 3576 782 3652; x_wconf 80' lang='lat' dir='ltr'>possunt.</span> <span class='ocrx_word' id='word_1_264' title='bbox 811 3580 927 3653; x_wconf 89' lang='lat' dir='ltr'>Nempe</span> <span class='ocrx_word' id='word_1_265' title='bbox 954 3566 1061 3651; x_wconf 52' lang='grc' dir='ltr'>ιιι-,5η</span> <span class='ocrx_word' id='word_1_266' title='bbox 1086 3592 1148 3649; x_wconf 70' lang='grc' dir='ltr'>ιιι-ι</span> <span class='ocrx_word' id='word_1_267' title='bbox 1171 3579 1299 3657; x_wconf 81' lang='lat' dir='ltr'>Spiritus</span> <span class='ocrx_word' id='word_1_268' title='bbox 1320 3579 1380 3638; x_wconf 85' lang='lat' dir='ltr'>Dei</span> 
     </span>
    </p>
   </div>
   <div class='ocr_carea' id='block_1_3' title="bbox 195 3689 1465 3773">
    <p class='ocr_par' dir='ltr' id='par_1_5' title="bbox 195 3689 1465 3773">
     <span class='ocr_line' id='line_1_31' title="bbox 195 3689 1465 3773; baseline 0.008 -28"><span class='ocrx_word' id='word_1_269' title='bbox 195 3711 225 3756; x_wconf 75' lang='lat' dir='ltr'>et</span> <span class='ocrx_word' id='word_1_270' title='bbox 246 3710 323 3768; x_wconf 48' lang='lat' dir='ltr'>fles-,s</span> <span class='ocrx_word' id='word_1_271' title='bbox 346 3709 409 3766; x_wconf 67' lang='lat' dir='ltr'>rm</span> <span class='ocrx_word' id='word_1_272' title='bbox 429 3693 557 3771; x_wconf 79' lang='lat' dir='ltr'>Spirt‘tus</span> <span class='ocrx_word' id='word_1_273' title='bbox 576 3689 687 3760; x_wconf 82' lang='lat' dir='ltr'>Jeltova</span> <span class='ocrx_word' id='word_1_274' title='bbox 708 3691 881 3768; x_wconf 89' lang='lat' dir='ltr'>quibusdam</span> <span class='ocrx_word' id='word_1_275' title='bbox 903 3693 932 3754; x_wconf 92' lang='lat' dir='ltr'>in</span> <span class='ocrx_word' id='word_1_276' title='bbox 952 3693 1027 3754; x_wconf 90' lang='lat' dir='ltr'>locis</span> <span class='ocrx_word' id='word_1_277' title='bbox 1047 3692 1119 3754; x_wconf 88' lang='lat' dir='ltr'>nihil</span> <span class='ocrx_word' id='word_1_278' title='bbox 1140 3693 1218 3755; x_wconf 89' lang='lat' dir='ltr'>aliud</span> <span class='ocrx_word' id='word_1_279' title='bbox 1236 3692 1378 3773; x_wconf 86' lang='lat' dir='ltr'>fignificat</span> <span class='ocrx_word' id='word_1_280' title='bbox 1457 3753 1465 3770; x_wconf 88' lang='grc'>,</span> 
     </span>
    </p>
   </div>
   <div class='ocr_carea' id='block_1_4' title="bbox 193 3806 1377 4001">
    <p class='ocr_par' dir='ltr' id='par_1_6' title="bbox 193 3806 1377 4001">
     <span class='ocr_line' id='line_1_32' title="bbox 195 3806 1377 3886; baseline -0.004 -15"><span class='ocrx_word' id='word_1_281' title='bbox 195 3829 281 3886; x_wconf 90' lang='lat' dir='ltr'>quam</span> <span class='ocrx_word' id='word_1_282' title='bbox 302 3826 423 3872; x_wconf 90' lang='lat' dir='ltr'>ventum</span> <span class='ocrx_word' id='word_1_283' title='bbox 444 3808 737 3884; x_wconf 85' lang='lat' dir='ltr'>vehementiffimum,</span> <span class='ocrx_word' id='word_1_284' title='bbox 758 3806 949 3884; x_wconf 86' lang='lat' dir='ltr'>srcciffimum,</span> <span class='ocrx_word' id='word_1_285' title='bbox 972 3825 1002 3870; x_wconf 92' lang='lat' dir='ltr'>et</span> <span class='ocrx_word' id='word_1_286' title='bbox 1023 3809 1157 3882; x_wconf 89' lang='lat' dir='ltr'>fatalem,</span> <span class='ocrx_word' id='word_1_287' title='bbox 1178 3822 1212 3869; x_wconf 90' lang='lat' dir='ltr'>ut</span> <span class='ocrx_word' id='word_1_288' title='bbox 1233 3808 1261 3867; x_wconf 91' lang='lat' dir='ltr'>in</span> <span class='ocrx_word' id='word_1_289' title='bbox 1284 3807 1377 3867; x_wconf 78' lang='lat' dir='ltr'>Esaia</span> 
     </span>
     <span class='ocr_line' id='line_1_33' title="bbox 193 3919 1377 4001; baseline -0.006 -17"><span class='ocrx_word' id='word_1_290' title='bbox 193 3941 256 3998; x_wconf 89' lang='lat' dir='ltr'>cap.</span> <span class='ocrx_word' id='word_1_291' title='bbox 276 3938 326 4001; x_wconf 87' lang='lat'>40.</span> <span class='ocrx_word' id='word_1_292' title='bbox 347 3921 388 3984; x_wconf 88' lang='lat' dir='ltr'>vs.</span> <span class='ocrx_word' id='word_1_293' title='bbox 410 3935 438 3996; x_wconf 81' lang='lat'>7.</span> <span class='ocrx_word' id='word_1_294' title='bbox 461 3919 823 3997; x_wconf 59' lang='lat' dir='ltr'>t2*),a2m1,·,ffitma,</span> <span class='ocrx_word' id='word_1_295' title='bbox 853 3927 953 3980; x_wconf 78' lang='lat' dir='ltr'>ventus</span> <span class='ocrx_word' id='word_1_296' title='bbox 980 3919 1096 3989; x_wconf 79' lang='lat' dir='ltr'>Jeltova</span> <span class='ocrx_word' id='word_1_297' title='bbox 1119 3921 1212 3996; x_wconf 61' lang='lat' dir='ltr'>florii!</span> <span class='ocrx_word' id='word_1_298' title='bbox 1235 3923 1266 3978; x_wconf 79' lang='lat' dir='ltr'>in</span> <span class='ocrx_word' id='word_1_299' title='bbox 1294 3939 1377 3996; x_wconf 85' lang='lat' dir='ltr'>eunt,</span> 
     </span>
    </p>
   </div>
   <div class='ocr_carea' id='block_1_5' title="bbox 197 4103 472 4119">
    <p class='ocr_par' dir='ltr' id='par_1_7' title="bbox 197 4103 472 4119">
     <span class='ocr_line' id='line_1_34' title="bbox 197 4103 472 4119; baseline 0 -1"><span class='ocrx_word' id='word_1_300' title='bbox 197 4103 472 4119; x_wconf 54' lang='lat' dir='ltr'><em>w</em></span> 
     </span>
    </p>
   </div>
   <div class='ocr_carea' id='block_1_6' title="bbox 225 4235 528 4293">
    <p class='ocr_par' dir='ltr' id='par_1_8' title="bbox 225 4235 528 4293">
     <span class='ocr_line' id='line_1_35' title="bbox 225 4235 528 4293; baseline -0.033 -7"><span class='ocrx_word' id='word_1_301' title='bbox 225 4243 238 4268; x_wconf 82' lang='lat'>⁴</span> <span class='ocrx_word' id='word_1_302' title='bbox 272 4237 319 4286; x_wconf 79' lang='lat' dir='ltr'>Ed.</span> <span class='ocrx_word' id='word_1_303' title='bbox 336 4237 393 4285; x_wconf 65' lang='grc' dir='ltr'>ΡΜ</span> <span class='ocrx_word' id='word_1_304' title='bbox 411 4235 528 4293; x_wconf 65' lang='lat' dir='ltr'>mom.</span> 
     </span>
    </p>
   </div>
   <div class='ocr_carea' id='block_1_7' title="bbox 1415 3869 1431 3906">
    <p class='ocr_par' dir='ltr' id='par_1_9' title="bbox 1415 3869 1431 3906">
     <span class='ocr_line' id='line_1_36' title="bbox 1415 3869 1431 3906; baseline 0 0"><span class='ocrx_word' id='word_1_305' title='bbox 1415 3869 1431 3906; x_wconf 65' lang='grc' dir='ltr'>ἱ</span> 
     </span>
    </p>
   </div>
   <div class='ocr_carea' id='block_1_8' title="bbox 0 0 1472 4900">
    <p class='ocr_par' dir='ltr' id='par_1_10' title="bbox 0 0 1472 4900">
     <span class='ocr_line' id='line_1_37' title="bbox 0 0 1472 4900; baseline 0 5"><span class='ocrx_word' id='word_1_306' title='bbox 0 0 1472 4900; x_wconf 95' lang='lat' dir='ltr'> </span> 
     </span>
    </p>
   </div>
  </div>
 </body>
</html>
