2934 4900
219 362 255 425 18
631 360 686 421 De
717 358 985 423 Intellectus

214 540 300 599 ralcm
330 534 511 599 existentiam
541 532 696 610 concipere
727 531 869 611 velimus,
899 534 976 595 idem
1003 534 1134 597 futurum
1161 534 1213 613 lit,
1239 552 1274 597 ac
1301 532 1341 611 ll,
1362 534 1401 597 ad

214 647 436 725 concipiendam
457 646 545 723 ipliua
562 642 726 723 essentiam,
752 648 789 707 ad
809 662 940 709 naturam
960 645 1038 708 entia
1057 649 1258 723 attendamur,
1276 663 1312 709 ut
1331 662 1401 708 tam-

215 764 279 823 dem
299 759 488 836 definiamus,
519 760 663 821 Adamum
684 756 739 819 else
760 776 823 819 ena.
858 758 961 835 ltaque
981 775 1043 835 quo
1063 757 1215 823 existentia
1235 758 1401 837 generalius

214 872 398 951 concipitur,
425 890 462 935 eo
488 871 575 933 etiam
604 869 754 933 confuiirm
781 868 965 947 concipitur,
985 868 1157 947 faciliusque
1177 868 1337 947 unicuique
1358 870 1403 932 rci

215 989 312 1068 potest
337 986 452 1067 affingi:
481 1002 619 1061 econtra,
646 983 697 1047 ubi
718 984 921 1062 particularius
940 982 1125 1060 concipitur,
1144 982 1249 1045 clarius
1270 998 1332 1047 tum
1354 982 1402 1043 ia·

215 1101 369 1181 telligitur,
396 1116 427 1162 et
454 1098 602 1161 difficilius
629 1096 735 1174 alicui,
762 1096 815 1158 nifi
841 1096 883 1158 rei
911 1096 981 1172 ipli,
1009 1096 1060 1159 ubi
1081 1114 1142 1158 non
1163 1095 1341 1158 attendimus
1363 1098 1403 1157 ad

214 1229 324 1276 naturae
346 1212 493 1289 ordinem,
514 1210 672 1289 affingitur.
712 1210 805 1292 Quod
824 1223 931 1271 notatu
950 1208 1069 1288 dignum
1090 1208 1141 1270 est.

254 1324 388 1386 Veniunt
403 1322 463 1401 jam
482 1321 532 1384 hic
552 1341 586 1384 ea
606 1320 912 1397 consideratumque
929 1321 1021 1399 vulgo
1038 1318 1176 1382 dicuntur
1191 1320 1278 1400 fingi,
1295 1339 1401 1397 quam-

215 1436 262 1499 vis
289 1436 362 1497 clare
390 1433 600 1515 intelligamus,
627 1451 685 1495 rem
713 1431 755 1493 ita
782 1431 842 1493 sese
870 1450 931 1493 non
957 1432 1078 1510 habere,
1106 1431 1150 1494 uti
1170 1451 1233 1494 eam
1253 1433 1403 1513 dommus.

214 1548 271 1610 Ex.
299 1566 339 1628 gr.
367 1545 502 1624 quamvis
529 1546 615 1609 sciam
646 1562 749 1607 terram
781 1544 836 1607 effe
855 1536 1039 1623 'rotundam,
1069 1544 1142 1606 nihil
1172 1560 1268 1607 tamen
1299 1560 1404 1620 vetat,

215 1658 372 1737 quominus
402 1658 488 1721 alicui
519 1657 613 1721 dicam
644 1672 747 1719 terram
784 1655 910 1719 medium
944 1658 1064 1736 globum
1094 1656 1169 1733 elie,
1199 1672 1230 1719 et
1260 1674 1402 1735 tanquam

215 1771 341 1835 medium
371 1788 490 1847 pomum
510 1769 657 1833 euriacum
684 1768 714 1831 in
741 1768 860 1831 scutella
871 1814 882 1845 ,
901 1783 954 1831 aut
974 1768 1062 1831 solem
1083 1768 1191 1832 circum
1213 1786 1315 1831 terram
1334 1788 1401 1832 mo-

216 1883 294 1960 veri,
314 1900 345 1945 et
366 1882 473 1945 similia.
513 1884 563 1944 Ad
583 1882 646 1943 lraec
666 1880 687 1941 sr
708 1883 910 1957 attendamur,
930 1880 1003 1943 nihii
1033 1880 1216 1958 videbimus,
1235 1884 1318 1959 quod
1338 1901 1403 1944 non

216 1995 361 2057 colraereat
391 2013 456 2057 cum
483 1994 541 2072 jam
572 1994 675 2070 aluis,
704 1996 796 2056 modo
826 1992 907 2071 priua
938 1995 1137 2070 advertamus,
1163 2013 1220 2056 nos
1240 1994 1403 2071 aliquando

217 2106 341 2184 potuiile
361 2126 473 2184 enare,
493 2123 523 2170 et
540 2107 600 2185 iam
621 2124 748 2171 erronum
768 2106 931 2170 nostrorum
951 2107 1006 2169 elie
1023 2107 1173 2184 conscios;
1190 2107 1296 2170 deinde
1315 2110 1403 2184 quod

217 2216 364 2295 poss'umua
391 2220 514 2300 lingere,
541 2234 592 2281 aut
619 2222 656 2281 ad
684 2218 833 2282 minimum
853 2236 956 2296 putare
967 2263 977 2296 ,
996 2218 1070 2281 alioa
1089 2218 1225 2281 homines
1244 2219 1275 2280 in
1295 2222 1403 2280 eodem

216 2328 271 2393 elle
291 2348 404 2409 errore,
432 2347 483 2393 aut
511 2331 540 2392 in
562 2348 649 2409 eum,
670 2348 703 2394 ut
723 2350 780 2393 noa
800 2332 944 2410 antehac,
965 2330 1045 2408 polle
1065 2330 1202 2394 incidere.
1243 2332 1332 2407 Hoc,
1353 2330 1401 2392 iu-

216 2461 319 2520 quam,
349 2443 456 2523 lingere
487 2441 651 2521 poffumua,
681 2443 821 2524 quamdiu
851 2445 957 2507 nullam
988 2442 1123 2507 videmus
1142 2442 1400 2521 impodibilitatem

215 2553 379 2632 nullamque
409 2555 617 2617 nereditatem:
649 2559 768 2632 quando
799 2555 900 2633 itaque
920 2538 1008 2618 alicui
1029 2555 1116 2633 dico,
1136 2571 1239 2617 terram
1260 2573 1321 2616 non
1342 2553 1401 2616 cffc

216 2667 388 2744 rotundam,
408 2680 476 2743 etc„
493 2666 565 2729 nilril
585 2666 664 2730 aliud
685 2685 759 2747 ago,
776 2686 863 2745 quam
884 2667 914 2728 in
935 2667 1100 2729 memoriam
1121 2685 1234 2730 revoco
1254 2683 1402 2741 errorem,

216 2795 302 2854 quern
333 2777 410 2838 forte
440 2777 547 2854 habui,
578 2794 629 2840 aut
659 2777 689 2840 in
721 2797 808 2856 quem
837 2779 896 2841 labi
924 2779 1026 2856 potui,
1054 2795 1085 2841 et
1105 2779 1206 2856 postea
1237 2780 1317 2859 lingo
1348 2795 1404 2841 aut

217 2903 292 2964 puro
302 2931 313 2965 ,
333 2907 415 2965 eum,
435 2888 484 2950 cui
504 2889 562 2950 hoc
589 2889 675 2966 dico,
695 2890 791 2952 adhuc
811 2889 886 2968 elie,
907 2907 959 2953 aut
979 2890 1058 2968 polle
1078 2891 1137 2953 labi
1157 2890 1187 2953 in
1209 2894 1333 2954 cundem
1355 2910 1404 2952 cr·

216 3016 319 3060 rorem.
360 3000 468 3082 Quod,
494 3016 530 3061 ut
556 3000 635 3078 dixi,
662 3002 759 3082 lingo,
787 3001 927 3080 quamdiu
953 3004 1059 3065 nullam
1080 3003 1170 3066 video
1190 3003 1404 3079 impollibilita·

217 3124 275 3169 tem
303 3108 467 3186 nullamque
488 3111 694 3172 matellicatern:
716 3112 791 3173 hamc
812 3131 884 3176 vero
905 3111 926 3174 li
946 3112 1161 3192 intellcniiiem,
1185 3115 1258 3177 nihil
1281 3114 1403 3192 prorsus

216 3218 323 3299 lingere
351 3219 521 3299 potuillem,
548 3236 579 3283 et
606 3238 718 3286 tantum
740 3223 895 3289 dicendum
916 3223 1029 3304 ruisset,
1050 3247 1095 3288 me
1115 3227 1226 3305 aliquid
1246 3244 1403 3304 operatum

216 3330 280 3392 elle.

257 3442 389 3519 superest
412 3443 490 3522 jam,
516 3461 551 3508 ut
579 3465 612 3509 ea
639 3447 726 3510 ctiam
748 3464 900 3520 notemus.
922 3469 987 3527 quae
1008 3451 1038 3519 in
1059 3451 1271 3529 quaestionibus
1291 3450 1403 3527 suppo·

217 3571 342 3633 nuatum
369 3555 400 3618 id
427 3560 509 3634 quod
536 3559 632 3634 pallim
658 3559 746 3622 ctiam
774 3561 921 3642 contingit
948 3561 1023 3624 circa
1051 3561 1241 3639 impollibilia.
1280 3561 1339 3624 Ex.
1359 3581 1406 3642 gr,

218 3683 308 3743 quum
329 3666 462 3730 dicimus:
482 3668 680 3746 supponantur
701 3671 776 3734 hanc
798 3675 944 3736 candelam
966 3677 1113 3736 ardentem
1129 3675 1189 3752 jam
1210 3693 1272 3738 non
1292 3677 1407 3750 ardere,

218 3793 269 3839 aut
300 3777 496 3855 supponamus
526 3799 587 3844 earn
618 3785 716 3846 ardere
747 3782 778 3844 in
809 3783 909 3862 aliquo
940 3784 1035 3862 spatio
1063 3786 1249 3867 imaginario,
1269 3785 1328 3849 srve
1349 3785 1404 3847 ubi

218 3889 295 3951 nulla
316 3892 423 3954 dautur
442 3911 581 3970 corpora:
602 3913 726 3972 quorum
737 3895 836 3958 fimilia
847 3899 942 3973 pallim
954 3896 1174 3975 supponuntur,
1192 3897 1327 3975 quamvis
1342 3897 1405 3958 hoc

219 4001 351 4064 ultimum
381 4005 454 4066 clare
486 4003 664 4085 intelligatur
694 4006 863 4083 impollibile
894 4008 965 4084 elle;
996 4011 1046 4070 sed
1067 4011 1186 4086 quando
1207 4009 1265 4070 hoc
1286 4010 1341 4084 lit,
1360 4009 1406 4070 nil

219 4113 334 4190 prorsus
364 4115 492 4195 lingitur.
532 4117 607 4178 Nam
646 4119 741 4196 primo
777 4119 850 4180 nihil
887 4120 966 4183 aliud
995 4120 1059 4200 egi,
1090 4139 1177 4198 quam
1207 4125 1290 4198 quod
1325 4125 1335 4162 ¹
1370 4121 1403 4182 in

255 4361 263 4388 ⁸
301 4353 388 4405 Pollca
412 4369 469 4406 cunr
495 4356 526 4407 de
554 4353 672 4417 fidiora,
698 4373 757 4421 quae
784 4357 896 4409 uersatur
922 4359 988 4410 circa
1013 4358 1403 4424 effinalm,1oqaenur‚clme
