2934 4900
363 320 419 383 De
459 319 689 381 Libertate
729 316 920 382 Humana.
1170 330 1228 397 255

56 510 159 569 quara,
185 492 333 571 sequiuu,
359 494 391 556 id
418 513 503 556 omne
530 496 605 556 clare
632 512 664 557 et
690 496 821 559 dillinsie
841 496 1028 577 intelligimus
1049 498 1121 577 (per
1140 500 1229 579 Prop.

55 623 100 683 qm
119 619 148 685 p.
169 607 231 686 n);
250 606 319 667 hinc
340 606 487 685 sequitur,
505 626 740 685 unumquemque
761 609 935 685 potestatem
955 610 1078 684 habete,
1099 608 1126 670 se
1147 610 1230 671 suos·

56 738 109 794 que
135 720 275 795 effecius,
300 718 322 781 li
350 738 411 783 non
438 720 588 797 absolute,
609 736 749 798 exparte
770 720 867 783 saitem
889 722 963 783 clare
984 736 1015 783 et
1035 721 1165 785 distincte
1186 721 1229 783 in·

56 832 217 911 telligendi,
244 849 275 894 et
302 832 515 909 consequenter
542 832 703 911 efficiendi,
731 849 765 895 ut
794 835 829 893 ab
857 832 956 896 iisdem
977 832 1072 895 minus
1092 833 1231 909 patiatur.

58 946 130 1005 Huic
151 945 243 1024 igitur
262 947 305 1007 rei
326 946 472 1023 precipue
494 948 588 1008 danda
608 947 648 1007 est
669 962 818 1023 opera,ut
830 965 1066 1024 unumquemque
1084 948 1233 1022 affectum,

57 1073 193 1132 quantum
212 1058 275 1119 fieri
295 1058 408 1135 potest,
429 1059 503 1120 clare
523 1075 554 1119 et
575 1055 705 1121 dillintle
726 1057 952 1138 cognoscamus3
974 1074 1008 1121 ut
1028 1058 1066 1119 fic
1086 1060 1174 1119 Mens
1195 1078 1232 1118 ex

58 1168 157 1230 affestu
184 1172 224 1230 ad
249 1168 298 1230 illa
325 1169 514 1248 cogitandum
535 1171 761 1246 determinetur,
782 1188 847 1248 quae
868 1171 942 1233 clare
964 1186 994 1231 et
1015 1168 1146 1232 distinsle
1167 1188 1232 1245 per·

58 1278 139 1355 cipit,
166 1296 198 1341 et
225 1280 256 1341 in
284 1281 393 1358 quibus
413 1284 498 1357 plane
519 1281 694 1359 acquiescit;
714 1298 803 1359 atque
826 1285 917 1357 adeo,
938 1296 972 1343 ut
993 1278 1053 1358 ipse
1075 1282 1194 1344 assedus
1216 1301 1232 1342 a

58 1392 234 1469 cogitatione
251 1392 345 1453 cause
363 1408 491 1454 externe
508 1392 670 1469 separetur,
687 1409 718 1453 et
736 1392 813 1455 ueris
827 1392 968 1473 jungatur
985 1392 1233 1473 cogitationibus;

57 1522 90 1562 er
114 1522 175 1580 quo
201 1506 272 1580 siet,
297 1520 332 1567 ut
359 1523 422 1567 non
449 1522 564 1567 tantum
593 1507 701 1581 Amor,
729 1504 854 1579 Odium,
876 1521 934 1567 etc.
956 1505 1139 1567 destruantur
1160 1506 1231 1584 (per

59 1617 139 1695 Prop.
159 1635 189 1677 2.
210 1616 331 1697 hujus),
360 1618 409 1679 sed
440 1633 474 1679 ut
505 1618 592 1679 etiam
622 1616 773 1694 appetitus
800 1618 850 1679 seu
877 1616 1081 1694 Cupiditates,
1110 1636 1175 1694 quae
1196 1637 1233 1678 ex

59 1726 103 1786 tali
129 1729 238 1790 affeetu
265 1728 336 1789 oriri
363 1728 477 1806 solent,
498 1728 641 1791 excelsum
662 1729 768 1795 habere
790 1745 938 1807 nequeant
959 1730 1030 1809 (per
1050 1730 1138 1808 Prop.
1158 1730 1235 1789 σι*

55 1852 83 1915 p.
101 1841 153 1919 4).
193 1842 272 1902 Nam
300 1842 430 1919 apprime
456 1845 619 1903 notandum
646 1842 706 1917 est,
727 1861 817 1903 unum
838 1846 1020 1921 eundemque
1042 1842 1097 1903 esse
1119 1842 1234 1919 appen-

59 1966 131 2027 tum,
157 1971 213 2029 per
240 1972 326 2030 quem
355 1955 445 2016 homo
473 1971 532 2016 tam
558 1972 642 2033 agere
670 1974 756 2032 quarn
784 1956 846 2031 pati
873 1956 989 2017 dicitur.
1029 1957 1085 2017 Ex.
1106 1975 1148 2035 gr.
1169 1973 1235 2017 cum

59 2080 153 2123 natura
184 2066 313 2126 humana
342 2064 386 2125 ita
416 2081 615 2143 comparatum
646 2066 701 2127 csse
732 2067 929 2144 ostendimus,
967 2083 1000 2128 ut
1039 2066 1235 2144 unusquisque

61 2191 193 2251 appetat,
217 2193 251 2238 ut
271 2177 377 2254 reliqui
396 2196 434 2241 et
455 2177 543 2253 ipsius
564 2178 683 2256 ingenio
705 2177 809 2243 vivant
832 2180 912 2257 (vide
932 2178 1022 2241 Schol.
1034 2182 1065 2215 **
1085 2183 1175 2260 Prop.
1187 2198 1234 2256 gr.

55 2300 83 2365 p.
104 2291 162 2369 3.);
190 2290 244 2368 qui
272 2288 390 2367 quidem
419 2289 570 2366 appetitus
591 2290 620 2350 in
641 2290 778 2366 homine,
798 2291 849 2367 qui
872 2291 1000 2353 Ratione
1021 2310 1081 2353 non
1102 2292 1236 2365 ducitur,

61 2404 140 2476 passio
162 2404 221 2480 est,
243 2422 308 2483 quae
329 2402 464 2465 Ambitio
484 2418 625 2480 vocatur,
657 2422 710 2465 nec
732 2404 854 2466 multum
876 2423 891 2466 a
913 2404 1052 2482 Superbia
1074 2403 1235 2480 discrepat3

59 2530 83 2572 ct
111 2533 216 2577 contra
247 2515 277 2576 in
307 2516 442 2592 homine,
472 2515 524 2591 qui
556 2534 592 2575 cx
625 2515 763 2576 Rationis
792 2517 945 2579 dictamine
973 2517 1066 2592 vivit,
1087 2516 1163 2579 assio
1185 2516 1234 2577 seu

61 2626 144 2688 virtus
176 2627 237 2703 en,
258 2645 323 2704 quae
344 2627 442 2689 Pietas
462 2629 625 2704 appellatur
653 2626 734 2705 (vide
754 2627 844 2689 Schol.
870 2645 894 2689 1.
915 2630 1003 2706 Prop.
1025 2643 1073 2704 37.
1089 2641 1121 2708 p.
1141 2649 1187 2708 4.,
1208 2641 1234 2687 et

60 2756 83 2797 2.
100 2741 294 2818 Demonstrat.
321 2742 445 2819 ejusdem
472 2741 587 2820 Prop.).
627 2739 667 2800 Et
695 2742 754 2800 hoc
782 2742 870 2802 modo
892 2759 993 2801 omnes
1014 2741 1164 2816 appetitus
1185 2741 1235 2802 seu

59 2851 241 2927 Cupiditates
262 2867 384 2913 eatenus
405 2867 519 2913 tantum
541 2854 683 2928 passiones
704 2852 787 2927 sunt,
809 2868 954 2928 quatenus
975 2871 1012 2912 ex
1033 2851 1106 2914 ideis
1127 2853 1234 2913 inade-

60 2965 149 3038 quatis
177 2943 330 3042 oriu'ntur;
360 2979 449 3042 atque
478 2967 587 3026 eaedem
614 2963 719 3028 virtuti
741 2965 946 3041 accensentur,
966 2969 1085 3042 quando
1107 2968 1142 3025 ab
1164 2965 1237 3026 ideis

61 3074 216 3152 adequatis
237 3076 405 3137 excitantur
424 3077 473 3139 vel
494 3092 677 3155 generantur.
697 3079 774 3137 Nam
795 3095 896 3138 omnes
916 3075 1237 3154 Cupiditates,quibus

61 3189 92 3246 ad
117 3187 229 3266 aliquid
258 3191 402 3267 agendum
430 3188 668 3266 determinantur,
696 3206 756 3251 tant
784 3188 851 3250 oriri
880 3187 997 3265 possunt
1019 3191 1054 3250 ab
1076 3187 1237 3265 adaequatis

62 3317 137 3372 quam
158 3303 197 3362 ab
218 3299 412 3377 inadequatis
432 3299 506 3361 ideis
527 3299 608 3378 (vide
627 3302 717 3379 Prop.
728 3313 776 3378 59.
794 3313 826 3380 p
837 3302 892 3379 4.).
912 3303 1013 3377 Atque
1034 3301 1090 3360 hoc
1112 3301 1160 3379 (ut
1182 3318 1237 3376 eo,

63 3414 131 3472 unde
161 3411 303 3490 digressus
333 3410 411 3486 sum,
442 3413 584 3491 reuertar)
617 3409 771 3483 affestuunt
802 3411 947 3487 remedio,
975 3413 1056 3488 quod
1076 3411 1185 3472 scilicet
1206 3411 1235 3472 in

63 3539 152 3586 comm
183 3542 254 3587 vera
285 3523 457 3603 cognitione
487 3522 633 3598 consistit,
660 3524 770 3586 nullutn
799 3523 981 3598 praestantius
1002 3523 1097 3601 aliud,
1118 3525 1235 3600 quoda

64 3635 148 3696 nostra
169 3635 318 3714 potestate
339 3637 482 3711 pendeat,
503 3634 665 3714 excogitari
686 3633 803 3710 potest,
824 3634 1061 3710 quandoquidem
1084 3635 1161 3696 nulla
1182 3633 1236 3696 alia

64 3744 166 3810 Mentis
186 3747 323 3824 potentia
343 3749 446 3823 datur,
466 3765 552 3823 quam
573 3744 724 3824 cogitandi
745 3759 774 3806 et
797 3747 963 3822 adaequatae
982 3746 1061 3807 ideas
1079 3745 1237 3822 formandi,

66 3870 91 3912 ut
111 3858 194 3934 supra
216 3857 288 3938 (per
306 3859 395 3936 Prop.
417 3875 444 3933 3.
464 3871 495 3936 p.
517 3859 561 3936 3.)
582 3856 769 3918 ostendinus.

70 4114 337 4129 ψ

95 4233 106 4258 ⁸
138 4226 264 4291 Schmidt,
277 4229 382 4280 llruder.
399 4257 433 4267 -
449 4227 497 4281 Ed.
514 4229 568 4282 Pu:
585 4225 628 4281 62.

95 4327 120 4358 ⁰
153 4327 279 4389 Scltrnidt,
297 4329 444 4380 Auerbacltt
465 4327 561 4379 Coroll.
