2934 4900
241 320 298 387 174
655 306 836 371 Ethices
863 308 931 373 Pars
952 309 1003 372 ill.

236 484 295 548 hoc
326 484 385 561 est,
416 486 497 549 alius
528 504 590 564 quo
610 485 739 549 hominis
761 486 865 566 agendi
885 486 1021 564 potentia
1043 487 1184 551 minuitur
1203 489 1253 549 vel
1272 502 1425 549 coercetur

235 596 317 675 (vide
335 596 428 659 Schol.
447 600 537 679 Prop.
561 615 607 661 rr.
628 598 740 678 hujus).
761 598 909 661 Caeterum
935 599 1122 661 definitiones
1140 600 1317 677 Hilarltatis,
1335 601 1422 661 Titil-

232 711 370 788 lationit,
389 712 612 788 Melancholiae,
632 728 663 773 et
680 713 801 773 Doloris
820 712 947 788 omitto,
964 712 1033 790 quia
1053 714 1089 774 ad
1107 711 1225 790 Corpus
1243 711 1423 789 potissimum

234 822 414 903 referuntur,
435 838 466 885 et
485 842 547 887 non
567 822 620 886 nifi
639 824 767 887 Laetitiae
791 840 841 887 aut
862 823 1001 887 Tristitiae
1022 823 1088 887 sunt
1111 824 1232 903 species.

802 1000 854 1061 lv.

273 1126 440 1187 Admiratio
461 1126 502 1189 est
522 1128 565 1189 rei
585 1126 710 1206 alicujus
730 1128 918 1209 imaginatio,
938 1128 970 1190 in
992 1148 1049 1205 qua
1071 1130 1161 1191 Mens
1182 1130 1278 1191 delixa
1299 1146 1421 1207 propte-

232 1255 280 1299 rea
301 1254 413 1314 manet,
435 1239 503 1317 quia
523 1239 586 1302 haec
606 1240 755 1320 fingularis
776 1240 947 1321 imaginatio
969 1243 1076 1303 nullam
1097 1260 1163 1303 cum
1185 1242 1305 1320 reliquis
1333 1242 1421 1303 habet

234 1352 459 1414 connexionem.
492 1354 567 1414 Vide
585 1354 675 1434 Prop.
696 1366 745 1429 52.
766 1352 852 1429 hujus
873 1372 935 1414 cum
954 1354 1078 1433 ejusdem
1097 1352 1188 1415 ScltoI.

673 1530 983 1576 nxnnrcnnlo.

272 1648 306 1708 ln
335 1647 457 1710 Scholio
488 1647 702 1724 Proposrtionis
737 1648 781 1709 18.
813 1648 908 1709 Partis
939 1666 966 1709 o.
1000 1648 1195 1725 ostendimus,
1226 1666 1360 1725 quaenam
1390 1648 1423 1709 fit

233 1757 335 1833 causa,
365 1777 417 1819 cur
447 1759 535 1820 Mens
562 1778 599 1819 ex
625 1758 876 1836 contemplatione
897 1759 985 1821 unius
1007 1759 1047 1820 rei
1069 1759 1164 1821 statim
1186 1758 1216 1820 in
1239 1760 1361 1821 alterius
1382 1760 1421 1821 rei

233 1870 444 1949 cogitationem
476 1870 603 1947 incidat,
633 1870 772 1933 videlicet
803 1872 871 1948 qnia
901 1890 998 1933 earum
1019 1890 1112 1933 rerum
1134 1870 1273 1951 imagines
1294 1870 1422 1934 invicem

232 1996 433 2043 concatenatae
464 1997 495 2043 et
525 1982 566 2043 ita
599 1984 742 2045 ordinatae
773 1982 858 2060 sunt,
891 2000 924 2045 ut
955 1984 1010 2045 alia
1042 1984 1125 2045 aliam
1154 1984 1308 2060 sequatur3
1338 1986 1420 2060 quod

233 2094 350 2170 quidem
382 2095 500 2172 concipi
530 2096 650 2173 nequir,
682 2100 802 2173 quando
834 2096 875 2157 rei
906 2097 1002 2175 imago
1031 2112 1111 2157 nova
1131 2095 1189 2171 eli,
1209 2094 1259 2156 sed
1280 2095 1370 2157 Mens
1391 2096 1420 2155 in

230 2204 358 2283 ejusdem
378 2207 419 2268 rei
440 2208 691 2284 contemplatione
712 2208 911 2286 detinebitur,
934 2210 1029 2270 donec
1053 2210 1089 2267 ab
1110 2208 1174 2268 aliis
1195 2206 1287 2268 caulis
1308 2209 1418 2268 adalia

231 2318 420 2397 cogitandum
451 2320 668 2382 determinetur.
700 2321 758 2382 Rei
791 2320 893 2398 itaque
920 2339 1007 2383 novae
1030 2319 1200 2399 imaginatio
1222 2320 1251 2381 in
1273 2318 1303 2381 se
1324 2320 1418 2381 consr-

232 2431 331 2492 derata
363 2430 491 2508 ejusdem
522 2447 633 2494 naturae
665 2432 706 2494 est
733 2453 767 2494 ac
790 2432 926 2511 reliquae;
947 2449 977 2494 et
999 2431 1053 2493 hac
1074 2435 1111 2493 de
1131 2432 1217 2494 causa
1237 2450 1294 2512 ego
1314 2432 1418 2494 Admi·
1448 2426 1449 2429 ’

228 2545 373 2606 rationem
394 2545 472 2605 inter
491 2545 612 2608 alledus
632 2564 693 2606 non
715 2563 854 2622 numero,
875 2564 929 2606 nec
952 2543 1065 2607 causam
1085 2545 1193 2621 video,
1214 2562 1266 2605 cur
1286 2545 1317 2606 id
1339 2545 1418 2605 face·

228 2675 306 2734 rem,
337 2658 575 2735 quandoquidem
605 2659 669 2719 haec
699 2659 813 2719 Mentis
844 2657 988 2719 distractio
1010 2675 1048 2717 err
1068 2657 1147 2718 nulla
1169 2655 1253 2716 causa
1274 2655 1420 2731 posrtiva,

231 2787 298 2846 quae
327 2770 460 2831 Mentem
490 2771 526 2831 ab
558 2769 621 2830 aliis
652 2768 808 2845 distrahat,
840 2767 951 2844 oritur,
983 2768 1033 2830 sed
1055 2753 1174 2830 tantum
1201 2786 1238 2828 ex
1259 2785 1314 2840 eo,
1336 2770 1418 2844 quod

230 2880 332 2957 causa,
364 2899 416 2943 cur
445 2883 533 2942 Mens
564 2901 601 2942 ex
631 2881 719 2945 unius
751 2882 791 2943 rei
821 2881 1072 2958 contemplatione
1093 2883 1130 2943 ad
1151 2881 1207 2942 alia
1228 2881 1417 2960 cogitandum

230 2993 455 3069 determinatur,
491 2993 599 3055 delicit.
639 2994 715 3056 Tres
746 2995 837 3073 igitur
868 2993 915 3072 (ut
944 2997 976 3053 in
1006 2991 1096 3055 Schol.
1128 2993 1217 3071 Prop.
1252 3009 1299 3054 11.
1330 2991 1418 3069 hujus

229 3105 338 3183 monor)
369 3119 482 3166 tantum
519 3104 639 3167 affectus
670 3105 838 3180 primitivos
870 3104 920 3167 seu
951 3104 1102 3182 primarios
1134 3104 1280 3183 agnosco,
1310 3122 1418 3178 nempe

230 3216 375 3292 Laetitiae,
396 3216 551 3294 Tristitiae,
572 3232 603 3278 et
623 3216 822 3294 Cupiditatis;
843 3237 897 3279 nec
918 3218 973 3279 alin
994 3221 1030 3280 de
1051 3217 1137 3278 causa
1154 3218 1243 3279 verba
1260 3219 1297 3277 de
1314 3215 1419 3278 Adni-

229 3329 344 3391 ratione
373 3329 447 3405 feci,
476 3349 562 3406 quam
583 3329 652 3406 quia
672 3330 727 3393 usu
747 3333 853 3394 fadum
877 3332 933 3408 est,
955 3346 988 3392 ut
1009 3331 1127 3409 quidam
1148 3330 1285 3407 offellus,
1307 3329 1419 3407 quiex

230 3440 325 3502 tribus
345 3439 501 3516 primitivis
522 3441 709 3518 derivantur,
730 3442 794 3504 aliis
816 3443 983 3505 nominibus
1005 3442 1127 3505 indicari
1148 3443 1277 3518 soleant,
1297 3445 1418 3519 quando

230 3555 267 3616 ad
298 3553 431 3630 objecta,
463 3571 528 3630 quae
560 3553 749 3630 admiramur,
779 3557 960 3632 referuntur;
988 3573 1054 3632 quae
1076 3555 1193 3633 quidem
1215 3554 1292 3616 ratio
1312 3573 1358 3615 me
1380 3574 1418 3615 ex

230 3684 317 3743 aequo
338 3679 457 3741 movet,
478 3681 512 3727 ut
533 3666 620 3728 etiam
642 3666 842 3743 Contemptus
863 3667 1064 3730 definitionem
1084 3667 1131 3728 his
1151 3665 1316 3746 adiungam.

806 3842 845 3902 V.

274 3971 454 4050 Contemptus
485 3967 526 4030 est
555 3970 596 4032 rei
629 3969 752 4046 alicujus
772 3968 959 4048 imaginatio,
979 3987 1045 4047 que
1066 3971 1199 4032 Mentem
1220 3973 1295 4032 adeo
1316 3987 1420 4046 parum
1448 4029 1449 4032 ,

231 4080 344 4161 tangit,
373 4097 407 4144 ut
427 4081 488 4158 ipsa
501 4083 597 4150 ,Mens
617 4099 655 4144 ex
676 4082 718 4143 rei
739 4080 891 4158 presentia
912 4083 1004 4164 magis
1024 4097 1179 4146 moveatur
1202 4085 1241 4146 ad
1261 4099 1296 4144 ea
1315 4081 1421 4160 imagi·
1448 4097 1449 4182 j

230 4197 377 4272 nandum,
407 4213 473 4272 quae
503 4194 534 4258 in
564 4193 626 4272 ipsa
656 4212 688 4256 te
718 4213 779 4258 non
808 4195 892 4274 sunt,
920 4215 1006 4274 quam
1027 4215 1094 4273 quae
1115 4197 1145 4260 in
1166 4195 1227 4274 ipfa
1247 4195 1325 4259 sunt.
1347 4197 1421 4257 Vid.

231 4305 322 4367 Scltol.
343 4307 433 4385 Prop.
455 4317 502 4380 52.
523 4304 618 4381 ltujus.
