2934 4900
170 316 230 401 408
646 317 885 380 Tractatur

170 513 273 561 rentur
300 498 397 561 Deum
427 496 541 571 colere,
571 492 593 553 si
623 493 706 555 Deua
737 492 801 555 hac
830 464 928 555 omnia
948 494 1027 555 dona
1048 492 1186 555 omnibus
1205 491 1383 570 aqualiter

170 611 291 693 largitur
312 608 420 673 suisset.
441 608 533 691 Quod
553 620 651 668 autem
672 606 756 667 Deus
776 605 925 669 Salomoni
946 604 1019 668 dicit
1040 604 1124 685 (vide
1145 606 1220 685 Reg.
1241 604 1310 668 Lib.
1341 620 1379 667 r.

128 798 131 802 ἱ
170 744 197 785 c.
218 741 247 801 3.
267 723 310 788 vs.
335 725 413 802 ra),
435 718 578 782 nerninem
598 718 665 796 post
685 736 752 780 eum
774 736 857 797 aque
877 718 1037 796 sapientem
1059 736 1092 780 ac
1102 718 1196 795 ipsum
1207 718 1378 798 futurum,

171 837 276 899 modun
297 849 411 896 tantum
431 829 575 909 loquendi
594 828 788 895 videturesse
809 832 846 893 ad
866 830 1079 911 lignidcandam
1097 832 1231 895 eximiam
1241 832 1377 911 saplen-

171 946 259 1024 tiam3
280 944 422 1024 quicquid
440 943 494 1020 fit,
514 941 632 1005 minime
652 944 828 1005 credendum
849 944 907 1021 est,
927 946 1008 1022 quod
1028 945 1111 1007 Deus
1131 946 1297 1023 Salomoni,
1322 950 1377 1009 ad

170 1060 307 1139 majorem
330 1057 394 1135 ejus
413 1056 605 1132 felicitatem,
624 1055 804 1134 promiserit,
825 1056 853 1117 se
874 1056 982 1119 nemini
1001 1057 1103 1133 postea
1118 1072 1231 1120 tantam
1241 1058 1373 1136 sapien-

170 1172 241 1235 tiam
265 1170 436 1251 largiturum
463 1169 545 1245 sore;
565 1168 624 1230 hoc
644 1166 722 1229 enirn
742 1168 907 1230 Salomonis
928 1166 1105 1232 intelledlum
1125 1170 1197 1232 nilril
1217 1188 1370 1252 augeret,

169 1301 224 1346 nec
253 1284 382 1362 pmdens
413 1283 498 1356 Rex,
529 1277 581 1341 etli
608 1278 692 1341 Deua
718 1278 749 1339 se
769 1281 870 1342 cadem
889 1279 1032 1357 sapientia
1052 1298 1156 1344 omnen
1175 1285 1368 1347 donaturum

170 1392 303 1471 dixisset,
323 1392 450 1455 minoret
469 1404 631 1467 protento
651 1406 770 1451 munere
789 1392 857 1453 Deo
877 1406 975 1471 ageret
995 1392 1114 1471 gratiae.

210 1509 320 1571 Verum
348 1504 516 1579 enimvero,
543 1500 595 1564 ctsr
622 1500 752 1564 dicamrn
778 1502 883 1564 Mosen
905 1502 935 1563 in
955 1504 1031 1565 locio
1050 1505 1244 1568 Pentateuchi
1265 1510 1369 1571 modo

169 1619 270 1683 datie
290 1621 328 1682 ad
348 1619 544 1679 liebraeorum
563 1630 682 1691 captum
701 1616 834 1677 locutum
855 1614 956 1687 fuisse,
976 1617 1113 1680 nolumus
1132 1634 1229 1681 tamen
1241 1638 1369 1700 negare,

171 1737 253 1811 quod
282 1733 366 1795 Deua
390 1728 459 1808 ipsra
489 1726 560 1791 solit
587 1728 668 1806 leges
697 1724 760 1787 illae
790 1726 984 1789 Pentateuchi
1010 1728 1230 1808 praescripserit,
1256 1748 1367 1810 neque

169 1848 253 1925 quod
290 1859 405 1907 tantum
442 1840 479 1902 iii
508 1842 628 1901 locatur
658 1837 764 1916 seruit,
801 1857 855 1900 nec
885 1838 1013 1917 denique
1045 1843 1127 1918 quod
1158 1842 1275 1905 Hebraei
1306 1859 1367 1906 tot

168 1959 298 2025 uuanda
316 1953 464 2029 viderint,
482 1950 581 2029 qualia
600 1948 673 2012 nulli
691 1948 741 2011 alii
761 1950 876 2013 nationi
896 1950 1100 2031 contigerunt3
1121 1953 1171 2015 sed
1191 1954 1222 2017 id
1239 1968 1365 2018 tanturn

169 2074 324 2147 rolumut,
353 2065 461 2130 Mosen
493 2064 545 2126 tali
575 2064 683 2138 modo,
712 2061 805 2142 iisque
836 2064 982 2141 precipue
1013 2062 1191 2143 rationibus,
1211 2068 1365 2131 Hebraeos

170 2203 288 2250 monere
318 2179 458 2256 voluisse,
488 2193 523 2241 ut
553 2194 607 2239 eoa
637 2194 675 2242 ex
704 2174 833 2254 ipsorum
862 2176 968 2254 puerili
998 2192 1089 2255 captu
1108 2181 1146 2241 ad
1164 2179 1222 2241 Dei
1242 2182 1364 2244 cultum

170 2296 261 2378 nagia
288 2291 470 2368 devincirtt3
497 2289 603 2353 deinde
631 2288 783 2351 ostendere
802 2288 968 2367 voluimus,
989 2292 1132 2354 Hebraeoo
1151 2309 1212 2353 non
1234 2291 1366 2356 scientia

169 2428 266 2490 neque
296 2409 427 2487 pietate,
455 2404 504 2467 sed
535 2404 622 2481 plane
651 2400 709 2464 alit
738 2418 768 2464 re
799 2415 919 2465 caterae
938 2402 1076 2466 nationes
1095 2402 1275 2484 excelluisse;
1294 2406 1363 2472 five

171 2525 221 2605 (ut
242 2542 307 2586 cum
327 2520 477 2598 Scriptura
497 2521 534 2580 ad
554 2534 656 2579 eorum
676 2530 794 2592 captum
814 2516 950 2596 loquar),
971 2517 1114 2579 Hebraor
1130 2536 1192 2580 non
1210 2521 1363 2584 adrerum

171 2636 263 2703 nnn
293 2649 325 2697 et
355 2631 492 2694 sublimet
520 2627 755 2707 speculationer,
785 2645 951 2706 quanquam
977 2628 1054 2706 sape
1081 2629 1227 2710 monitor,
1247 2631 1298 2694 sed
1317 2636 1362 2696 ad
1460 2663 1461 2694 ;

171 2749 255 2813 aliam
285 2749 371 2825 plane
401 2763 461 2808 rem
491 2745 600 2806 eleiloa
630 2743 735 2803 aDeo
755 2758 814 2818 prae
834 2740 954 2819 reliquie
974 2740 1065 2805 ruffe.
1095 2743 1238 2826 Quanam
1258 2759 1361 2808 autern

173 2880 208 2924 ea
227 2860 335 2937 suerit,
356 2855 459 2920 ordine
478 2855 526 2917 nic
547 2855 705 2917 ostendam.

213 2975 324 3036 Verum
355 2985 511 3048 antequam
542 2966 697 3044 incipiam,
727 2965 873 3044 explicare
904 2966 1006 3044 paucis
1025 2968 1115 3045 volo,
1136 2967 1207 3045 quid
1227 2985 1280 3045 per
1298 2969 1360 3032 Dei

172 3083 381 3160 dirediionem,
413 3098 525 3158 perque
555 3077 613 3141 Dei
643 3079 784 3142 auxilium
814 3094 967 3141 externum
997 3093 1028 3142 et
1047 3078 1192 3142 intentum
1203 3125 1214 3158 ,
1232 3096 1264 3143 et
1284 3081 1361 3160 quid
1458 3147 1459 3167 ἶ

173 3215 227 3276 per
255 3194 314 3257 Dei
344 3192 534 3266 electionem,
564 3189 696 3269 quidque
725 3191 854 3269 denique
873 3210 926 3269 per
945 3191 1094 3254 fortunam
1114 3191 1145 3256 in
1166 3193 1359 3272 sequentibus
1456 3197 1458 3208 ⁴

171 3307 341 3387 intelligam.
371 3306 426 3367 Per
445 3302 503 3365 Dei
522 3303 711 3366 directionem
731 3303 866 3385 intelligo
886 3305 976 3367 lixum
995 3305 1075 3368 illum
1096 3321 1128 3368 et
1147 3307 1357 3372 immutabilem

171 3421 295 3484 Natura
325 3416 457 3480 ordinem
486 3415 547 3480 live
577 3433 670 3478 rerum
700 3416 875 3478 naturalium
905 3417 1197 3482 concatenationem:
1227 3417 1356 3483 diximus

173 3531 251 3596 enim
273 3532 378 3609 supra,
396 3543 428 3591 et
447 3527 479 3590 in
499 3527 559 3589 alio
580 3529 649 3590 loco
665 3527 726 3606 jam
738 3528 1021 3608 ostendimua,legea
1031 3530 1152 3592 Natura
1164 3511 1358 3608 universaler,
1453 3563 1456 3574 ·

173 3647 333 3709 secundum
362 3660 438 3721 quar
469 3641 568 3703 omnia
597 3641 673 3702 iunt
703 3655 735 3702 et
765 3641 1009 3716 determinantur,
1039 3641 1112 3703 nihil
1142 3639 1198 3702 else
1225 3641 1277 3704 nili
1296 3643 1354 3706 Dei

173 3775 281 3822 aterna
301 3759 435 3830 decreta,
456 3771 521 3830 qua
541 3752 654 3830 semper
672 3767 809 3815 aternam
828 3751 983 3817 veritatem
1004 3768 1035 3814 et
1055 3755 1356 3820 neceffitateminvol·

176 3885 262 3935 runt.
282 3868 352 3932 Sive
372 3867 462 3948 igitur
482 3864 629 3942 dicamur,
648 3864 747 3926 omnia
766 3863 923 3928 secundum
943 3865 1023 3945 leges
1043 3865 1164 3926 Natura
1184 3865 1262 3942 fieri,
1278 3863 1355 3944 five,

176 4001 216 4045 ex
240 3983 298 4044 Dei
325 3983 445 4043 decreto
475 3994 506 4041 et
533 3976 693 4041 diredlione
720 3977 865 4055 ordinari,
883 3977 961 4040 idem
981 3976 1114 4056 dicimur.
1133 3977 1267 4056 Deinde,
1286 3981 1355 4058 quia

173 4113 269 4160 rtrum
297 4092 427 4156 omniurn
455 4090 630 4154 manualium
657 4090 792 4168 potentia
818 4089 891 4152 nihil
911 4090 953 4152 eil
972 4089 1024 4153 nili
1044 4090 1105 4167 ipsa
1124 4091 1183 4155 Dei
1202 4094 1354 4172 potentia,
1450 4163 1453 4176 ⁴

175 4223 334 4284 perquam
359 4205 449 4266 solam
477 4203 575 4266 omnia
601 4205 677 4266 iunt
697 4219 728 4266 et
749 4203 996 4282 determinantem
1016 4201 1084 4266 ltine
1104 4202 1251 4282 sequitur,
1271 4205 1352 4283 quic·

176 4317 248 4398 quid
273 4318 381 4394 homo,
407 4317 459 4397 qui
480 4317 568 4380 ctiam
595 4335 661 4395 pars
688 4317 729 4380 est
756 4319 894 4394 Natura,
913 4315 966 4380 fibi
985 4316 1017 4379 in
1036 4315 1194 4396 auxilium,
1214 4319 1251 4380 ad
1272 4317 1350 4385 suurn
