2934 4900
340 317 840 413 Theologicosolitici
878 333 952 409 Cap.
973 318 1055 394 XVI.
1238 343 1296 409 557

110 513 193 578 fuum
210 512 276 589 jus,
297 513 327 575 in
349 530 410 574 earu
432 513 647 575 transfuderunt.
668 512 799 594 Quippe,
820 511 840 572 fi
862 509 973 588 aliquid
994 510 1202 574 sibifervatum
1220 510 1303 571 vole·

109 627 197 703 bant,
227 628 390 688 debuerant
419 625 501 688 simul
530 626 584 687 fibi
615 643 738 702 cavere,
759 643 820 702 quo
842 624 872 687 id
893 639 962 686 tuto
984 625 1141 685 defendere
1169 619 1303 698 possent;

111 757 178 804 cum
198 753 295 802 autem
315 739 347 801 id
368 758 429 800 non
450 738 592 815 fecerint,
619 757 674 800 nec
695 738 804 815 absque
826 737 939 814 imperii
967 735 1128 812 divisone,
1149 751 1179 796 et
1201 733 1303 796 confe-

111 867 235 929 quenter
263 851 475 927 destruftione‚
502 853 597 912 facere
625 849 797 928 potuerint,
827 869 863 912 eo
891 849 956 927 ipso
983 849 1012 910 fe
1041 847 1161 911 arbitrio
1189 847 1303 909 summae

110 963 267 1041 potestatis
286 962 421 1026 absolute
442 963 646 1026 submiserunt.
688 965 780 1046 Quod
801 980 866 1025 cum
888 961 1021 1024 absolute
1052 961 1194 1036 fecerint,
1214 959 1303 1037 idque

111 1075 161 1154 (ut
176 1075 237 1153 jam
257 1076 451 1154 ostendimus)
469 1076 676 1137 etneceffitate
697 1090 841 1154 cogente,
862 1091 892 1135 et
913 1073 974 1152 ipsa
996 1073 1127 1136 Ratione
1150 1071 1305 1148 suadente3

110 1188 180 1249 hinc
201 1187 349 1264 sequitur,
375 1189 475 1264 quod,
496 1187 549 1249 nifi
571 1187 670 1249 hostes
690 1187 807 1263 Imperii
828 1186 882 1248 effe
905 1185 1045 1262 velimus,
1066 1201 1096 1248 et
1118 1201 1221 1248 contra
1242 1188 1303 1247 Ra·

111 1299 241 1374 donem,
262 1297 417 1375 Imperium
439 1297 555 1360 summis
575 1298 689 1363 uiribus
710 1299 868 1360 defendere
888 1298 1074 1374 suadentem,
1091 1317 1189 1377 agere,
1207 1297 1304 1359 omnia

112 1411 246 1472 absolute
273 1410 388 1474 summae
417 1410 571 1488 potestatis
599 1414 735 1474 mandata
762 1411 872 1487 exequi
901 1409 1184 1488 tenemur,tamets1
1205 1410 1303 1472 absur-

113 1527 219 1588 dissima
239 1524 379 1601 imperet;
401 1525 471 1586 talia
493 1525 568 1587 enim
590 1524 683 1586 Ratio
705 1524 814 1601 exequi
837 1523 924 1586 etiam
942 1523 1046 1600 jubet,
1073 1539 1108 1586 ut
1128 1527 1165 1586 de
1186 1525 1303 1585 duobus

112 1638 194 1699 malis
214 1637 309 1699 minus
329 1637 477 1716 eligamus.
497 1638 602 1713 Adde,
623 1639 706 1714 quod
726 1637 786 1697 hoc
806 1636 985 1714 periculum,
1004 1635 1033 1697 se
1054 1635 1165 1697 scilicet
1185 1636 1304 1698 alterius

112 1749 234 1825 imperio
261 1765 292 1810 et
321 1748 441 1810 arbitrio
473 1748 607 1810 absolute
638 1748 846 1824 submittendi,
876 1748 962 1810 facilc
994 1747 1192 1826 unusquisque
1224 1748 1303 1810 adire

112 1875 248 1937 poterat;
268 1879 350 1937 narn,
372 1875 406 1922 ut
428 1861 625 1938 ostendimus,
645 1861 762 1923 summis
783 1861 978 1937 potestatibus
999 1862 1057 1922 hoc
1074 1860 1141 1938 jus,
1162 1861 1304 1939 quicquid

112 1970 208 2034 velint
228 1969 406 2047 imperandi,
426 1969 538 2033 tamdiu
560 1985 675 2033 tantum
696 1970 858 2047 competit,
886 1969 1026 2047 quamdiu
1047 1987 1147 2034 revera
1168 1971 1303 2032 summam

111 2084 223 2146 habent
243 2084 435 2160 potestatem:
458 2083 581 2161 quodsi
603 2085 723 2145 eandem
747 2082 909 2160 amiserint,
930 2082 1012 2145 simul
1032 2083 1118 2144 etiarn
1136 2082 1185 2159 jus
1207 2084 1304 2146 omnia

112 2195 273 2272 imperandi
294 2195 450 2272 amittunt,
470 2212 501 2257 et
522 2195 552 2256 in
574 2213 640 2259 eum
660 2197 709 2260 vel
726 2213 779 2257 eos
797 2195 892 2270 cadit,
909 2195 962 2273 qui
979 2194 1072 2271 ipsum
1090 2193 1304 2273 acquifiverunt

113 2323 144 2368 et
164 2307 289 2370 retinere
309 2306 437 2384 poffunt.
467 2307 658 2389 Quapropter
678 2325 743 2368 raro
766 2308 922 2370 admodum
944 2306 1114 2386 contingere
1136 2307 1233 2384 potest
1240 2352 1250 2384 ,
1270 2323 1305 2370 ut

114 2420 230 2483 summa
250 2418 413 2498 potestates
434 2418 625 2484 absurdissima
645 2419 883 2498 imperent3ipsss
905 2419 981 2481 enim
1002 2419 1126 2481 maxime
1147 2419 1305 2497 incumbit,

115 2550 150 2597 ut
169 2535 222 2597 sibi
242 2534 422 2613 prospiciant
444 2550 474 2597 et
495 2534 648 2613 imperium
668 2534 837 2611 retineant,
865 2533 1011 2595 communi
1032 2534 1115 2595 bono
1137 2534 1304 2609 consulere,

116 2664 146 2709 et
174 2648 271 2709 omnia
299 2666 336 2707 ex
363 2646 504 2709 Rationis
525 2646 680 2709 didamine
701 2646 840 2725 dirigere:
862 2644 995 2711 violenta
1017 2644 1093 2707 enim
1114 2644 1249 2721 imperia,
1271 2660 1304 2705 ut

116 2762 158 2823 ait
173 2763 282 2823 Seneca
292 2762 318 2838 ¹,
338 2779 425 2823 nemo
447 2760 596 2822 continuit
613 2760 673 2822 diu.
694 2760 812 2842 Quibus
823 2759 937 2822 accedit
944 2762 1046 2837 ,quod
1057 2759 1088 2821 in
1098 2758 1305 2821 Democratico

116 2872 238 2949 imperio
266 2872 361 2933 minus
389 2872 517 2935 timenda
545 2872 612 2934 funt
639 2872 772 2934 absurda.
812 2874 887 2933 Nam
915 2872 975 2932 fere
1003 2870 1174 2946 impoifrbilc
1195 2869 1252 2945 est',
1272 2884 1306 2932 ut

117 2985 209 3063 major
235 2985 324 3046 unius
351 3000 448 3047 coetus
475 3003 558 3061 pars,
586 2984 607 3046 fi
629 3003 751 3064 magnus
772 2984 829 3060 est,
850 2983 880 3044 in
901 3002 963 3046 uno
983 2982 1108 3044 absurdo
1129 2981 1307 3058 conveniat3

117 3098 224 3161 deinde
251 3113 373 3174 propter
402 3096 466 3174 ejus
493 3099 714 3159 fundamentum
743 3112 774 3158 et
802 3098 904 3173 finem,
925 3095 995 3172 qui,
1016 3110 1050 3157 ut
1071 3094 1158 3157 etiam
1179 3094 1305 3157 ostendi·

118 3230 198 3286 mus,
219 3211 316 3272 nullus
336 3209 409 3271 alius
430 3210 472 3271 est
491 3229 578 3288 quarn
599 3209 722 3271 absurda
741 3207 907 3285 Appetitds
927 3207 1040 3282 vitare,
1060 3222 1091 3268 et
1108 3206 1305 3269 hominessub

118 3321 259 3385 Rationis
277 3321 402 3398 limites,
422 3325 523 3399 quoad
543 3322 607 3399 ejus
626 3322 689 3383 fieri
710 3322 824 3399 potest,
842 3320 1009 3397 continere,
1027 3336 1062 3382 ut
1080 3321 1306 3383 concorditeret

118 3434 241 3511 pacifice
272 3434 391 3511 vivant;
418 3438 500 3511 quod
531 3437 753 3497 fundamentum
775 3434 795 3495 sr
817 3435 955 3509 tollatur,
986 3432 1071 3494 facile
1100 3446 1167 3494 tota
1199 3432 1308 3494 fabrica

118 3559 192 3605 ruet.
212 3543 269 3605 His
289 3562 359 3623 ergo
379 3544 554 3621 providere,
572 3545 688 3606 summae
707 3559 822 3606 tantum
844 3542 983 3619 potestati
1004 3542 1162 3619 incumbit;
1184 3541 1308 3605 subditis

120 3672 234 3733 autem,
261 3656 306 3718 uti
333 3655 477 3731 diximus,
503 3655 568 3734 ejus
589 3661 725 3720 mandata
748 3656 871 3735 exequi,
892 3674 947 3717 nec
968 3654 1048 3717 aliud
1065 3655 1114 3732 jus
1136 3655 1309 3735 agnoscere,

121 3789 207 3848 quam
238 3772 320 3847 quod
350 3769 457 3831 summa
488 3770 619 3846 potestas
646 3771 697 3848 jus
728 3769 784 3833 esse
815 3770 952 3831 declarat.
997 3770 1041 3829 At
1073 3767 1170 3829 forsan
1202 3766 1308 3845 aliquis

121 3882 255 3959 putabit,
276 3899 332 3943 nos
351 3882 407 3945 hac
427 3881 543 3944 ratione
563 3882 699 3945 subditos
720 3882 821 3944 servos
842 3882 954 3956 facere,
976 3879 1044 3957 quia
1066 3894 1173 3955 putant
1193 3878 1307 3941 servum

121 3994 177 4056 esse
205 4013 289 4071 eum,
317 3994 368 4071 qui
396 4014 433 4055 ex
463 3998 600 4057 mandato
626 3995 704 4073 agit,
725 4010 755 4055 et
776 3994 915 4071 liberum,
935 3992 986 4070 qui
1007 3991 1104 4052 anirno
1125 3992 1178 4053 suo
1200 4010 1308 4052 rnorem

122 4106 212 4186 gerit;
234 4110 317 4186 quod
337 4106 455 4184 quidem
476 4126 537 4170 non
559 4108 692 4170 absolute
713 4126 814 4171 verum
835 4107 891 4185 est,
912 4124 978 4167 nam
995 4123 1095 4169 revera
1113 4104 1148 4182 is,
1165 4103 1243 4181 quia
1258 4103 1309 4165 sua

155 4352 169 4382 ‘
204 4350 271 4403 Vide
288 4350 361 4415 supra
379 4366 435 4417 pag.
451 4352 511 4415 436.
