2934 4900
371 312 427 372 De
467 308 699 371 Libertate
741 311 936 373 Humana.
1190 314 1251 390 263
1363 302 1366 307 ’

60 490 137 549 nulla
170 488 268 565 potest
300 485 360 548 dari
393 486 524 547 Trillitia
555 486 776 549 concomitante
807 484 872 548 idea
892 486 968 562 Dei,
988 488 1046 548 hoc
1067 488 1107 549 est
1128 488 1199 568 (per
1220 504 1251 564 7.

60 598 164 677 ΛΜ
185 599 315 680 Delio),
336 616 422 661 nemo
443 600 539 661 Deum
562 596 633 661 odio
654 597 763 659 habere
784 597 892 673 potest.
935 600 969 677 Q.
989 600 1027 661 E.
1048 602 1089 661 D.

472 758 839 804 conounnnruu.

101 854 195 913 Amor
215 870 281 932 ergo
302 852 397 913 Deum
418 850 448 913 in
470 852 570 915 odium
592 851 668 915 verti
690 851 804 928 nequit.

533 1013 792 1059 scuouruu.

101 1112 144 1171 At
166 1110 257 1188 objici
277 1110 393 1189 potest,
414 1112 513 1187 quod,
533 1112 601 1172 dum
623 1110 718 1170 Deum
740 1108 870 1169 omnium
890 1125 984 1169 rerum
1004 1106 1118 1169 causam
1140 1108 1249 1170 intelli-

63 1220 171 1297 gimus,
202 1240 240 1282 eo
271 1220 335 1297 ipso
367 1223 461 1283 Deunr
482 1219 621 1281 Tristitiae
642 1218 757 1281 causam
778 1218 1000 1280 consideramus.
1023 1219 1100 1301 ,Sed
1126 1220 1246 1281 adhoc

62 1335 238 1411 respondeo,
260 1337 341 1413 quod
363 1348 510 1412 quatenus
530 1333 671 1395 Tristitiae
694 1333 795 1393 causas
816 1330 1022 1411 intelligimus,
1043 1347 1166 1393 eatenus
1178 1332 1249 1413 (per

63 1448 147 1525 Prop.
169 1464 197 1524 3.
219 1444 319 1525 liujus)
341 1446 402 1523 ipsa
424 1446 527 1507 desinit
549 1444 605 1506 elle
630 1446 735 1521 pnilro,
756 1444 815 1505 hoc
836 1444 877 1504 est
898 1443 970 1523 (per
990 1445 1080 1522 Prop.
1092 1455 1139 1520 59.
1147 1456 1179 1523 p.
1192 1446 1249 1524 3.),

63 1574 182 1619 eatenus
210 1557 313 1619 desrnit
342 1556 396 1618 elle
424 1556 573 1634 Tristitia3
602 1571 691 1633 atque
713 1558 806 1632 adeo,
827 1571 974 1633 quatenus
995 1557 1090 1616 Deum
1111 1553 1249 1617 Tristitiae

63 1670 171 1731 causam
193 1668 250 1730 effe
270 1668 477 1748 intelligimus,
499 1684 621 1730 eatenus
642 1670 783 1731 laetarnur.

429 1826 760 1888 PROPOSITIO
800 1827 881 1887 xlx.

102 1940 159 2015 Qui
177 1940 272 2000 Deum
290 1951 387 2015 amat,
407 1941 508 1998 conari
526 1956 581 1997 non
596 1938 702 2017 potest,
722 1951 757 1997 ut
775 1940 856 1999 Deus
874 1940 970 2017 ipsum
989 1944 1091 1999 contra
1110 1953 1195 1999 amet.

458 2090 853 2135 nnuonernnrro

99 2184 128 2243 Si
151 2184 242 2245 homo
264 2184 294 2245 id
316 2200 487 2261 conaretur,
508 2202 629 2261 cuperet
651 2204 720 2265 ergo
742 2185 814 2266 (per
837 2186 941 2246 Coroll.
961 2188 1111 2266 Prop.17.
1132 2185 1248 2265 hujus),

65 2307 94 2353 ut
114 2296 215 2371 Deus,
245 2314 331 2372 quern
360 2311 454 2374 amnt,
481 2315 542 2358 non
572 2296 641 2359 ellet
660 2300 761 2372 Deus,
781 2312 812 2358 et
834 2296 1048 2374 consequenter
1068 2296 1138 2377 (per
1158 2299 1248 2377 Prop.

67 2422 106 2484 ¹9·
125 2422 156 2489 p.
179 2410 221 2488 3.)
244 2408 406 2471 contristari
428 2425 567 2486 cuperet,
587 2412 669 2488 quod
699 2409 771 2490 (per
790 2410 882 2489 Prop.
903 2410 953 2471 28.
969 2422 1001 2490 p.
1023 2410 1066 2489 3.)
1087 2408 1128 2471 est
1143 2409 1246 2472 nbsur-

63 2523 135 2584 dum.
176 2525 275 2603 Ergo,
296 2521 346 2600 qui
367 2525 464 2584 Deum
485 2537 579 2599 amat,
601 2537 658 2584 etc.
701 2525 736 2600 Q.
757 2524 795 2584 E.
815 2525 856 2584 D.

436 2682 768 2745 PROPOSITIO
809 2681 874 2743 XX.

96 2797 155 2856 Hic
181 2814 255 2872 erga
281 2797 373 2856 Deum
400 2793 491 2854 Amor
515 2813 603 2871 neque
622 2795 748 2854 Invidia
775 2813 863 2870 neque
891 2793 1047 2873 Zelotypiae
1073 2790 1177 2869 affec‘lu
1201 2797 1246 2852 in·

63 2911 179 2980 quinari
194 2907 303 2986 porest5
317 2907 412 2984 sedeo
422 2910 516 2982 magis
529 2904 662 2982 fovetur,
684 2925 738 2984 quo
754 2906 856 2985 plures
877 2904 1001 2966 homines
1020 2906 1112 2964 codem
1131 2903 1249 2964 Antoris

63 3021 169 3078 vinculo
189 3037 251 3079 cum
270 3020 330 3079 Deo
344 3019 459 3095 junilos
478 3022 684 3094 imaginamur.

455 3172 853 3218 uuuonsnnnnro

96 3267 151 3328 Hic
184 3285 251 3346 erga
281 3269 377 3328 Deum
409 3269 502 3328 Amor
534 3267 672 3330 summum
705 3271 816 3330 bonum
844 3267 901 3342 est,
930 3269 1013 3344 quod
1033 3285 1071 3328 ex
1092 3266 1246 3329 diltamine

64 3379 194 3441 Rationis
215 3395 355 3456 appetere
376 3379 525 3456 polluuntur
548 3379 620 3458 (per
641 3382 730 3462 Prop.
752 3381 800 3441 28.
817 3393 849 3460 p.
860 3381 922 3461 4.),
943 3395 973 3440 et
993 3381 1132 3442 omnibus
1151 3380 1245 3440 honri·

64 3489 142 3552 nibus
163 3510 318 3552 commune
334 3483 381 3552 'est
403 3491 475 3572 (per
494 3493 583 3571 Prop.
606 3493 653 3569 36.
671 3505 703 3572 p.
724 3493 784 3572 4.),
805 3507 849 3568 et,
871 3511 973 3554 ornnes
995 3507 1029 3554 ut
1050 3494 1153 3553 eodem
1174 3511 1245 3571 gau·

63 3604 160 3680 deant,
187 3602 322 3680 cupimus
350 3601 422 3682 <per
441 3605 531 3683 Prop.
554 3619 601 3680 37.
618 3617 651 3683 p.
672 3605 733 3684 4);
762 3619 852 3681 atque
877 3606 953 3666 adeo
976 3604 1049 3684 (per
1068 3620 1118 3680 23.
1139 3603 1246 3684 ΛΜ.

66 3714 167 3795 Defin.)
188 3713 311 3776 lnvidiae
333 3713 440 3775 affellu
460 3713 596 3775 muculnri
618 3714 741 3791 nequit,
767 3733 865 3790 neque
885 3715 973 3775 etiam
994 3716 1067 3794 (per
1086 3715 1176 3795 Prop.
1201 3716 1246 3775 18.

66 3825 160 3903 iujos,
189 3842 218 3886 et
248 3827 332 3906 defin.
364 3826 535 3904 Zelotypiae,
566 3844 653 3902 quam
681 3827 749 3886 vr'de
779 3829 811 3884 in
840 3825 932 3887 Schol.
960 3827 1050 3906 Prop.
1072 3838 1119 3904 35.
1147 3841 1179 3906 p.
1201 3827 1244 3906 3.)

67 3939 226 4018 Zelotypiae
248 3939 369 4012 effestu3
393 3937 441 3998 sed
463 3952 565 3998 contra
594 3939 666 4018 (per
686 3939 776 4017 Prop.
798 3954 845 4014 31.
862 3950 894 4017 p.
916 3940 959 4016 3.)
981 3957 1018 3999 eo
1039 3939 1130 4017 magis
1150 3938 1246 4000 foveri

68 4053 163 4128 debet,
185 4069 247 4128 quo
268 4052 367 4126 plures
386 4049 519 4110 homines
541 4052 644 4110 eodem
666 4052 791 4128 gaudere
813 4048 1010 4128 imaginamur.
1053 4051 1086 4127 Q.
1107 4051 1145 4110 Ε.
1165 4051 1205 4110 D.

524 4201 782 4246 scuonruu.

101 4301 249 4363 Pollumus
277 4299 335 4360 hoc
364 4300 467 4360 eodem
496 4301 585 4360 modo
614 4297 782 4374 ostendere,
809 4298 920 4362 nrrllum
941 4296 1001 4363 dari
1022 4297 1173 4373 affeilum,
1194 4296 1245 4376 qui
