2934 4900
207 300 267 392 548
685 296 927 367 T‘ractattla

206 483 346 547 Rationis
367 480 517 561 potentia,
539 495 573 543 ut
590 470 650 556 jam
672 479 869 555 ostendimus,
889 495 951 539 non
973 496 1011 539 eo
1032 478 1124 557 usque
1145 478 1175 539 se
1196 468 1352 554 extendit,
1370 492 1401 539 ut

207 596 397 660 determinare
425 594 528 672 poffit,
557 594 639 670 quod
666 592 801 653 homines
830 591 891 653 sola
919 591 1091 653 obedientia
1112 590 1221 670 absque
1241 610 1338 655 terum
1359 591 1401 653 in·

206 708 368 789 teiligentia
389 709 495 784 pofflnt
516 704 573 767 esse
593 704 683 765 beati.
709 703 878 783 Theologia
899 722 972 766 vero
994 702 1067 765 nihil
1087 718 1193 781 praeter
1212 704 1272 765 hoc
1295 704 1400 778 dictat,

207 818 337 895 nihilque
358 833 463 895 praeter
484 814 684 879 obedientiam
704 813 844 890 impetat,
865 829 898 874 et
917 827 1023 875 contra
1045 812 1204 875 Rationem
1225 812 1300 874 nihil
1321 815 1400 888 vult,

206 950 301 1009 neque
323 931 436 1007 potest:
458 928 540 991 Fidei
561 927 638 989 enim
659 930 798 1006 dogmata
825 925 876 1003 (ut
896 924 928 986 in
947 928 1134 1002 praecedente
1145 925 1253 1001 Capite
1273 924 1400 987 ostendi·

206 1045 285 1124 mua)
313 1059 436 1107 eatenus
457 1056 571 1104 tantum
593 1020 786 1115 determinat,
807 1054 956 1116 quatenus
976 1038 1157 1100 obedientiae
1178 1038 1304 1114 sufficit;
1324 1057 1399 1117 quo·
1456 1055 1457 1060 ¹

206 1159 297 1219 modo
317 1172 414 1219 autem
435 1153 553 1231 praecise
574 1152 689 1214 ratione
711 1150 848 1215 veritatis
869 1150 1058 1229 intelligenda
1079 1149 1150 1227 lint,
1169 1149 1400 1214 Rationidetet·

206 1270 373 1331 minandum
393 1267 548 1344 relinquit,
570 1284 635 1343 quae
656 1283 758 1329 revera
777 1264 892 1325 Mentis
912 1266 965 1325 lux
986 1263 1043 1341 cst,
1063 1262 1123 1324 stne
1144 1282 1202 1340 qua
1222 1262 1297 1325 nihil
1316 1264 1400 1326 videt

206 1397 311 1458 praeter
340 1380 483 1443 insomnia
514 1396 545 1441 et
575 1380 722 1458 figmenta.
763 1378 867 1454 Atque
899 1375 948 1437 hic
980 1394 1031 1452 per
1063 1374 1259 1455 Theologiam
1280 1376 1400 1451 praecise

204 1494 341 1572 intelligo
378 1491 610 1567 revelationem,
650 1504 797 1568 quatenus
837 1487 950 1550 indicat
980 1488 1124 1565 scopum,
1154 1505 1242 1564 quem
1272 1486 1402 1550 diximus

206 1606 382 1683 Scripturam
414 1604 565 1666 intendere
599 1604 718 1683 (nempe
749 1603 894 1664 rationem
923 1618 954 1665 et
982 1604 1103 1664 modum
1134 1600 1310 1679 obediendi,
1341 1601 1401 1663 five

206 1738 282 1781 verae
311 1716 432 1794 pietatis
460 1731 491 1777 et
518 1716 587 1778 fidei
615 1716 783 1795 dogmata),
812 1715 871 1775 boc
899 1713 940 1775 est
964 1713 1012 1789 id,
1033 1716 1116 1791 quod
1136 1712 1255 1790 proprie
1274 1728 1403 1776 vocatur

206 1830 263 1891 Dei
289 1832 428 1905 verbum;
455 1830 538 1905 quod
565 1827 594 1888 in
623 1843 707 1889 certo
733 1844 855 1889 numero
875 1826 1015 1887 librorum
1038 1844 1099 1887 non
1119 1824 1248 1888 confistit
1268 1826 1343 1903 (qua
1364 1830 1402 1887 de

206 1960 236 2003 re
257 1942 327 2007 vide
349 1943 422 2019 Cap.
448 1943 519 2021 rm).
560 1940 758 2020 Theologiam
779 1939 857 2000 enim
877 1939 916 1999 fic
936 1954 1105 2015 acceptam,
1125 1938 1145 1999 sr
1167 1938 1232 2015 ejua
1251 1955 1403 2015 praecepta

207 2054 267 2117 srve
288 2058 466 2117 documenta
488 2053 560 2117 vitae
580 2052 709 2129 spedas,
729 2069 796 2113 cum
817 2050 948 2112 Ratione
976 2050 1155 2127 convenite,
1175 2065 1206 2111 et
1226 2049 1247 2110 li
1268 2049 1336 2126 ejus
1355 2051 1402 2111 in·

205 2181 322 2228 tentum
344 2181 374 2227 et
395 2168 497 2243 finem,
518 2167 597 2226 nulla
618 2165 648 2226 in
667 2182 696 2225 re
715 2163 809 2225 eidem
831 2180 993 2241 repugnare
1014 2161 1190 2239 comperiet;
1200 2178 1231 2223 et
1241 2178 1404 2238 propterea

208 2278 345 2339 omnibus
366 2276 535 2343 universalis
557 2276 607 2339 est.
628 2277 719 2358 Quod
740 2278 778 2338 ad
798 2290 893 2336 totam
914 2275 1092 2351 Scripturam
1111 2274 1143 2335 in
1163 2292 1268 2353 genere
1280 2276 1404 2353 attinet,

203 2390 263 2468 jam
284 2390 371 2452 etiam
399 2388 473 2468 Cap.
495 2406 524 2468 7.
546 2388 741 2466 ostendimus,
769 2387 833 2466 eiua
854 2386 966 2450 sensum
987 2406 1026 2447 ex
1047 2387 1107 2449 sola
1127 2386 1192 2465 ejus
1212 2386 1351 2467 historia,
1371 2407 1403 2452 et

207 2522 267 2564 non
299 2523 336 2564 ex
368 2501 522 2566 universali
553 2500 672 2563 historia
702 2503 842 2577 Naturae,
870 2519 936 2577 quae
963 2499 1054 2561 solius
1075 2500 1272 2578 Philosophiae
1292 2503 1405 2564 sunda·

207 2632 336 2679 mentum
358 2617 414 2695 est,
435 2616 685 2679 determinandum
707 2613 779 2691 eise;
800 2633 855 2676 nec
876 2615 964 2676 nobis
985 2633 1094 2676 moram
1111 2614 1231 2691 injicere
1248 2615 1405 2693 debet,fi,

207 2730 360 2807 postquam
388 2729 452 2807 ejus
481 2748 582 2794 verum
609 2730 720 2791 sensum
742 2729 781 2788 stc
802 2726 1058 2808 investigavimus,
1079 2728 1170 2805 ipsam
1189 2729 1238 2790 hic
1257 2729 1318 2792 illic
1341 2733 1404 2792 Ra·
1455 2766 1456 2769 =

208 2843 284 2904 tioni
304 2861 464 2922 repugnare
486 2842 708 2919 comperiamus.
742 2843 818 2902 Nam
840 2840 983 2918 quicquid
1002 2839 1091 2918 hujus
1111 2841 1226 2920 generis
1245 2841 1277 2904 in
1298 2844 1406 2904 Bibliia

207 2956 359 3033 reperitur,
380 2957 428 3021 vel
450 2959 531 3033 quod
552 2955 686 3016 homines
708 2955 787 3017 salva
807 2954 951 3016 charitate
971 2955 1106 3034 ignorare
1127 2953 1406 3032 possunt,idcerto

208 3065 313 3126 scimus
340 3065 536 3145 Theologiam
563 3065 622 3128 srve
650 3066 782 3126 Verbum
808 3064 865 3126 Dei
894 3083 955 3126 non
977 3081 1112 3144 tangere,
1134 3079 1165 3125 et
1185 3065 1407 3143 consequenter

208 3197 444 3256 unumquemque
466 3181 502 3240 de
523 3177 576 3254 iis,
597 3176 741 3256 quicquid
771 3175 862 3252 velit,
893 3175 999 3237 sentire
1030 3174 1113 3251 polle
1143 3176 1252 3252 absque
1284 3177 1406 3238 scelere.

207 3290 353 3352 Absolute
374 3290 464 3370 igitur
485 3290 704 3365 concludimus,
720 3291 804 3366 quod
825 3306 880 3348 nec
901 3287 1051 3364 Scriptura
1071 3287 1210 3364 Rationi,
1230 3307 1286 3349 nec
1307 3291 1405 3352 Ratio

209 3403 366 3478 Scripturae
388 3404 637 3464 accommodanda
658 3401 702 3463 stt.

248 3516 357 3576 Verum
380 3514 455 3575 enim
478 3533 569 3592 vero,
591 3512 832 3593 quandoquidem
854 3511 1030 3592 Theologiae
1052 3514 1297 3592 fundamentum,
1317 3519 1405 3594 quod

208 3627 319 3688 scilicet
339 3626 473 3688 homines
495 3629 544 3692 vei
565 3627 626 3690 sola
647 3625 818 3689 obedientia
839 3626 1146 3702 salvantur,Ratione
1168 3647 1228 3689 non
1250 3629 1407 3704 possumus

209 3739 417 3818 demonstrare,
446 3759 547 3805 verum
575 3739 611 3800 snt
640 3757 676 3801 an
705 3738 825 3815 falsum,
853 3738 951 3814 potest
978 3757 1048 3819 ergo
1073 3739 1161 3800 nobis
1180 3739 1270 3801 etiam
1292 3741 1409 3818 oinci,

209 3871 260 3914 cur
291 3853 380 3933 igitur
410 3852 440 3915 id
471 3849 639 3915 credimus?
675 3850 705 3912 Si
732 3849 792 3912 fine
820 3849 954 3926 ratione,
980 3867 1118 3929 tanquam
1141 3852 1233 3927 coeci,
1253 3852 1285 3914 id
1306 3853 1407 3929 ipsum

209 3963 423 4041 amplediimur‚
452 3981 521 4043 ergo
544 3981 599 4024 nos
621 3962 708 4023 etiam
730 3961 816 4023 stulte
838 3977 869 4022 et
889 3961 948 4023 sine
965 3961 1081 4038 judicio
1103 3961 1226 4040 agimus.
1267 3965 1365 4046 Quod
1387 3964 1408 4024 li

209 4090 312 4136 contra
332 4075 456 4138 statuere
468 4074 608 4151 velimus,
629 4075 687 4135 hoc
709 4075 931 4136 fundamentum
952 4073 1082 4135 Ratione
1099 4074 1291 4136 demonstrari
1310 4077 1408 4154 posse,

209 4187 264 4246 erit
285 4203 354 4264 ergo
375 4186 542 4266 Theologia
563 4185 761 4262 Philosophia
781 4204 864 4263 para,
884 4204 938 4246 nec
960 4188 995 4246 ab
1017 4188 1117 4248 eadem
1138 4185 1210 4248 esset
1231 4187 1405 4264 separanda.

209 4297 266 4358 Sed
288 4299 324 4356 ad
344 4296 407 4356 haec
428 4298 610 4376 responde0,
631 4317 676 4358 me
698 4298 832 4360 absolute
853 4298 995 4375 statuere,
1015 4298 1074 4359 hoc
1095 4297 1275 4378 Theologiae
1296 4303 1405 4362 sunda-
