2934 4900
190 320 250 399 284
548 323 783 384 Tractatue
820 322 1015 384 Politici

190 496 418 559 consuetudines
444 501 554 578 ubique
579 498 725 579 jungunt,
754 516 785 561 et
812 500 916 561 statum
946 499 1070 577 aliquem
1094 500 1208 562 civilem
1231 501 1387 571 formant;

190 606 259 668 ideo
281 607 391 684 imperii
413 610 530 686 causas,
550 628 580 672 ct
598 614 788 673 fundamenta
809 612 968 689 naturalia,
989 632 1050 674 nou
1067 632 1104 672 ex
1122 611 1264 673 Rationis
1286 614 1386 672 docu-

191 718 296 779 mentis
324 723 467 796 petenda,
494 722 543 783 sed
571 742 607 784 ex
635 725 786 787 hominum
814 725 961 786 communi
989 740 1092 787 natura
1120 725 1170 786 seu
1202 724 1386 786 conditione

192 832 362 893 deducenda
383 831 465 909 sunt,
486 838 568 911 quod
590 835 620 897 in
643 836 777 915 sequenti
800 838 898 913 capite
920 839 1017 899 facere
1039 836 1189 898 constitui.

656 1030 837 1093 CAPUT
878 1030 914 1091 ΙΙ.

233 1163 304 1243 §.L
346 1168 378 1227 lu
408 1167 506 1229 nostro
534 1169 678 1231 Trailatu
702 1170 1033 1251 Theologicopolitico
1053 1172 1069 1205 ‘
1099 1172 1136 1231 de
1160 1172 1226 1247 lure
1246 1166 1388 1229 Naturali

194 1290 223 1339 et
244 1276 334 1339 Ciuili
356 1278 484 1357 egimus,
505 1298 534 1341 et
556 1280 584 1341 in
609 1282 703 1343 nostra
726 1282 1098 1359 Ethica”explicuimus,
1119 1282 1192 1358 quid
1212 1294 1388 1357 peccatum,

194 1388 266 1465 quid
287 1390 433 1467 meritum,
456 1392 528 1469 quid
545 1393 673 1470 justitia,
696 1394 768 1471 quid
788 1390 942 1472 injustitia,
962 1410 993 1455 et
1014 1394 1086 1471 quid
1108 1393 1235 1469 denique
1254 1392 1386 1451 ltumana

194 1500 311 1562 libertas
332 1502 376 1563 srt.
404 1504 461 1566 Sed
483 1524 519 1565 ue
541 1504 577 1580 ii,
599 1505 648 1582 qui
670 1506 749 1567 hunc
770 1510 923 1568 trastatum
945 1508 1063 1585 legunt,
1082 1523 1162 1581 opus
1181 1504 1311 1564 habeant
1332 1520 1388 1573 ea,

195 1632 260 1689 quae
282 1615 416 1675 adhunc
439 1616 531 1693 ipsum
554 1620 706 1679 traciarum
729 1618 851 1678 maxime
873 1617 1019 1694 spectant,
1047 1617 1077 1677 iu
1097 1616 1162 1677 aliis
1182 1632 1328 1693 quaerere,
1351 1632 1387 1672 ca

195 1723 241 1785 hic
264 1726 368 1787 iterum
390 1728 552 1805 explicare,
574 1744 605 1790 et
627 1730 790 1807 apodic'lice
812 1730 1004 1791 demonstrare
1025 1729 1173 1791 constitui.

236 1838 262 1917 §.
285 1840 322 1900 11.
364 1843 425 1902 Res
456 1860 639 1917 quaecuuque
672 1842 813 1903 naturalia
843 1842 940 1917 potest
971 1844 1124 1918 adaequate
1154 1839 1290 1914 concipi,
1323 1838 1386 1897 sive

197 1950 300 2012 existat
322 1952 380 2013 srve
402 1970 461 2013 non
484 1952 603 2029 existat;
631 1970 665 2015 ut
694 1952 785 2032 igitur
804 1972 896 2015 rerum
918 1953 1090 2014 naturalium
1112 1951 1252 2012 existendi
1273 1948 1386 2025 princi·

197 2062 293 2139 pium,
315 2063 352 2125 stc
373 2083 469 2125 earum
491 2066 520 2127 in
543 2064 694 2128 existendo
715 2066 931 2143 perseverantia
951 2086 988 2126 ex
1010 2083 1105 2127 earum
1127 2064 1300 2126 delinitione
1322 2080 1385 2122 uon

198 2174 294 2250 potest
324 2176 471 2237 concludi.
512 2180 588 2237 Nam
621 2196 716 2239 carum
749 2177 870 2238 essentia
900 2176 1002 2239 idealis
1032 2180 1132 2237 eadem
1160 2176 1201 2236 est
1228 2174 1384 2251 postquam

198 2285 318 2347 existere
349 2286 542 2363 inceperunt,
574 2308 660 2365 quam
693 2305 848 2366 antequam
885 2289 1050 2351 existerent.
1098 2292 1142 2352 Ut
1179 2306 1249 2367 ergo
1284 2304 1384 2347 carrum

199 2398 338 2461 existendi
367 2400 540 2477 principium
569 2420 606 2462 ex
635 2420 730 2464 earum
761 2402 880 2464 essentia
907 2402 988 2480 sequi
1011 2402 1131 2480 nequir,
1152 2401 1189 2463 src
1209 2418 1263 2461 nec
1285 2416 1384 2460 earum

199 2510 227 2570 in
259 2511 409 2573 existendo
441 2511 672 2587 perseverantia:
706 2514 755 2575 sed
787 2517 887 2575 eadem
919 2514 1074 2590 potentii,
1095 2533 1154 2590 qua
1184 2513 1318 2591 indigent
1352 2526 1384 2572 ut

198 2623 318 2685 exiliere
345 2624 503 2702 incipiant,
531 2624 664 2704 indigent
692 2642 725 2686 ut
755 2625 876 2686 existere
905 2641 1036 2704 pergant.
1076 2625 1122 2684 Ex
1151 2643 1211 2700 quo
1236 2623 1384 2699 sequitur,

199 2754 291 2797 rerum
313 2737 484 2798 naturalium
508 2737 689 2814 potentiam,
710 2756 767 2814 apua
790 2737 932 2814 exiliunt,
955 2753 984 2798 et
1003 2736 1216 2814 cousequenter
1233 2753 1292 2811 qua
1309 2753 1384 2809 ope-

199 2852 432 2924 rantur,nullam
453 2850 535 2910 aliam
558 2849 612 2910 esse
635 2850 730 2926 polle,
754 2869 839 2928 cutam
862 2849 951 2927 ipsam
972 2849 1029 2912 Dei
1050 2865 1186 2910 artemam
1207 2847 1383 2923 potentiam.

200 2965 274 3024 Nam
303 2962 322 3022 sl
351 2982 415 3039 quae
445 2963 499 3023 alia
527 2978 623 3024 creatu
651 2962 738 3037 esser,
760 2983 820 3024 non
844 2962 938 3039 pollet
960 2961 1096 3038 seipsam,
1117 2977 1147 3021 et
1168 2958 1385 3036 consequenter

201 3093 296 3150 ueque
316 3092 361 3134 res
383 3077 528 3135 naturales
555 3074 745 3150 conservare;
770 3075 820 3136 sed
841 3074 901 3152 ipsa
923 3074 1009 3135 etiam
1031 3076 1130 3134 eadem
1152 3069 1304 3148 porentia,
1324 3089 1386 3146 qua

201 3185 343 3265 indigeret
366 3202 399 3246 ut
420 3200 579 3261 crearetur,
602 3187 746 3266 indigeret
768 3187 853 3248 utin
875 3185 1026 3247 existendo
1048 3185 1254 3261 perseveraret,

242 3299 268 3379 §.
290 3299 342 3359 lll.
384 3299 460 3360 llinc
482 3299 589 3378 igitur,
610 3303 691 3376 quod
714 3299 823 3360 scilicet
845 3317 937 3359 rerum
960 3296 1132 3358 naturalium
1154 3297 1305 3373 potentia,
1326 3313 1385 3371 qua

202 3411 328 3472 existunt
356 3427 386 3472 ct
414 3427 587 3488 operantur,
616 3411 744 3487 ipstllima
765 3411 822 3472 Dei
844 3410 878 3471 su
899 3410 1052 3487 potentia,
1074 3410 1158 3470 facile
1179 3407 1386 3486 intelligimus,

203 3522 273 3599 quid
302 3525 355 3604 Jus
381 3525 502 3583 Naturae
532 3521 575 3582 srt.
617 3525 691 3583 Nam
722 3520 861 3599 quoniam
882 3525 963 3584 Deus
982 3521 1031 3598 jus
1053 3524 1090 3582 ad
1111 3520 1209 3580 omnia
1229 3519 1335 3592 haber,
1357 3535 1387 3578 et

199 3634 249 3711 jus
270 3635 325 3695 Dei
347 3634 418 3695 nihil
439 3633 516 3696 aliud
539 3635 578 3694 eli
600 3653 685 3711 (puram
708 3634 768 3710 ipsa
789 3634 845 3695 Dei
868 3627 1020 3709 potentia,
1048 3649 1194 3710 quatenus
1216 3632 1277 3692 llaec
1300 3632 1387 3690 abso·

203 3748 263 3807 lute
284 3747 373 3807 libera
394 3747 605 3823 consideratur,
627 3746 694 3807 hinc
713 3747 858 3822 sequitur,
884 3763 1119 3822 unamquamque
1143 3762 1200 3804 rem
1226 3744 1386 3803 naturalem

203 3873 317 3918 tantum
335 3857 410 3935 juris
430 3877 467 3918 ex
488 3859 601 3919 Natura
625 3859 747 3926 habere,
768 3873 910 3934 quantum
932 3857 1074 3932 potemiae
1095 3856 1184 3916 habet
1204 3856 1242 3914 ad
1262 3853 1387 3914 existen·

204 3972 272 4031 dum
284 3985 313 4030 et
325 3973 520 4046 operandum:
539 3971 778 4048 quandoquidem
796 3969 1023 4046 uniuscujusque
1034 3969 1074 4029 rei
1086 3966 1225 4029 naturalis
1235 3965 1373 4042 potentia
1379 4006 1389 4037 ,

255 4227 267 4254 ’
302 4223 378 4275 Tradl
405 4225 685 4288 Tlreol.l²ol.cp.16.

239 4325 266 4354 *‘
303 4325 359 4374 Eth.
377 4325 423 4373 lv.
441 4337 481 4390 37.
498 4323 582 4374 schol.
599 4337 630 4384 2,
648 4324 694 4374 lV.
711 4322 753 4388 62⁰.
769 4325 843 4374 Deua.
