2934 4900
342 284 842 364 Theologico-Politici
882 288 1030 365 Cap.Vl.
1221 302 1280 370 455

77 476 238 530 narretur,
260 474 375 522 utnon
397 459 448 522 nisi
470 463 506 522 de
528 463 645 524 duobus
667 461 780 524 casibus
799 463 884 540 loqui
905 463 1079 538 videantu13
1101 478 1130 524 et
1151 463 1280 542 denique

79 587 124 634 ut
141 571 222 649 vsaepe
242 591 303 634 non
323 575 479 636 admodum
501 573 618 636 difficile
639 573 690 650 frt,
711 593 749 636 ex
761 574 831 636 solis
840 575 967 638 historiis
979 576 1137 652 opiniones
1148 576 1277 638 chrono-

77 683 192 762 graphi
213 699 243 745 et
270 684 397 746 historici
425 684 607 765 investigare.
648 687 697 748 Ad
718 687 781 748 baec
802 689 1031 750 confirmandum
1053 690 1144 750 multa
1166 689 1279 750 adfene

79 794 218 872 possem,
238 811 296 856 tam
317 795 579 872 Philosophorum,
599 797 650 874 qui
671 798 818 860 historiam
838 801 959 862 Naturae
980 798 1172 877 scripserunt,
1193 819 1279 876 quam

81 906 388 986 Chronographorum
411 910 561 984 exempla,
582 908 633 970 nist
654 909 686 972 id
707 909 883 986 superfluum
904 910 1107 989 existimarem
1136 931 1174 973 ex
1194 912 1280 974 Sacra

81 1035 189 1082 autem
210 1019 357 1096 Scriptura
378 1039 467 1082 unum
488 1035 602 1084 tantum
624 1023 772 1090 adferam,
789 1025 826 1084 dc
838 1023 958 1099 reliquis
968 1025 1076 1086 Lector
1087 1024 1147 1101 ipse
1154 1023 1279 1101 judicet.

81 1135 239 1209 Tempore
258 1133 355 1213 Josuae
377 1133 494 1196 Hebraei
515 1133 565 1212 (ut
582 1134 641 1210 jam
664 1134 749 1210 supra
771 1134 953 1215 monuimus)
980 1155 1045 1197 cum
1068 1139 1158 1216 vulgo
1179 1140 1279 1198 crede-

82 1248 179 1320 bant,
206 1245 294 1306 lolem
322 1262 424 1323 motu,
451 1263 484 1308 ut
513 1262 641 1324 vocant,
661 1247 768 1310 diurno
802 1248 931 1324 moveri,
951 1262 1054 1310 terram
1075 1263 1172 1312 autem
1193 1248 1277 1325 quie·

83 1356 186 1430 scere;
207 1371 238 1416 et
265 1357 334 1418 huic
367 1371 580 1432 praeconceptae
613 1355 749 1433 opinioni
770 1356 954 1432 miraculum,
974 1359 1058 1434 quod
1078 1341 1114 1418 iis
1135 1356 1279 1436 contigit,

83 1485 279 1530 cumcontra
301 1469 431 1546 quinque
453 1468 519 1529 illos
540 1487 622 1548 reges
643 1482 827 1547 pugnarent,
853 1471 1077 1544 adaptavemnt.
1108 1471 1178 1530 Non
1201 1468 1277 1530 enim

82 1577 254 1654 simpliciter
273 1595 461 1642 narraverunt
468 1625 478 1656 ,
499 1579 575 1642 diem
596 1580 676 1642 illum
697 1579 787 1642 solito
809 1579 971 1660 longiorem
991 1579 1091 1656 soille,
1110 1578 1170 1656 sed,
1187 1579 1276 1641 solem

83 1705 120 1752 et
151 1691 247 1752 lunam
277 1690 397 1768 stetilse,
425 1691 484 1756 ssve
514 1712 530 1754 a
551 1693 605 1755 suo
626 1708 711 1754 motu
732 1691 894 1768 collavilfe3
916 1695 999 1770 quod
1018 1691 1086 1768 ipss
1107 1691 1194 1754 etiam
1215 1707 1277 1753 tum

83 1803 231 1881 temporis
251 1823 312 1868 non
334 1825 434 1882 parum
456 1805 593 1869 inservire
614 1820 732 1882 poterat
754 1808 791 1867 ad
811 1805 972 1881 Ethnicos,
993 1804 1045 1882 qui
1065 1805 1154 1865 solem
1175 1805 1278 1866 adora·

84 1921 179 1993 bant,
207 1919 462 1994 convincendum,
491 1918 604 1996 etipsa
627 1917 809 1994 experientia
830 1919 1094 1994 comprobandum,
1114 1916 1203 1978 solem
1225 1917 1277 1978 sub

89 2029 213 2092 alterius
234 2029 360 2092 numinis
381 2030 502 2108 imperio
524 2030 598 2106 esse,
619 2049 656 2092 ex
677 2030 763 2106 cujus
782 2045 860 2092 nutu
880 2030 1011 2092 ordinem
1027 2029 1109 2091 fuum
1119 2030 1279 2091 naturalem

85 2157 201 2202 mutare
222 2156 348 2204 tenetur.
390 2144 488 2225 Quare
510 2143 615 2219 partim
636 2161 674 2204 ex
694 2143 852 2222 religione,
879 2143 985 2220 partim
1007 2161 1044 2203 ex
1065 2143 1278 2220 praeconceptis

85 2252 282 2327 opinionibus
311 2271 369 2314 rem
397 2255 485 2333 longe
515 2254 618 2331 aliter,
647 2274 733 2332 quam
753 2273 854 2319 revera
876 2254 1046 2334 contingere
1066 2254 1184 2331 potuit,
1204 2273 1279 2316 con·

88 2379 234 2440 ceperunt
257 2382 346 2442 atque
374 2383 590 2430 enarraverunt.
631 2367 725 2446 Igitur
746 2369 782 2430 ad
803 2368 939 2430 miracula
959 2367 1115 2444 Scriptura
1135 2367 1278 2444 interpre-

86 2481 228 2555 tandum,
260 2495 290 2541 et
322 2499 359 2541 ex
391 2498 491 2542 eorum
525 2481 740 2543 narrationibus
771 2480 1007 2561 intelligendum,
1037 2483 1188 2559 quomodo
1216 2481 1278 2558 ipsa

88 2610 192 2653 revera
213 2593 409 2673 contigerint,
431 2592 541 2655 necelse
563 2594 621 2670 est,
643 2593 800 2670 opiniones
820 2612 921 2655 eorum
941 2594 1029 2672 scire,
1050 2594 1102 2672 qui
1112 2595 1173 2671 ipsa
1183 2594 1276 2672 primo

88 2720 296 2779 narraverunt,
328 2720 358 2765 et
390 2704 441 2781 qui
473 2704 560 2766 nobis
591 2722 625 2765 es
657 2704 766 2781 scripto
798 2704 996 2783 reliquerunt,
1028 2720 1058 2766 et
1090 2724 1139 2767 eas
1166 2708 1279 2782 abeo,

88 2818 172 2892 quod
210 2816 308 2877 sensus
345 2818 382 2879 iis
419 2817 623 2894 representare
664 2831 843 2895 potuerunt,
878 2816 1070 2896 distinguere3
1100 2817 1171 2877 alias
1201 2818 1277 2879 enim

89 2946 189 2990 eorum
217 2930 375 3005 opiniones
402 2945 433 2991 et
457 2928 570 3007 judicia
599 2948 664 2991 cum
685 2929 750 3006 ipso
771 2930 929 3006 miraculo,
949 2945 1039 3005 prout
1059 2947 1160 2992 revera
1180 2929 1277 2991 conti-

88 3040 149 3120 git,
170 3042 393 3105 confundemus.
421 3044 484 3103 Nec
507 3042 625 3105 adhaec
653 3058 784 3117 tantum,
805 3042 854 3103 sed
884 3060 921 3103 ne
949 3041 1036 3101 etiam
1057 3042 1271 3103 confundamus

88 3170 151 3229 res,
172 3172 237 3230 qum
258 3172 358 3217 revera
379 3154 587 3233 contigerunt,
608 3172 674 3216 cum
694 3156 783 3215 rebus
803 3152 994 3231 imaginariis,
1015 3167 1046 3213 et
1064 3172 1129 3230 qua
1147 3171 1208 3214 non
1225 3153 1277 3215 nist

89 3264 358 3341 repraesentationes
390 3266 570 3343 propheticae
603 3268 738 3341 fuerunt,
770 3283 870 3327 eorum
899 3264 1057 3342 opiniones
1086 3265 1157 3327 scire
1177 3266 1275 3328 refert.

89 3380 124 3440 ln
154 3380 302 3455 Scriptura
334 3378 409 3439 enim
442 3380 532 3440 multa
563 3395 597 3441 ut
627 3379 713 3439 realia
746 3394 913 3453 narrantur,
945 3393 975 3439 et
995 3397 1061 3455 quae
1082 3378 1169 3440 etiam
1190 3379 1276 3441 realia

91 3490 146 3551 elle
168 3493 376 3566 credebantur,
398 3510 463 3567 qua
486 3506 583 3552 tamen
605 3508 665 3553 non
687 3490 739 3551 misr
762 3490 1033 3567 repraesentationes
1050 3494 1153 3567 resque
1173 3490 1275 3570 imagi-

90 3602 183 3665 nariae'
207 3604 343 3679 fuerunr;
374 3618 407 3664 ut
438 3606 521 3679 quod
550 3605 633 3665 Deus
665 3603 819 3682 (summum
850 3603 917 3680 ens)
949 3621 966 3663 e
997 3604 1073 3664 coelo
1095 3602 1277 3665 descenderit

90 3714 172 3792 (vide
193 3714 291 3777 Exodi
312 3732 376 3791 cap.
401 3731 445 3792 19.
467 3715 509 3777 vs.
534 3716 579 3777 18.
600 3716 616 3750 *
637 3730 667 3775 et
687 3716 778 3776 Deut.
801 3732 865 3790 cap.
886 3726 914 3789 5.
936 3712 979 3776 vs.
1004 3730 1050 3791 19.
1071 3714 1128 3794 **),
1148 3719 1272 3791 etquod

90 3844 173 3889 mons
201 3826 280 3887 Sinai
308 3842 463 3904 propterea
492 3829 639 3903 fumabat,
668 3828 736 3905 quia
764 3829 848 3889 Deus
868 3826 953 3903 supra
975 3829 1099 3889 eundem
1119 3827 1276 3891 descende-

90 3953 133 3998 rat
163 3938 230 4016 igne
262 3937 472 4016 circumdatus;
506 3943 589 4017 quod
620 3940 699 4001 Elias
732 3942 768 4000 ad
789 3940 894 4000 coelum
915 3938 1003 4017 igneo
1025 3957 1111 4001 curru
1132 3954 1162 4000 et
1183 3938 1276 4019 igneis

91 4049 173 4125 equis
194 4047 372 4127 ascenderit;
393 4070 458 4128 quae
481 4052 547 4115 lane
569 4052 667 4113 omnia
689 4070 750 4113 non
772 4050 822 4113 nist
843 4049 1117 4139 repraesentationes
1138 4052 1275 4130 fuerunt,

123 4202 135 4242 ⁴
170 4215 217 4266 Ed.
234 4218 290 4266 ΡΜ
308 4219 349 4269 28.

122 4299 149 4337 t·
185 4298 232 4357 lid.
249 4300 306 4350 ΡΜ
324 4300 365 4361 all.
382 4328 415 4339 -·
431 4300 497 4353 Aliis
514 4301 552 4353 vs.
569 4314 611 4363 ις.
