2934 4900
353 301 857 382 Theologico·l’olitici
882 303 958 382 Cap.
979 304 1030 378 XL
1227 315 1287 382 519

95 477 242 556 ciliarent,
261 493 292 540 et
313 481 350 541 ad
370 477 567 541 attentionem
588 478 769 556 excitarent,
795 480 955 543 voluentnt
974 496 1043 543 ante
1064 479 1161 542 omnia
1171 481 1286 559 testari,

95 589 126 652 se
155 590 222 654 illos
252 590 323 669 esse,
355 592 406 670 qul
436 591 573 654 omnibus
603 590 740 654 fidelibus
772 610 811 653 ex
837 591 897 656 suis
916 593 1177 670 praedicationibus
1196 593 1283 656 inno·

95 719 230 782 ruerant,
259 719 289 766 et
319 704 372 782 qui
403 719 465 772 tum
486 704 569 766 claris
590 703 763 766 testimoniis
784 705 987 783 ostenderant,
1008 706 1037 766 se
1058 725 1156 769 veram
1176 709 1284 770 docere

96 815 282 894 Religionem
303 832 335 877 et
355 815 457 878 salutis
483 815 570 880 viam.
611 819 687 879 Nam
708 835 896 896 quacunque
918 836 975 898 ego
995 818 1027 879 in
1046 818 1125 880 hisce
1144 817 1285 895 Epistolis

96 927 155 989 dici
184 927 274 992 video
306 931 343 992 de
373 929 584 1006 Apostolorum
615 929 797 1008 vocatione,
816 946 848 992 et
869 930 981 1008 spiritu
1000 933 1107 995 Sancto
1127 947 1159 993 et
1179 931 1284 996 divino

96 1059 183 1116 quem
214 1041 378 1118 habebant,
409 1044 446 1105 ad
476 1061 595 1119 eorum,
627 1061 700 1122 quas
730 1043 909 1120 habuerant,
940 1042 1165 1122 praedicationes
1183 1046 1284 1108 referri

96 1153 204 1230 video,
231 1153 267 1215 iis
294 1168 409 1216 tantum
429 1154 506 1216 locis
526 1155 679 1233 exceptis,
700 1155 729 1217 in
752 1155 861 1234 quibus
881 1157 1008 1233 Spiritus
1027 1157 1086 1218 Dei
1106 1173 1138 1220 et
1157 1157 1284 1234 Spiritus

95 1269 219 1330 Sanetus
248 1285 303 1344 pro
334 1283 431 1330 mente
462 1267 546 1346 sana,
566 1270 669 1346 beata,
690 1284 721 1330 et
741 1269 809 1330 Deo
830 1268 943 1346 dicata,
963 1284 1022 1330 etc.
1043 1269 1096 1348 (dc
1116 1269 1226 1347 quibus
1246 1271 1278 1332 in

95 1378 190 1457 primo
211 1377 284 1455 Cap.
305 1378 448 1460 diximus)
469 1379 601 1444 sumitur.
622 1380 679 1442 Ex.
700 1397 743 1460 gr.
765 1380 796 1442 in
815 1380 909 1457 Epist.
929 1382 967 1442 ad
987 1379 1123 1442 Corinth.
1141 1396 1167 1442 r.
1179 1398 1243 1458 cap.
1254 1395 1282 1457 7.

96 1491 138 1554 vs.
149 1511 198 1571 4o.
219 1490 261 1552 ait
281 1491 405 1568 Paulus,
425 1492 512 1554 beata
532 1507 627 1554 aurem
646 1494 685 1572 est
699 1493 727 1571 fi
746 1496 791 1554 ira
811 1507 926 1554 maneas
939 1493 1095 1570 secundum
1108 1494 1283 1570 sententiam

95 1618 203 1674 meam
219 1613 290 1680 puto
309 1615 405 1662 autem
425 1603 513 1662 etiam
532 1619 598 1678 ego,
618 1602 696 1680 quod
713 1602 849 1682 Spiritus
868 1603 929 1664 Dei
943 1601 984 1681 fit
1002 1606 1034 1662 in
1054 1621 1106 1664 me.
1146 1602 1210 1666 Ubi
1230 1621 1283 1681 per

95 1715 238 1793 Spiritum
264 1715 324 1775 Del
349 1713 439 1791 ipsam
467 1713 546 1776 suam
575 1729 702 1776 mentem
730 1713 887 1795 intelligit,
907 1731 943 1777 ut
962 1714 1024 1792 ipse
1045 1713 1190 1778 orationis
1209 1732 1282 1776 con·

95 1839 199 1887 textus
219 1823 345 1903 indicat;
366 1826 425 1889 hoc
445 1826 523 1888 enim
543 1828 624 1891 vult:
646 1825 783 1904 viduam,
804 1845 872 1905 quae
882 1826 1012 1889 secundo
1023 1845 1085 1889 non
1095 1827 1161 1890 vult
1171 1828 1281 1889 nubere

96 1937 218 2015 marito,
237 1940 353 2000 beatam
370 1937 475 2015 judico
496 1938 653 2002 secundum
675 1957 767 2000 meam
788 1938 978 2017 sententiam,
998 1939 1050 2016 qui
1060 1939 1170 2000 coelebs
1179 1938 1281 2004 vivere

96 2050 233 2128 decrevi,
253 2065 284 2112 et
305 2069 350 2112 me
370 2054 489 2113 beatum
517 2067 603 2128 puto.
643 2051 684 2114 Et
704 2054 742 2112 ad
762 2050 841 2113 hunc
862 2052 982 2114 modum
1004 2050 1059 2112 alia
1078 2050 1265 2127 reperiuntur
1272 2097 1283 2128 ,

95 2181 161 2240 quae
182 2163 231 2224 hic
254 2165 366 2225 adferre
388 2162 635 2241 supervacaneum
653 2163 770 2240 iudico.
809 2163 886 2225 Cum
906 2162 1007 2240 itaque
1028 2163 1213 2224 statuendum
1232 2161 1283 2239 lit,

94 2275 241 2352 Epistulas
261 2277 472 2354 Apostolorum
494 2295 510 2338 a
530 2277 595 2338 solo
615 2275 742 2339 Lumine
762 2274 898 2338 Naturali
918 2274 1043 2338 didatus
1059 2273 1161 2350 ruffe,
1176 2273 1281 2338 viden·

95 2388 163 2449 dum
191 2386 251 2465 jam
284 2388 340 2465 est,
371 2390 524 2466 quomodo
554 2387 693 2467 Apostoli
724 2406 763 2449 ex
793 2386 855 2450 sola
881 2386 1006 2450 naturali
1026 2385 1200 2467 cognitione
1219 2403 1282 2465 res,

95 2516 160 2575 qua·
192 2497 245 2561 sub
275 2500 395 2561 eandem
428 2516 488 2561 non
520 2502 648 2578 cadunt,
677 2502 784 2563 docere
812 2515 959 2577 poterant
985 2500 1097 2562 Verum
1116 2498 1138 2560 sr
1158 2502 1196 2563 ad
1216 2499 1283 2577 illa,

95 2628 161 2687 qua
182 2610 258 2672 circa
285 2610 442 2688 Scriptura
470 2611 744 2689 interpretationem
773 2611 847 2689 Cap.
868 2626 897 2689 7.
916 2609 1006 2689 hujus
1025 2612 1183 2675 Tradatus
1202 2610 1282 2674 dixi·

93 2742 172 2800 mus,
193 2726 393 2801 attendamur,
415 2725 494 2789 nuda
514 2724 563 2786 hic
583 2724 671 2786 nobis
692 2724 749 2785 erit
768 2723 935 2787 difficultas.
975 2726 1052 2786 Nam
1073 2723 1207 2803 quamuis
1228 2742 1280 2801 ea,

94 2854 160 2914 quae
181 2836 212 2897 in
232 2836 334 2898 bibliis
362 2837 571 2914 continentur,
598 2852 632 2899 ut
660 2836 814 2913 plurimum
835 2836 965 2898 nostntm
986 2852 1105 2912 captum
1125 2836 1282 2912 superent,

93 2946 241 3024 possumus
262 2964 360 3011 tamen
380 2949 479 3011 secure
500 2950 537 3011 de
558 2948 657 3011 iisdem
678 2947 828 3024 disserere,
849 2950 940 3009 modo
961 2948 1039 3009 nulla
1060 2946 1115 3008 alia
1135 2945 1281 3023 principia

92 3060 280 3125 admittamus
311 3080 398 3140 quam
429 3080 481 3137 ea,
512 3080 579 3139 quae
610 3078 647 3121 ex
678 3058 740 3137 ipsa
760 3058 913 3135 Scriptura
930 3072 1091 3136 petuntur;
1111 3072 1201 3135 atque
1221 3058 1281 3120 hoc

92 3175 197 3235 codem
219 3172 307 3235 etiam
328 3175 418 3235 modo
439 3172 577 3250 Apostoli
599 3190 636 3233 ex
657 3173 762 3247 rebus,
782 3188 856 3247 quas
876 3168 1029 3245 viderant,
1046 3167 1176 3246 quasque
1195 3167 1280 3231 audi·

92 3303 213 3364 verant,
235 3302 265 3349 et
287 3306 360 3366 quas
380 3286 507 3365 denique
530 3304 567 3347 err
587 3284 769 3349 revelatione
790 3285 971 3361 habuerant,
990 3284 1080 3345 multa
1102 3284 1280 3346 concludere

92 3412 124 3459 et
154 3398 276 3475 elicere,
307 3416 399 3478 eaque
430 3398 583 3475 homines,
613 3398 633 3458 sr
665 3396 782 3459 libitum
812 3396 849 3459 iia
879 3396 967 3473 esset,
996 3399 1103 3460 docere
1129 3412 1279 3474 poterant.

91 3510 224 3588 Deinde,
252 3512 387 3589 quamvis
414 3511 550 3591 Religio,
571 3525 661 3588 prout
683 3512 719 3570 ab
741 3508 894 3587 Apostolis
923 3507 1154 3585 predicabatur,
1173 3526 1279 3584 nempe

92 3624 247 3701 srmplicem
276 3624 381 3687 Christi
402 3624 549 3687 historiam
570 3626 731 3701 narrando,
752 3623 805 3685 sub
826 3622 986 3685 Rationem
1008 3640 1069 3684 non
1090 3622 1194 3696 cadat,
1212 3618 1279 3693 eius

91 3750 189 3797 tamen
220 3736 355 3799 summam
361 3780 372 3813 ,
403 3756 469 3816 qua
499 3737 674 3815 potillimum
707 3734 895 3800 documentis
913 3733 1073 3797 moralibus
1092 3732 1223 3809 constat,
1244 3748 1280 3794 ut

92 3862 158 3908 tota
190 3846 296 3909 Christi
327 3849 459 3911 doslrina
480 3851 513 3927 *,
543 3848 640 3927 potest
671 3848 871 3927 unusquisque
890 3846 1017 3909 Lumine
1037 3843 1171 3908 Naturali
1192 3843 1279 3906 facile

92 3955 211 4035 assequi.
250 3958 388 4037 Denique
414 3960 552 4039 Apostoli
581 3979 642 4022 non
670 3960 843 4040 indigebant
872 3958 981 4020 lumine
1009 3955 1221 4033 supernaturali
1241 3957 1279 4018 ad

92 4070 296 4151 Religionem,
326 4092 412 4151 quam
446 4090 532 4137 antea
564 4073 651 4157 srgnis
681 4074 942 4157 confirmaverant,
960 4068 1108 4145 communi
1129 4068 1278 4143 hominurn

126 4320 139 4353 ⁶
176 4312 455 4375 cr.nnnot.xxv11.
