<?xml version="1.0" encoding="UTF-8"?>
<!DOCTYPE html PUBLIC "-//W3C//DTD XHTML 1.0 Transitional//EN"
    "http://www.w3.org/TR/xhtml1/DTD/xhtml1-transitional.dtd">
<html xmlns="http://www.w3.org/1999/xhtml" xml:lang="en" lang="en">
 <head>
  <title>
</title>
<meta http-equiv="Content-Type" content="text/html;charset=utf-8" />
  <meta name='ocr-system' content='tesseract 3.04.00' />
  <meta name='ocr-capabilities' content='ocr_page ocr_carea ocr_par ocr_line ocrx_word'/>
</head>
<body>
  <div class='ocr_page' id='page_1' title='image "benedictidespin02landgoog_0235.png"; bbox 0 0 2934 4900; ppageno 0'>
   <div class='ocr_carea' id='block_1_1' title="bbox 392 355 1262 420">
    <p class='ocr_par' dir='ltr' id='par_1_1' title="bbox 392 355 1262 420">
     <span class='ocr_line' id='line_1_1' title="bbox 392 355 1262 420; baseline -0.001 -1"><span class='ocrx_word' id='word_1_1' title='bbox 392 355 448 419; x_wconf 88' lang='lat' dir='ltr'>De</span> <span class='ocrx_word' id='word_1_2' title='bbox 488 357 717 420; x_wconf 77' lang='lat' dir='ltr'>Servitute</span> <span class='ocrx_word' id='word_1_3' title='bbox 758 358 985 419; x_wconf 64' lang='lat' dir='ltr'>Humana</span> <span class='ocrx_word' id='word_1_4' title='bbox 1197 374 1262 419; x_wconf 72' lang='lat' dir='ltr'>att</span> 
     </span>
    </p>
   </div>
   <div class='ocr_carea' id='block_1_2' title="bbox 67 528 1266 2065">
    <p class='ocr_par' dir='ltr' id='par_1_2' title="bbox 67 528 1266 2065">
     <span class='ocr_line' id='line_1_2' title="bbox 71 528 1264 613; baseline 0.002 -20"><span class='ocrx_word' id='word_1_5' title='bbox 71 534 129 594; x_wconf 85' lang='lat' dir='ltr'>Sed</span> <span class='ocrx_word' id='word_1_6' title='bbox 149 528 172 592; x_wconf 84' lang='lat' dir='ltr'>fi</span> <span class='ocrx_word' id='word_1_7' title='bbox 192 551 253 595; x_wconf 91' lang='lat' dir='ltr'>tem</span> <span class='ocrx_word' id='word_1_8' title='bbox 284 551 368 610; x_wconf 86' lang='lat' dir='ltr'>aequa</span> <span class='ocrx_word' id='word_1_9' title='bbox 400 534 483 594; x_wconf 87' lang='lat' dir='ltr'>lance</span> <span class='ocrx_word' id='word_1_10' title='bbox 514 534 679 593; x_wconf 89' lang='lat' dir='ltr'>examinate</span> <span class='ocrx_word' id='word_1_11' title='bbox 711 534 852 613; x_wconf 87' lang='lat' dir='ltr'>velimus,</span> <span class='ocrx_word' id='word_1_12' title='bbox 883 534 945 594; x_wconf 85' lang='lat' dir='ltr'>haec</span> <span class='ocrx_word' id='word_1_13' title='bbox 977 534 1073 594; x_wconf 89' lang='lat' dir='ltr'>omnia</span> <span class='ocrx_word' id='word_1_14' title='bbox 1106 534 1264 596; x_wconf 88' lang='lat' dir='ltr'>convenire</span> 
     </span>
     <span class='ocr_line' id='line_1_3' title="bbox 71 645 1264 724; baseline 0.003 -19"><span class='ocrx_word' id='word_1_15' title='bbox 71 646 195 707; x_wconf 89' lang='lat' dir='ltr'>omnino</span> <span class='ocrx_word' id='word_1_16' title='bbox 216 646 394 709; x_wconf 86' lang='lat' dir='ltr'>videbimus.</span> <span class='ocrx_word' id='word_1_17' title='bbox 414 648 491 707; x_wconf 87' lang='lat' dir='ltr'>Nam</span> <span class='ocrx_word' id='word_1_18' title='bbox 511 646 542 705; x_wconf 92' lang='lat' dir='ltr'>hi</span> <span class='ocrx_word' id='word_1_19' title='bbox 563 648 625 707; x_wconf 89' lang='lat' dir='ltr'>duo</span> <span class='ocrx_word' id='word_1_20' title='bbox 646 664 707 708; x_wconf 92' lang='lat' dir='ltr'>non</span> <span class='ocrx_word' id='word_1_21' title='bbox 729 645 797 707; x_wconf 90' lang='lat' dir='ltr'>sunt</span> <span class='ocrx_word' id='word_1_22' title='bbox 819 646 946 709; x_wconf 87' lang='lat' dir='ltr'>invicem</span> <span class='ocrx_word' id='word_1_23' title='bbox 968 645 1098 721; x_wconf 83' lang='lat' dir='ltr'>molesti,</span> <span class='ocrx_word' id='word_1_24' title='bbox 1118 663 1264 724; x_wconf 88' lang='lat' dir='ltr'>quatenus</span> 
     </span>
     <span class='ocr_line' id='line_1_4' title="bbox 71 758 1265 836; baseline 0.003 -19"><span class='ocrx_word' id='word_1_25' title='bbox 71 772 177 817; x_wconf 83' lang='lat' dir='ltr'>natura</span> <span class='ocrx_word' id='word_1_26' title='bbox 204 758 409 835; x_wconf 86' lang='lat' dir='ltr'>conveniunt,</span> <span class='ocrx_word' id='word_1_27' title='bbox 436 758 493 819; x_wconf 89' lang='lat' dir='ltr'>hoc</span> <span class='ocrx_word' id='word_1_28' title='bbox 523 758 564 819; x_wconf 87' lang='lat' dir='ltr'>est</span> <span class='ocrx_word' id='word_1_29' title='bbox 591 772 739 835; x_wconf 88' lang='lat' dir='ltr'>quatenus</span> <span class='ocrx_word' id='word_1_30' title='bbox 767 773 891 835; x_wconf 88' lang='lat' dir='ltr'>uterque</span> <span class='ocrx_word' id='word_1_31' title='bbox 912 758 988 819; x_wconf 89' lang='lat' dir='ltr'>idem</span> <span class='ocrx_word' id='word_1_32' title='bbox 1010 773 1102 833; x_wconf 88' lang='lat' dir='ltr'>amat,</span> <span class='ocrx_word' id='word_1_33' title='bbox 1122 758 1171 821; x_wconf 89' lang='lat' dir='ltr'>sed</span> <span class='ocrx_word' id='word_1_34' title='bbox 1193 778 1265 836; x_wconf 91' lang='lat' dir='ltr'>qua·</span> 
     </span>
     <span class='ocr_line' id='line_1_5' title="bbox 71 868 1265 946; baseline 0.003 -17"><span class='ocrx_word' id='word_1_35' title='bbox 71 886 161 930; x_wconf 88' lang='lat' dir='ltr'>tenus</span> <span class='ocrx_word' id='word_1_36' title='bbox 182 872 220 930; x_wconf 90' lang='lat' dir='ltr'>ab</span> <span class='ocrx_word' id='word_1_37' title='bbox 241 869 369 933; x_wconf 83' lang='lat' dir='ltr'>invicem</span> <span class='ocrx_word' id='word_1_38' title='bbox 390 868 565 945; x_wconf 86' lang='lat' dir='ltr'>discrepant.</span> <span class='ocrx_word' id='word_1_39' title='bbox 606 871 683 930; x_wconf 89' lang='lat' dir='ltr'>Nam</span> <span class='ocrx_word' id='word_1_40' title='bbox 704 884 851 946; x_wconf 90' lang='lat' dir='ltr'>quatenus</span> <span class='ocrx_word' id='word_1_41' title='bbox 872 885 996 946; x_wconf 87' lang='lat' dir='ltr'>uterque</span> <span class='ocrx_word' id='word_1_42' title='bbox 1017 870 1093 931; x_wconf 89' lang='lat' dir='ltr'>idem</span> <span class='ocrx_word' id='word_1_43' title='bbox 1115 886 1206 946; x_wconf 88' lang='lat' dir='ltr'>amat,</span> <span class='ocrx_word' id='word_1_44' title='bbox 1227 888 1265 932; x_wconf 90' lang='lat' dir='ltr'>eo</span> 
     </span>
     <span class='ocr_line' id='line_1_6' title="bbox 72 979 1266 1063; baseline 0.003 -23"><span class='ocrx_word' id='word_1_45' title='bbox 72 979 137 1057; x_wconf 86' lang='lat' dir='ltr'>ipso</span> <span class='ocrx_word' id='word_1_46' title='bbox 168 980 323 1059; x_wconf 87' lang='lat' dir='ltr'>utriusque</span> <span class='ocrx_word' id='word_1_47' title='bbox 354 1000 444 1049; x_wconf 74' lang='lat' dir='ltr'>amos,</span> <span class='ocrx_word' id='word_1_48' title='bbox 465 983 586 1043; x_wconf 83' lang='lat' dir='ltr'>fovetur</span> <span class='ocrx_word' id='word_1_49' title='bbox 617 981 693 1060; x_wconf 82' lang='lat' dir='ltr'>(per</span> <span class='ocrx_word' id='word_1_50' title='bbox 712 982 803 1060; x_wconf 86' lang='lat' dir='ltr'>Prop.</span> <span class='ocrx_word' id='word_1_51' title='bbox 826 998 873 1058; x_wconf 84' lang='lat'>31.</span> <span class='ocrx_word' id='word_1_52' title='bbox 890 994 923 1061; x_wconf 88' lang='lat' dir='ltr'>p.</span> <span class='ocrx_word' id='word_1_53' title='bbox 946 982 1006 1061; x_wconf 82' lang='lat'><strong>3.)‚</strong></span> <span class='ocrx_word' id='word_1_54' title='bbox 1037 982 1095 1043; x_wconf 91' lang='lat' dir='ltr'>hoc</span> <span class='ocrx_word' id='word_1_55' title='bbox 1124 982 1165 1042; x_wconf 89' lang='lat' dir='ltr'>est</span> <span class='ocrx_word' id='word_1_56' title='bbox 1193 983 1266 1063; x_wconf 87' lang='lat' dir='ltr'>(per</span> 
     </span>
     <span class='ocr_line' id='line_1_7' title="bbox 69 1091 1264 1177; baseline 0.005 -24"><span class='ocrx_word' id='word_1_57' title='bbox 69 1093 168 1172; x_wconf 79' lang='lat' dir='ltr'>Defin.</span> <span class='ocrx_word' id='word_1_58' title='bbox 189 1096 219 1153; x_wconf 88' lang='lat'>6.</span> <span class='ocrx_word' id='word_1_59' title='bbox 241 1091 380 1173; x_wconf 56' lang='grc' dir='ltr'>ΛΜ),</span> <span class='ocrx_word' id='word_1_60' title='bbox 407 1112 444 1155; x_wconf 92' lang='lat' dir='ltr'>eo</span> <span class='ocrx_word' id='word_1_61' title='bbox 472 1093 537 1171; x_wconf 83' lang='lat' dir='ltr'>ipso</span> <span class='ocrx_word' id='word_1_62' title='bbox 564 1092 717 1170; x_wconf 88' lang='lat' dir='ltr'>utriusque</span> <span class='ocrx_word' id='word_1_63' title='bbox 746 1092 865 1155; x_wconf 85' lang='lat' dir='ltr'>Laetitia</span> <span class='ocrx_word' id='word_1_64' title='bbox 888 1095 1017 1157; x_wconf 88' lang='lat' dir='ltr'>fovetur.</span> <span class='ocrx_word' id='word_1_65' title='bbox 1057 1095 1156 1177; x_wconf 82' lang='lat' dir='ltr'><strong>Quare</strong></span> <span class='ocrx_word' id='word_1_66' title='bbox 1176 1098 1264 1176; x_wconf 82' lang='lat' dir='ltr'>longe</span> 
     </span>
     <span class='ocr_line' id='line_1_8' title="bbox 71 1206 1264 1283; baseline 0.005 -18"><span class='ocrx_word' id='word_1_67' title='bbox 71 1206 171 1281; x_wconf 85' lang='lat' dir='ltr'>abest,</span> <span class='ocrx_word' id='word_1_68' title='bbox 193 1222 227 1266; x_wconf 92' lang='lat' dir='ltr'>ut</span> <span class='ocrx_word' id='word_1_69' title='bbox 249 1221 396 1282; x_wconf 86' lang='lat' dir='ltr'>quatenus</span> <span class='ocrx_word' id='word_1_70' title='bbox 416 1206 492 1267; x_wconf 89' lang='lat' dir='ltr'>idem</span> <span class='ocrx_word' id='word_1_71' title='bbox 514 1222 629 1281; x_wconf 87' lang='lat' dir='ltr'>amant,</span> <span class='ocrx_word' id='word_1_72' title='bbox 657 1221 688 1268; x_wconf 87' lang='lat' dir='ltr'>et</span> <span class='ocrx_word' id='word_1_73' title='bbox 709 1221 812 1269; x_wconf 86' lang='lat' dir='ltr'>natura</span> <span class='ocrx_word' id='word_1_74' title='bbox 834 1206 1034 1283; x_wconf 87' lang='lat' dir='ltr'>conveniunt,</span> <span class='ocrx_word' id='word_1_75' title='bbox 1055 1208 1181 1271; x_wconf 88' lang='lat' dir='ltr'>invicem</span> <span class='ocrx_word' id='word_1_76' title='bbox 1202 1229 1264 1271; x_wconf 90' lang='lat' dir='ltr'>mo-</span> 
     </span>
     <span class='ocr_line' id='line_1_9' title="bbox 69 1316 1261 1397; baseline 0.004 -21"><span class='ocrx_word' id='word_1_77' title='bbox 69 1316 132 1377; x_wconf 84' lang='lat' dir='ltr'>lesti</span> <span class='ocrx_word' id='word_1_78' title='bbox 161 1316 230 1378; x_wconf 88' lang='lat' dir='ltr'>fint.</span> <span class='ocrx_word' id='word_1_79' title='bbox 269 1320 328 1379; x_wconf 83' lang='lat' dir='ltr'>Sed</span> <span class='ocrx_word' id='word_1_80' title='bbox 354 1317 443 1395; x_wconf 88' lang='lat' dir='ltr'>hujus</span> <span class='ocrx_word' id='word_1_81' title='bbox 471 1319 512 1379; x_wconf 86' lang='lat' dir='ltr'>tei</span> <span class='ocrx_word' id='word_1_82' title='bbox 539 1318 641 1394; x_wconf 87' lang='lat' dir='ltr'>causa,</span> <span class='ocrx_word' id='word_1_83' title='bbox 668 1333 702 1379; x_wconf 90' lang='lat' dir='ltr'>ut</span> <span class='ocrx_word' id='word_1_84' title='bbox 723 1318 802 1394; x_wconf 83' lang='lat' dir='ltr'>dixi,</span> <span class='ocrx_word' id='word_1_85' title='bbox 824 1320 900 1379; x_wconf 83' lang='lat' dir='ltr'>nulio</span> <span class='ocrx_word' id='word_1_86' title='bbox 922 1317 977 1379; x_wconf 86' lang='lat' dir='ltr'>alia</span> <span class='ocrx_word' id='word_1_87' title='bbox 999 1318 1056 1394; x_wconf 88' lang='lat' dir='ltr'>est,</span> <span class='ocrx_word' id='word_1_88' title='bbox 1077 1336 1164 1395; x_wconf 88' lang='lat' dir='ltr'>quam</span> <span class='ocrx_word' id='word_1_89' title='bbox 1192 1320 1261 1397; x_wconf 88' lang='lat' dir='ltr'>quia</span> 
     </span>
     <span class='ocr_line' id='line_1_10' title="bbox 69 1428 1261 1507; baseline 0.004 -19"><span class='ocrx_word' id='word_1_90' title='bbox 69 1444 176 1490; x_wconf 84' lang='lat' dir='ltr'>natura</span> <span class='ocrx_word' id='word_1_91' title='bbox 196 1428 358 1505; x_wconf 85' lang='lat' dir='ltr'>discrepare</span> <span class='ocrx_word' id='word_1_92' title='bbox 379 1429 595 1506; x_wconf 88' lang='lat' dir='ltr'>supponuntur.</span> <span class='ocrx_word' id='word_1_93' title='bbox 634 1429 838 1505; x_wconf 83' lang='lat' dir='ltr'>Supponimus</span> <span class='ocrx_word' id='word_1_94' title='bbox 858 1448 983 1507; x_wconf 86' lang='lat' dir='ltr'>namque</span> <span class='ocrx_word' id='word_1_95' title='bbox 994 1476 1004 1506; x_wconf 84' lang='lat'>,</span> <span class='ocrx_word' id='word_1_96' title='bbox 1025 1431 1142 1492; x_wconf 82' lang='lat' dir='ltr'>Petrum</span> <span class='ocrx_word' id='word_1_97' title='bbox 1167 1430 1261 1493; x_wconf 88' lang='lat' dir='ltr'>ideam</span> 
     </span>
     <span class='ocr_line' id='line_1_11' title="bbox 67 1539 1261 1617; baseline 0.003 -16"><span class='ocrx_word' id='word_1_98' title='bbox 67 1542 178 1602; x_wconf 85' lang='lat' dir='ltr'>habete</span> <span class='ocrx_word' id='word_1_99' title='bbox 205 1542 247 1602; x_wconf 87' lang='lat' dir='ltr'>tei</span> <span class='ocrx_word' id='word_1_100' title='bbox 275 1557 377 1603; x_wconf 82' lang='lat' dir='ltr'>amatae</span> <span class='ocrx_word' id='word_1_101' title='bbox 401 1541 461 1617; x_wconf 89' lang='lat' dir='ltr'>jam</span> <span class='ocrx_word' id='word_1_102' title='bbox 489 1539 634 1617; x_wconf 67' lang='lat' dir='ltr'>posseffie,</span> <span class='ocrx_word' id='word_1_103' title='bbox 662 1556 692 1601; x_wconf 90' lang='lat' dir='ltr'>et</span> <span class='ocrx_word' id='word_1_104' title='bbox 713 1540 834 1602; x_wconf 87' lang='lat' dir='ltr'>Panium</span> <span class='ocrx_word' id='word_1_105' title='bbox 855 1557 959 1603; x_wconf 87' lang='lat' dir='ltr'>contra</span> <span class='ocrx_word' id='word_1_106' title='bbox 981 1540 1074 1605; x_wconf 89' lang='lat' dir='ltr'>ideam</span> <span class='ocrx_word' id='word_1_107' title='bbox 1097 1542 1137 1603; x_wconf 89' lang='lat' dir='ltr'>tei</span> <span class='ocrx_word' id='word_1_108' title='bbox 1160 1559 1261 1604; x_wconf 87' lang='lat' dir='ltr'>nmatae</span> 
     </span>
     <span class='ocr_line' id='line_1_12' title="bbox 68 1652 1264 1731; baseline 0.003 -19"><span class='ocrx_word' id='word_1_109' title='bbox 68 1652 183 1715; x_wconf 82' lang='lat' dir='ltr'>amiffae.</span> <span class='ocrx_word' id='word_1_110' title='bbox 225 1656 316 1715; x_wconf 83' lang='lat' dir='ltr'><strong>Unde</strong></span> <span class='ocrx_word' id='word_1_111' title='bbox 336 1654 388 1728; x_wconf 89' lang='lat' dir='ltr'>fit,</span> <span class='ocrx_word' id='word_1_112' title='bbox 417 1669 450 1713; x_wconf 89' lang='lat' dir='ltr'>ut</span> <span class='ocrx_word' id='word_1_113' title='bbox 470 1652 518 1713; x_wconf 85' lang='lat' dir='ltr'>hie</span> <span class='ocrx_word' id='word_1_114' title='bbox 537 1652 688 1727; x_wconf 89' lang='lat' dir='ltr'>Tristitia,</span> <span class='ocrx_word' id='word_1_115' title='bbox 715 1668 746 1713; x_wconf 90' lang='lat' dir='ltr'>et</span> <span class='ocrx_word' id='word_1_116' title='bbox 770 1653 817 1713; x_wconf 90' lang='lat' dir='ltr'>ille</span> <span class='ocrx_word' id='word_1_117' title='bbox 839 1670 942 1715; x_wconf 86' lang='lat' dir='ltr'>contra</span> <span class='ocrx_word' id='word_1_118' title='bbox 963 1654 1082 1715; x_wconf 85' lang='lat' dir='ltr'>Laetitia</span> <span class='ocrx_word' id='word_1_119' title='bbox 1104 1654 1264 1731; x_wconf 82' lang='lat' dir='ltr'>afficiatur,</span> 
     </span>
     <span class='ocr_line' id='line_1_13' title="bbox 67 1762 1263 1841; baseline 0.002 -16"><span class='ocrx_word' id='word_1_120' title='bbox 67 1781 159 1841; x_wconf 86' lang='lat' dir='ltr'>atque</span> <span class='ocrx_word' id='word_1_121' title='bbox 183 1779 307 1826; x_wconf 89' lang='lat' dir='ltr'>eatenus</span> <span class='ocrx_word' id='word_1_122' title='bbox 333 1763 460 1828; x_wconf 88' lang='lat' dir='ltr'>invicem</span> <span class='ocrx_word' id='word_1_123' title='bbox 487 1764 626 1825; x_wconf 85' lang='lat' dir='ltr'>contrarii</span> <span class='ocrx_word' id='word_1_124' title='bbox 648 1762 714 1825; x_wconf 86' lang='lat' dir='ltr'>fint.</span> <span class='ocrx_word' id='word_1_125' title='bbox 755 1765 853 1827; x_wconf 75' lang='lat' dir='ltr'>Essa</span> <span class='ocrx_word' id='word_1_126' title='bbox 873 1765 951 1827; x_wconf 91' lang='lat' dir='ltr'>hunc</span> <span class='ocrx_word' id='word_1_127' title='bbox 973 1768 1091 1829; x_wconf 87' lang='lat' dir='ltr'>modum</span> <span class='ocrx_word' id='word_1_128' title='bbox 1113 1767 1263 1828; x_wconf 87' lang='lat' dir='ltr'>ostendere</span> 
     </span>
     <span class='ocr_line' id='line_1_14' title="bbox 70 1874 1264 1955; baseline 0.004 -20"><span class='ocrx_word' id='word_1_129' title='bbox 70 1876 156 1936; x_wconf 82' lang='lat' dir='ltr'>facile</span> <span class='ocrx_word' id='word_1_130' title='bbox 189 1874 357 1952; x_wconf 78' lang='lat' dir='ltr'>possumus,</span> <span class='ocrx_word' id='word_1_131' title='bbox 388 1876 513 1952; x_wconf 88' lang='lat' dir='ltr'>reliquas</span> <span class='ocrx_word' id='word_1_132' title='bbox 544 1876 606 1939; x_wconf 92' lang='lat' dir='ltr'>odii</span> <span class='ocrx_word' id='word_1_133' title='bbox 639 1875 740 1937; x_wconf 85' lang='lat' dir='ltr'>causas</span> <span class='ocrx_word' id='word_1_134' title='bbox 772 1878 808 1937; x_wconf 90' lang='lat' dir='ltr'>ab</span> <span class='ocrx_word' id='word_1_135' title='bbox 839 1876 897 1938; x_wconf 90' lang='lat' dir='ltr'>hoc</span> <span class='ocrx_word' id='word_1_136' title='bbox 926 1876 989 1938; x_wconf 90' lang='lat' dir='ltr'>solo</span> <span class='ocrx_word' id='word_1_137' title='bbox 1018 1880 1161 1954; x_wconf 84' lang='lat' dir='ltr'>pendete,</span> <span class='ocrx_word' id='word_1_138' title='bbox 1183 1882 1264 1955; x_wconf 90' lang='lat' dir='ltr'>quod</span> 
     </span>
     <span class='ocr_line' id='line_1_15' title="bbox 69 1987 1154 2065; baseline 0.006 -18"><span class='ocrx_word' id='word_1_139' title='bbox 69 1988 208 2048; x_wconf 87' lang='lat' dir='ltr'>homines</span> <span class='ocrx_word' id='word_1_140' title='bbox 230 2003 332 2048; x_wconf 86' lang='lat' dir='ltr'>natura</span> <span class='ocrx_word' id='word_1_141' title='bbox 353 1987 534 2065; x_wconf 83' lang='lat' dir='ltr'>discrepant,</span> <span class='ocrx_word' id='word_1_142' title='bbox 555 2004 585 2048; x_wconf 88' lang='lat' dir='ltr'>et</span> <span class='ocrx_word' id='word_1_143' title='bbox 607 2005 668 2049; x_wconf 90' lang='lat' dir='ltr'>non</span> <span class='ocrx_word' id='word_1_144' title='bbox 690 1990 725 2048; x_wconf 90' lang='lat' dir='ltr'>ab</span> <span class='ocrx_word' id='word_1_145' title='bbox 750 2006 803 2064; x_wconf 91' lang='lat' dir='ltr'>eo,</span> <span class='ocrx_word' id='word_1_146' title='bbox 825 1988 854 2049; x_wconf 93' lang='lat' dir='ltr'>in</span> <span class='ocrx_word' id='word_1_147' title='bbox 877 2006 938 2065; x_wconf 90' lang='lat' dir='ltr'>quo</span> <span class='ocrx_word' id='word_1_148' title='bbox 961 1990 1154 2053; x_wconf 86' lang='lat' dir='ltr'>conveniunt.</span> 
     </span>
    </p>
   </div>
   <div class='ocr_carea' id='block_1_3' title="bbox 425 2161 1119 2283">
    <p class='ocr_par' dir='ltr' id='par_1_3' title="bbox 425 2161 1119 2283">
     <span class='ocr_line' id='line_1_16' title="bbox 425 2161 1119 2283; baseline 0.004 -61"><span class='ocrx_word' id='word_1_149' title='bbox 425 2163 754 2224; x_wconf 85' lang='lat' dir='ltr'>PROPOSITIO</span> <span class='ocrx_word' id='word_1_150' title='bbox 794 2161 916 2225; x_wconf 78' lang='lat' dir='ltr'>XXXV.</span> <span class='ocrx_word' id='word_1_151' title='bbox 1104 2252 1119 2283; x_wconf 45' lang='grc' dir='ltr'>ι</span> 
     </span>
    </p>
   </div>
   <div class='ocr_carea' id='block_1_4' title="bbox 72 2288 1265 2482">
    <p class='ocr_par' dir='ltr' id='par_1_4' title="bbox 72 2288 1265 2482">
     <span class='ocr_line' id='line_1_17' title="bbox 114 2288 1265 2369; baseline 0.005 -20"><span class='ocrx_word' id='word_1_152' title='bbox 114 2290 264 2369; x_wconf 79' lang='lat' dir='ltr'>Quatenus</span> <span class='ocrx_word' id='word_1_153' title='bbox 284 2288 408 2350; x_wconf 79' lang='lat' dir='ltr'>homines</span> <span class='ocrx_word' id='word_1_154' title='bbox 427 2311 464 2349; x_wconf 82' lang='lat' dir='ltr'>tx</span> <span class='ocrx_word' id='word_1_155' title='bbox 483 2292 568 2351; x_wconf 72' lang='lat' dir='ltr'>duiiu</span> <span class='ocrx_word' id='word_1_156' title='bbox 588 2290 725 2351; x_wconf 80' lang='lat' dir='ltr'>Rationis</span> <span class='ocrx_word' id='word_1_157' title='bbox 745 2296 867 2369; x_wconf 75' lang='lat' dir='ltr'>vivunt,</span> <span class='ocrx_word' id='word_1_158' title='bbox 885 2306 1001 2353; x_wconf 64' lang='lat' dir='ltr'>ementes</span> <span class='ocrx_word' id='word_1_159' title='bbox 1021 2306 1134 2352; x_wconf 83' lang='lat' dir='ltr'>tantum</span> <span class='ocrx_word' id='word_1_160' title='bbox 1154 2306 1265 2355; x_wconf 71' lang='lat' dir='ltr'>natura</span> 
     </span>
     <span class='ocr_line' id='line_1_18' title="bbox 72 2402 556 2482; baseline 0.006 -22"><span class='ocrx_word' id='word_1_161' title='bbox 72 2403 187 2482; x_wconf 83' lang='lat' dir='ltr'>semper</span> <span class='ocrx_word' id='word_1_162' title='bbox 206 2402 359 2482; x_wconf 78' lang='lat' dir='ltr'>ncceffott&#39;o</span> <span class='ocrx_word' id='word_1_163' title='bbox 379 2407 556 2463; x_wconf 84' lang='lat' dir='ltr'>conveniunt.</span> 
     </span>
    </p>
   </div>
   <div class='ocr_carea' id='block_1_5' title="bbox 472 2581 866 2625">
    <p class='ocr_par' dir='ltr' id='par_1_5' title="bbox 472 2581 866 2625">
     <span class='ocr_line' id='line_1_19' title="bbox 472 2581 866 2625; baseline 0.005 -2"><span class='ocrx_word' id='word_1_164' title='bbox 472 2581 866 2625; x_wconf 78' lang='lat' dir='ltr'>DEMONSTRATIO.</span> 
     </span>
    </p>
   </div>
   <div class='ocr_carea' id='block_1_6' title="bbox 70 2676 1264 4439">
    <p class='ocr_par' dir='ltr' id='par_1_6' title="bbox 70 2676 1264 4439">
     <span class='ocr_line' id='line_1_20' title="bbox 112 2676 1263 2762; baseline 0.001 -20"><span class='ocrx_word' id='word_1_165' title='bbox 112 2680 272 2762; x_wconf 78' lang='lat' dir='ltr'>Quatenus</span> <span class='ocrx_word' id='word_1_166' title='bbox 301 2680 434 2742; x_wconf 90' lang='lat' dir='ltr'>homines</span> <span class='ocrx_word' id='word_1_167' title='bbox 466 2681 636 2758; x_wconf 57' lang='lat' dir='ltr'>affetiibnm</span> <span class='ocrx_word' id='word_1_168' title='bbox 667 2683 718 2758; x_wconf 89' lang='lat' dir='ltr'>qui</span> <span class='ocrx_word' id='word_1_169' title='bbox 751 2684 892 2758; x_wconf 84' lang='lat' dir='ltr'>paffiones</span> <span class='ocrx_word' id='word_1_170' title='bbox 924 2683 1011 2759; x_wconf 83' lang='lat' dir='ltr'>sunt,</span> <span class='ocrx_word' id='word_1_171' title='bbox 1042 2676 1263 2758; x_wconf 74' lang='lat' dir='ltr'>confliiinntnt,</span> 
     </span>
     <span class='ocr_line' id='line_1_21' title="bbox 75 2789 1263 2874; baseline 0.003 -23"><span class='ocrx_word' id='word_1_172' title='bbox 75 2791 193 2867; x_wconf 80' lang='lat' dir='ltr'>poss&#39;unt</span> <span class='ocrx_word' id='word_1_173' title='bbox 215 2789 270 2853; x_wconf 78' lang='lat' dir='ltr'>effe</span> <span class='ocrx_word' id='word_1_174' title='bbox 291 2809 393 2854; x_wconf 85' lang='lat' dir='ltr'>natura</span> <span class='ocrx_word' id='word_1_175' title='bbox 415 2793 519 2856; x_wconf 79' lang='lat' dir='ltr'>diversi</span> <span class='ocrx_word' id='word_1_176' title='bbox 542 2795 614 2874; x_wconf 87' lang='lat' dir='ltr'>(per</span> <span class='ocrx_word' id='word_1_177' title='bbox 634 2797 723 2874; x_wconf 85' lang='lat' dir='ltr'>Prop.</span> <span class='ocrx_word' id='word_1_178' title='bbox 741 2795 906 2874; x_wconf 80' lang='lat' dir='ltr'>33.l1ujus)</span> <span class='ocrx_word' id='word_1_179' title='bbox 929 2811 958 2855; x_wconf 92' lang='lat' dir='ltr'>et</span> <span class='ocrx_word' id='word_1_180' title='bbox 980 2795 1105 2857; x_wconf 87' lang='lat' dir='ltr'>invicem</span> <span class='ocrx_word' id='word_1_181' title='bbox 1126 2795 1263 2856; x_wconf 89' lang='lat' dir='ltr'>contrarii</span> 
     </span>
     <span class='ocr_line' id='line_1_22' title="bbox 73 2906 1263 2986; baseline 0.002 -21"><span class='ocrx_word' id='word_1_182' title='bbox 73 2907 144 2985; x_wconf 82' lang='lat' dir='ltr'>(per</span> <span class='ocrx_word' id='word_1_183' title='bbox 166 2908 257 2985; x_wconf 85' lang='lat' dir='ltr'>Prop.</span> <span class='ocrx_word' id='word_1_184' title='bbox 274 2907 422 2985; x_wconf 53' lang='lat' dir='ltr'>praesb),</span> <span class='ocrx_word' id='word_1_185' title='bbox 463 2907 521 2967; x_wconf 88' lang='lat' dir='ltr'>Sed</span> <span class='ocrx_word' id='word_1_186' title='bbox 549 2922 672 2968; x_wconf 88' lang='lat' dir='ltr'>eatenus</span> <span class='ocrx_word' id='word_1_187' title='bbox 699 2906 833 2968; x_wconf 89' lang='lat' dir='ltr'>homines</span> <span class='ocrx_word' id='word_1_188' title='bbox 861 2923 975 2969; x_wconf 85' lang='lat' dir='ltr'>tantum</span> <span class='ocrx_word' id='word_1_189' title='bbox 1004 2923 1087 2986; x_wconf 83' lang='lat' dir='ltr'>agere</span> <span class='ocrx_word' id='word_1_190' title='bbox 1108 2908 1263 2984; x_wconf 83' lang='lat' dir='ltr'>dicuntur,</span> 
     </span>
     <span class='ocr_line' id='line_1_23' title="bbox 73 3019 1262 3099; baseline 0 -19"><span class='ocrx_word' id='word_1_191' title='bbox 73 3035 224 3096; x_wconf 87' lang='lat' dir='ltr'>quatenus</span> <span class='ocrx_word' id='word_1_192' title='bbox 244 3037 281 3079; x_wconf 86' lang='lat' dir='ltr'>ex</span> <span class='ocrx_word' id='word_1_193' title='bbox 301 3021 391 3081; x_wconf 67' lang='lat' dir='ltr'>dueta</span> <span class='ocrx_word' id='word_1_194' title='bbox 411 3019 550 3080; x_wconf 84' lang='lat' dir='ltr'>Rationis</span> <span class='ocrx_word' id='word_1_195' title='bbox 567 3019 676 3082; x_wconf 88' lang='lat' dir='ltr'>vivunt</span> <span class='ocrx_word' id='word_1_196' title='bbox 695 3020 767 3098; x_wconf 88' lang='lat' dir='ltr'>(per</span> <span class='ocrx_word' id='word_1_197' title='bbox 788 3021 876 3098; x_wconf 86' lang='lat' dir='ltr'>Prop.</span> <span class='ocrx_word' id='word_1_198' title='bbox 899 3038 926 3096; x_wconf 84' lang='lat'>3.</span> <span class='ocrx_word' id='word_1_199' title='bbox 942 3031 974 3099; x_wconf 80' lang='lat' dir='ltr'>p.</span> <span class='ocrx_word' id='word_1_200' title='bbox 997 3022 1056 3099; x_wconf 87' lang='lat'><strong>3.);</strong></span> <span class='ocrx_word' id='word_1_201' title='bbox 1078 3035 1166 3096; x_wconf 88' lang='lat' dir='ltr'>atque</span> <span class='ocrx_word' id='word_1_202' title='bbox 1188 3022 1262 3081; x_wconf 88' lang='lat' dir='ltr'>adeo</span> 
     </span>
     <span class='ocr_line' id='line_1_24' title="bbox 72 3129 1263 3208; baseline 0.002 -16"><span class='ocrx_word' id='word_1_203' title='bbox 72 3131 219 3208; x_wconf 83' lang='lat' dir='ltr'>quicquid</span> <span class='ocrx_word' id='word_1_204' title='bbox 240 3149 278 3191; x_wconf 86' lang='lat' dir='ltr'>ex</span> <span class='ocrx_word' id='word_1_205' title='bbox 298 3131 422 3192; x_wconf 88' lang='lat' dir='ltr'>humana</span> <span class='ocrx_word' id='word_1_206' title='bbox 444 3147 564 3205; x_wconf 86' lang='lat' dir='ltr'>natura,</span> <span class='ocrx_word' id='word_1_207' title='bbox 585 3145 732 3207; x_wconf 86' lang='lat' dir='ltr'>quatenus</span> <span class='ocrx_word' id='word_1_208' title='bbox 754 3132 884 3192; x_wconf 88' lang='lat' dir='ltr'>Ratione</span> <span class='ocrx_word' id='word_1_209' title='bbox 905 3131 1051 3208; x_wconf 83' lang='lat' dir='ltr'>definitur,</span> <span class='ocrx_word' id='word_1_210' title='bbox 1072 3129 1213 3208; x_wconf 88' lang='lat' dir='ltr'>sequitur,</span> <span class='ocrx_word' id='word_1_211' title='bbox 1233 3129 1263 3194; x_wconf 91' lang='lat' dir='ltr'>id</span> 
     </span>
     <span class='ocr_line' id='line_1_25' title="bbox 71 3241 1264 3323; baseline 0 -20"><span class='ocrx_word' id='word_1_212' title='bbox 71 3245 147 3323; x_wconf 80' lang='lat' dir='ltr'>(per</span> <span class='ocrx_word' id='word_1_213' title='bbox 175 3242 272 3322; x_wconf 78' lang='lat' dir='ltr'>Defin.</span> <span class='ocrx_word' id='word_1_214' title='bbox 293 3260 321 3303; x_wconf 84' lang='lat'>2.</span> <span class='ocrx_word' id='word_1_215' title='bbox 346 3257 379 3322; x_wconf 85' lang='lat' dir='ltr'>p.</span> <span class='ocrx_word' id='word_1_216' title='bbox 401 3243 444 3321; x_wconf 81' lang='lat'>3.)</span> <span class='ocrx_word' id='word_1_217' title='bbox 479 3261 529 3318; x_wconf 89' lang='lat' dir='ltr'>pet</span> <span class='ocrx_word' id='word_1_218' title='bbox 560 3241 649 3303; x_wconf 86' lang='lat' dir='ltr'>solam</span> <span class='ocrx_word' id='word_1_219' title='bbox 680 3243 834 3303; x_wconf 83' lang='lat' dir='ltr'>humanam</span> <span class='ocrx_word' id='word_1_220' title='bbox 865 3257 995 3303; x_wconf 84' lang='lat' dir='ltr'>naturam</span> <span class='ocrx_word' id='word_1_221' title='bbox 1004 3287 1019 3319; x_wconf 63' lang='lat'>,‚</span> <span class='ocrx_word' id='word_1_222' title='bbox 1044 3258 1181 3318; x_wconf 87' lang='lat' dir='ltr'>tanquam</span> <span class='ocrx_word' id='word_1_223' title='bbox 1213 3260 1264 3318; x_wconf 89' lang='lat' dir='ltr'>per</span> 
     </span>
     <span class='ocr_line' id='line_1_26' title="bbox 71 3345 1262 3432; baseline -0.002 -18"><span class='ocrx_word' id='word_1_224' title='bbox 71 3354 238 3431; x_wconf 80' lang='lat' dir='ltr'>proximam</span> <span class='ocrx_word' id='word_1_225' title='bbox 269 3345 347 3415; x_wconf 85' lang='lat' dir='ltr'>suain</span> <span class='ocrx_word' id='word_1_226' title='bbox 378 3353 513 3426; x_wconf 87' lang='lat' dir='ltr'>causam,</span> <span class='ocrx_word' id='word_1_227' title='bbox 544 3355 632 3414; x_wconf 89' lang='lat' dir='ltr'>debet</span> <span class='ocrx_word' id='word_1_228' title='bbox 664 3353 797 3432; x_wconf 86' lang='lat' dir='ltr'>intelligi.</span> <span class='ocrx_word' id='word_1_229' title='bbox 838 3355 894 3415; x_wconf 86' lang='lat' dir='ltr'>Sed</span> <span class='ocrx_word' id='word_1_230' title='bbox 917 3353 985 3430; x_wconf 91' lang='lat' dir='ltr'>quia</span> <span class='ocrx_word' id='word_1_231' title='bbox 1006 3353 1204 3430; x_wconf 87' lang='lat' dir='ltr'>unnsquisque</span> <span class='ocrx_word' id='word_1_232' title='bbox 1225 3371 1262 3413; x_wconf 86' lang='lat' dir='ltr'>ex</span> 
     </span>
     <span class='ocr_line' id='line_1_27' title="bbox 70 3463 1263 3544; baseline -0.001 -18"><span class='ocrx_word' id='word_1_233' title='bbox 70 3467 129 3528; x_wconf 85' lang='lat' dir='ltr'>suae</span> <span class='ocrx_word' id='word_1_234' title='bbox 153 3483 267 3526; x_wconf 86' lang='lat' dir='ltr'>natutae</span> <span class='ocrx_word' id='word_1_235' title='bbox 288 3465 402 3544; x_wconf 82' lang='lat' dir='ltr'>legibus</span> <span class='ocrx_word' id='word_1_236' title='bbox 422 3465 453 3525; x_wconf 92' lang='lat' dir='ltr'>id</span> <span class='ocrx_word' id='word_1_237' title='bbox 474 3463 605 3541; x_wconf 89' lang='lat' dir='ltr'>appetit,</span> <span class='ocrx_word' id='word_1_238' title='bbox 627 3467 709 3541; x_wconf 91' lang='lat' dir='ltr'>quod</span> <span class='ocrx_word' id='word_1_239' title='bbox 729 3469 855 3540; x_wconf 88' lang='lat' dir='ltr'>bonum,</span> <span class='ocrx_word' id='word_1_240' title='bbox 873 3480 903 3526; x_wconf 93' lang='lat' dir='ltr'>et</span> <span class='ocrx_word' id='word_1_241' title='bbox 922 3465 951 3526; x_wconf 89' lang='lat' dir='ltr'>id</span> <span class='ocrx_word' id='word_1_242' title='bbox 970 3482 1105 3528; x_wconf 87' lang='lat' dir='ltr'>amovete</span> <span class='ocrx_word' id='word_1_243' title='bbox 1124 3481 1263 3541; x_wconf 85' lang='lat' dir='ltr'>conatur,</span> 
     </span>
     <span class='ocr_line' id='line_1_28' title="bbox 71 3576 1264 3657; baseline 0 -17"><span class='ocrx_word' id='word_1_244' title='bbox 71 3581 156 3656; x_wconf 86' lang='lat' dir='ltr'>qnod</span> <span class='ocrx_word' id='word_1_245' title='bbox 177 3581 283 3639; x_wconf 86' lang='lat' dir='ltr'>malum</span> <span class='ocrx_word' id='word_1_246' title='bbox 304 3577 360 3639; x_wconf 84' lang='lat' dir='ltr'>effe</span> <span class='ocrx_word' id='word_1_247' title='bbox 378 3576 493 3654; x_wconf 87' lang='lat' dir='ltr'>judicat</span> <span class='ocrx_word' id='word_1_248' title='bbox 514 3578 588 3657; x_wconf 84' lang='lat' dir='ltr'>(per</span> <span class='ocrx_word' id='word_1_249' title='bbox 608 3579 698 3657; x_wconf 85' lang='lat' dir='ltr'>Prop.</span> <span class='ocrx_word' id='word_1_250' title='bbox 719 3595 765 3654; x_wconf 89' lang='lat'>19.</span> <span class='ocrx_word' id='word_1_251' title='bbox 783 3577 898 3656; x_wconf 80' lang='lat' dir='ltr'>hujus);</span> <span class='ocrx_word' id='word_1_252' title='bbox 920 3595 950 3639; x_wconf 90' lang='lat' dir='ltr'>et</span> <span class='ocrx_word' id='word_1_253' title='bbox 972 3597 1036 3639; x_wconf 88' lang='lat' dir='ltr'>cnm</span> <span class='ocrx_word' id='word_1_254' title='bbox 1058 3592 1197 3653; x_wconf 79' lang='lat' dir='ltr'>praeterea</span> <span class='ocrx_word' id='word_1_255' title='bbox 1218 3578 1264 3653; x_wconf 90' lang='lat' dir='ltr'>id,</span> 
     </span>
     <span class='ocr_line' id='line_1_29' title="bbox 72 3689 1262 3768; baseline -0.002 -16"><span class='ocrx_word' id='word_1_256' title='bbox 72 3693 156 3768; x_wconf 91' lang='lat' dir='ltr'>quod</span> <span class='ocrx_word' id='word_1_257' title='bbox 173 3709 214 3750; x_wconf 87' lang='lat' dir='ltr'>ex</span> <span class='ocrx_word' id='word_1_258' title='bbox 231 3690 385 3752; x_wconf 70' lang='lat' dir='ltr'>diiiamine</span> <span class='ocrx_word' id='word_1_259' title='bbox 395 3689 535 3750; x_wconf 87' lang='lat' dir='ltr'>Rationis</span> <span class='ocrx_word' id='word_1_260' title='bbox 546 3692 656 3751; x_wconf 87' lang='lat' dir='ltr'>bonam</span> <span class='ocrx_word' id='word_1_261' title='bbox 668 3705 718 3751; x_wconf 91' lang='lat' dir='ltr'>aut</span> <span class='ocrx_word' id='word_1_262' title='bbox 730 3691 833 3750; x_wconf 82' lang='lat' dir='ltr'>malton</span> <span class='ocrx_word' id='word_1_263' title='bbox 846 3689 902 3751; x_wconf 83' lang='lat' dir='ltr'>effe</span> <span class='ocrx_word' id='word_1_264' title='bbox 909 3689 1091 3766; x_wconf 82' lang='lat' dir='ltr'>judicamus,</span> <span class='ocrx_word' id='word_1_265' title='bbox 1106 3689 1262 3750; x_wconf 78' lang='lat' dir='ltr'>necessario</span> 
     </span>
     <span class='ocr_line' id='line_1_30' title="bbox 71 3803 1263 3883; baseline -0.001 -18"><span class='ocrx_word' id='word_1_266' title='bbox 71 3807 185 3866; x_wconf 89' lang='lat' dir='ltr'>bonum</span> <span class='ocrx_word' id='word_1_267' title='bbox 209 3819 262 3865; x_wconf 89' lang='lat' dir='ltr'>ant</span> <span class='ocrx_word' id='word_1_268' title='bbox 281 3806 386 3864; x_wconf 85' lang='lat' dir='ltr'>malum</span> <span class='ocrx_word' id='word_1_269' title='bbox 407 3803 441 3863; x_wconf 84' lang='lat' dir='ltr'>stt</span> <span class='ocrx_word' id='word_1_270' title='bbox 464 3803 536 3882; x_wconf 89' lang='lat' dir='ltr'>(per</span> <span class='ocrx_word' id='word_1_271' title='bbox 556 3806 646 3882; x_wconf 87' lang='lat' dir='ltr'>Prop.</span> <span class='ocrx_word' id='word_1_272' title='bbox 658 3820 706 3883; x_wconf 89' lang='lat'>41.</span> <span class='ocrx_word' id='word_1_273' title='bbox 725 3817 757 3882; x_wconf 87' lang='lat' dir='ltr'>p.</span> <span class='ocrx_word' id='word_1_274' title='bbox 769 3805 827 3882; x_wconf 79' lang='lat' dir='ltr'>a.);</span> <span class='ocrx_word' id='word_1_275' title='bbox 848 3805 927 3882; x_wconf 83' lang='lat' dir='ltr'>Ergo</span> <span class='ocrx_word' id='word_1_276' title='bbox 948 3803 1094 3878; x_wconf 86' lang='lat' dir='ltr'>homines,</span> <span class='ocrx_word' id='word_1_277' title='bbox 1116 3820 1263 3880; x_wconf 86' lang='lat' dir='ltr'>quatenns</span> 
     </span>
     <span class='ocr_line' id='line_1_31' title="bbox 72 3913 1261 3993; baseline 0 -18"><span class='ocrx_word' id='word_1_278' title='bbox 72 3935 109 3975; x_wconf 84' lang='lat' dir='ltr'>ex</span> <span class='ocrx_word' id='word_1_279' title='bbox 131 3917 225 3977; x_wconf 66' lang='lat' dir='ltr'>doeio</span> <span class='ocrx_word' id='word_1_280' title='bbox 246 3913 386 3975; x_wconf 79' lang='lat' dir='ltr'>Rationis</span> <span class='ocrx_word' id='word_1_281' title='bbox 407 3915 532 3990; x_wconf 90' lang='lat' dir='ltr'>vivunt,</span> <span class='ocrx_word' id='word_1_282' title='bbox 558 3930 682 3976; x_wconf 88' lang='lat' dir='ltr'>eatenus</span> <span class='ocrx_word' id='word_1_283' title='bbox 701 3930 815 3976; x_wconf 86' lang='lat' dir='ltr'>tantum</span> <span class='ocrx_word' id='word_1_284' title='bbox 837 3935 869 3976; x_wconf 88' lang='lat' dir='ltr'>en</span> <span class='ocrx_word' id='word_1_285' title='bbox 890 3915 1047 3976; x_wconf 82' lang='lat' dir='ltr'>neceiiario</span> <span class='ocrx_word' id='word_1_286' title='bbox 1069 3931 1175 3993; x_wconf 82' lang='lat' dir='ltr'>agunt,</span> <span class='ocrx_word' id='word_1_287' title='bbox 1197 3933 1261 3991; x_wconf 85' lang='lat' dir='ltr'>quae</span> 
     </span>
     <span class='ocr_line' id='line_1_32' title="bbox 72 4025 1262 4104; baseline -0.001 -16"><span class='ocrx_word' id='word_1_288' title='bbox 72 4029 208 4088; x_wconf 74' lang='lat' dir='ltr'>hnmanae</span> <span class='ocrx_word' id='word_1_289' title='bbox 239 4043 368 4103; x_wconf 74' lang='lat' dir='ltr'>natata,</span> <span class='ocrx_word' id='word_1_290' title='bbox 398 4043 428 4088; x_wconf 91' lang='lat' dir='ltr'>et</span> <span class='ocrx_word' id='word_1_291' title='bbox 461 4025 675 4102; x_wconf 80' lang='lat' dir='ltr'>consequenter</span> <span class='ocrx_word' id='word_1_292' title='bbox 694 4027 854 4104; x_wconf 84' lang='lat' dir='ltr'>unicnique</span> <span class='ocrx_word' id='word_1_293' title='bbox 874 4028 987 4089; x_wconf 90' lang='lat' dir='ltr'>homini</span> <span class='ocrx_word' id='word_1_294' title='bbox 1007 4027 1162 4088; x_wconf 74' lang='lat' dir='ltr'>necessario</span> <span class='ocrx_word' id='word_1_295' title='bbox 1183 4030 1262 4088; x_wconf 90' lang='lat' dir='ltr'>bona</span> 
     </span>
     <span class='ocr_line' id='line_1_33' title="bbox 73 4137 1261 4217; baseline -0.001 -18"><span class='ocrx_word' id='word_1_296' title='bbox 73 4140 157 4215; x_wconf 86' lang='lat' dir='ltr'>sunt,</span> <span class='ocrx_word' id='word_1_297' title='bbox 178 4139 239 4199; x_wconf 86' lang='lat' dir='ltr'>hoc</span> <span class='ocrx_word' id='word_1_298' title='bbox 261 4138 301 4198; x_wconf 89' lang='lat' dir='ltr'>est</span> <span class='ocrx_word' id='word_1_299' title='bbox 333 4139 405 4217; x_wconf 85' lang='lat' dir='ltr'>(per</span> <span class='ocrx_word' id='word_1_300' title='bbox 427 4138 531 4198; x_wconf 85' lang='lat' dir='ltr'>Coroll.</span> <span class='ocrx_word' id='word_1_301' title='bbox 552 4139 641 4216; x_wconf 83' lang='lat' dir='ltr'>Prop.</span> <span class='ocrx_word' id='word_1_302' title='bbox 664 4155 711 4214; x_wconf 79' lang='lat'>3¹·</span> <span class='ocrx_word' id='word_1_303' title='bbox 732 4137 833 4216; x_wconf 79' lang='lat' dir='ltr'><em>hujus)</em></span> <span class='ocrx_word' id='word_1_304' title='bbox 866 4157 931 4215; x_wconf 85' lang='lat' dir='ltr'>qnae</span> <span class='ocrx_word' id='word_1_305' title='bbox 953 4157 1018 4199; x_wconf 85' lang='lat' dir='ltr'>cum</span> <span class='ocrx_word' id='word_1_306' title='bbox 1040 4155 1142 4199; x_wconf 82' lang='lat' dir='ltr'>natura</span> <span class='ocrx_word' id='word_1_307' title='bbox 1164 4139 1261 4199; x_wconf 84' lang='lat' dir='ltr'>unius-</span> 
     </span>
     <span class='ocr_line' id='line_1_34' title="bbox 75 4250 1261 4330; baseline -0.002 -18"><span class='ocrx_word' id='word_1_308' title='bbox 75 4251 217 4330; x_wconf 86' lang='lat' dir='ltr'>cujusque</span> <span class='ocrx_word' id='word_1_309' title='bbox 235 4250 362 4310; x_wconf 82' lang='lat' dir='ltr'>hominis</span> <span class='ocrx_word' id='word_1_310' title='bbox 381 4250 581 4325; x_wconf 80' lang='lat' dir='ltr'>convenittnt3</span> <span class='ocrx_word' id='word_1_311' title='bbox 600 4264 689 4326; x_wconf 89' lang='lat' dir='ltr'>atque</span> <span class='ocrx_word' id='word_1_312' title='bbox 708 4253 783 4312; x_wconf 86' lang='lat' dir='ltr'>adeo</span> <span class='ocrx_word' id='word_1_313' title='bbox 802 4250 935 4312; x_wconf 87' lang='lat' dir='ltr'>homines</span> <span class='ocrx_word' id='word_1_314' title='bbox 950 4253 1037 4311; x_wconf 88' lang='lat' dir='ltr'>etiam</span> <span class='ocrx_word' id='word_1_315' title='bbox 1049 4251 1125 4312; x_wconf 87' lang='lat' dir='ltr'>inter</span> <span class='ocrx_word' id='word_1_316' title='bbox 1136 4251 1261 4326; x_wconf 82' lang='lat' dir='ltr'>se,qus-</span> 
     </span>
     <span class='ocr_line' id='line_1_35' title="bbox 75 4360 1260 4439; baseline -0.001 -16"><span class='ocrx_word' id='word_1_317' title='bbox 75 4381 162 4423; x_wconf 88' lang='lat' dir='ltr'>tenus</span> <span class='ocrx_word' id='word_1_318' title='bbox 180 4380 218 4422; x_wconf 81' lang='lat' dir='ltr'>ex</span> <span class='ocrx_word' id='word_1_319' title='bbox 236 4363 327 4423; x_wconf 68' lang='lat' dir='ltr'>dotto</span> <span class='ocrx_word' id='word_1_320' title='bbox 337 4362 477 4424; x_wconf 91' lang='lat' dir='ltr'>Rationis</span> <span class='ocrx_word' id='word_1_321' title='bbox 487 4361 609 4439; x_wconf 88' lang='lat' dir='ltr'>vivunt,</span> <span class='ocrx_word' id='word_1_322' title='bbox 622 4361 777 4422; x_wconf 77' lang='lat' dir='ltr'>necessario</span> <span class='ocrx_word' id='word_1_323' title='bbox 790 4361 900 4439; x_wconf 88' lang='lat' dir='ltr'>semper</span> <span class='ocrx_word' id='word_1_324' title='bbox 910 4361 1105 4425; x_wconf 86' lang='lat' dir='ltr'>conveniunt.</span> <span class='ocrx_word' id='word_1_325' title='bbox 1127 4363 1160 4438; x_wconf 86' lang='lat' dir='ltr'>Q.</span> <span class='ocrx_word' id='word_1_326' title='bbox 1172 4360 1208 4422; x_wconf 83' lang='lat' dir='ltr'>E.</span> <span class='ocrx_word' id='word_1_327' title='bbox 1219 4363 1260 4422; x_wconf 89' lang='lat' dir='ltr'>D.</span> 
     </span>
    </p>
   </div>
   <div class='ocr_carea' id='block_1_7' title="bbox 0 0 1472 4900">
    <p class='ocr_par' dir='ltr' id='par_1_7' title="bbox 0 0 1472 4900">
     <span class='ocr_line' id='line_1_36' title="bbox 0 0 1472 4900; baseline 0 0"><span class='ocrx_word' id='word_1_328' title='bbox 0 0 1472 4900; x_wconf 95' lang='lat' dir='ltr'> </span> 
     </span>
    </p>
   </div>
  </div>
 </body>
</html>
