2934 4900
193 299 252 364 522
670 291 909 352 Tractatua

194 484 291 530 autem
312 466 383 530 felix
404 459 547 544 profecto*
560 468 657 530 nostra
677 468 749 530 esset
769 485 858 548 atas,
877 469 898 530 fi
919 470 1010 548 ipsam
1030 471 1117 533 etiam
1128 473 1166 532 ab
1176 470 1258 532 omni
1279 470 1382 548 super·
1454 463 1457 479 '

194 581 312 644 stitione
332 580 451 642 liberam
472 580 648 644 videremur.

643 877 825 942 CAPUT
866 881 933 942 XII.

195 1073 240 1133 Dr
269 1089 338 1130 vero
369 1072 457 1148 Legis
488 1074 596 1132 diuina
621 1071 811 1153 syngrapho,
831 1089 859 1136 er
879 1094 938 1152 qua
965 1078 1078 1136 rarione
1104 1076 1261 1154 Scriptura
1290 1077 1386 1133 Sacra

225 1197 357 1259 vocatur,
371 1199 399 1243 er
416 1204 473 1262 qua
495 1188 607 1245 ratr’one
628 1185 756 1245 Verbum
775 1187 833 1247 Dei
839 1210 852 1259 ,·
872 1201 900 1247 et
920 1187 1037 1264 denique
1057 1187 1222 1264 ostenditur,
1241 1184 1359 1264 ipsam,

263 1311 401 1374 quatenus
424 1297 550 1358 Verbum
569 1299 629 1360 Dei
648 1301 783 1374 continet,
803 1302 1002 1379 incorruptam
1020 1300 1063 1359 ad
1079 1317 1129 1358 nos
1145 1297 1318 1378 pervem'ffe.

236 1490 297 1572 Qui
317 1489 428 1567 Biblia,
449 1506 482 1552 ut
504 1507 537 1552 ut
558 1489 642 1566 sunt,
662 1505 803 1568 tanquam
824 1489 985 1567 Epistolam
1006 1489 1062 1552 Dei
1082 1508 1098 1550 e
1117 1492 1194 1552 coelo
1213 1489 1388 1550 hominibus

196 1601 301 1664 missam
324 1601 528 1680 considerant,
548 1603 715 1664 clamabunt
736 1602 795 1664 fine
816 1601 930 1678 dubio,
950 1621 995 1664 me
1016 1617 1172 1681 peccatum
1193 1601 1223 1664 in
1244 1601 1389 1680 Spiritum
1458 1628 1459 1633 ¹

197 1716 333 1776 sanetum
354 1713 536 1791 commifisse;
564 1713 616 1792 qui
641 1714 752 1776 scilicet
772 1715 830 1776 Dei
851 1717 973 1778 verbum
993 1715 1181 1792 mendosum,
1201 1729 1389 1788 truncatum,

196 1827 409 1903 adulteratum,
439 1841 469 1887 et
499 1825 551 1888 sibi
583 1845 645 1889 non
677 1827 813 1890 constane
843 1827 1008 1905 statuerim,
1029 1829 1142 1906 nosque
1163 1827 1228 1906 ejus
1249 1845 1311 1890 non
1333 1828 1388 1889 nisi

196 1938 358 2018 fragmenta
386 1939 507 2014 habere,
529 1953 561 2000 et
583 1938 710 2015 denique
739 1938 934 2018 syngraphum
955 1939 1032 2016 padi
1053 1939 1125 2015 Dei,
1146 1943 1316 2017 quodcum
1335 1942 1389 2020 Ju-

198 2050 270 2112 daeis
296 2049 428 2129 pepigit,
455 2049 577 2127 periisse.
618 2053 728 2113 Verum
750 2070 810 2113 non
832 2050 957 2127 dubito,
977 2051 998 2112 fi
1018 2069 1077 2114 rem
1097 2051 1187 2129 ipsam
1207 2055 1391 2128 perpendere
1459 2034 1460 2057 ¹

197 2163 313 2238 velint,
344 2163 416 2240 quin
447 2163 541 2225 statim
575 2165 694 2226 clamne
725 2163 866 2226 desinent.
906 2167 983 2226 Nam
1004 2180 1064 2227 tam
1084 2165 1145 2242 ipsa
1167 2165 1280 2242 Ratio,
1300 2185 1390 2242 quam

197 2279 409 2355 Prophetarum
421 2278 672 2354 etdpostolorum
693 2277 863 2356 sententiae,
884 2294 984 2356 aperte
1007 2281 1148 2355 clamant,
1168 2279 1225 2340 Dei
1246 2294 1390 2340 aternum

199 2393 321 2457 verbum
350 2405 381 2453 et
408 2393 541 2469 padum,
570 2408 728 2469 veramque
756 2390 959 2471 Religionem,
978 2391 1130 2454 hominum
1151 2389 1310 2467 cordibus,
1329 2391 1390 2452 hot
1460 2442 1462 2468 ‚

199 2503 240 2565 est
259 2502 391 2564 humanae
413 2500 520 2578 menti,
542 2501 687 2565 divinitus
707 2501 874 2578 inscriptam
894 2501 966 2579 elle,
987 2520 1112 2579 eamque
1131 2519 1232 2564 verum
1252 2500 1309 2563 else
1330 2502 1389 2562 Dei

198 2614 408 2695 syngraphum,
430 2616 512 2691 quod
533 2613 595 2690 ipse
615 2613 669 2677 suo
690 2613 801 2693 sigillo,
821 2632 925 2691 nempe
944 2613 987 2676 sui
1003 2613 1085 2690 idea,
1106 2630 1245 2691 tanquam
1263 2614 1391 2693 imagine

198 2728 256 2791 suae
292 2726 458 2790 divinitatio
496 2725 690 2806 consignavit.
738 2726 841 2788 Primis
876 2726 986 2806 Judaeia
1019 2724 1138 2805 Religio
1170 2740 1310 2803 tanquam
1340 2727 1391 2786 lex

199 2840 309 2918 scripto
331 2839 439 2902 tradita
460 2839 519 2915 est,
541 2838 674 2901 nimirum
697 2838 766 2915 quia
786 2853 849 2899 tum
870 2838 1012 2914 temporis
1032 2836 1128 2901 veluti
1148 2837 1276 2898 infantes
1297 2838 1391 2897 lrabe-

198 2956 314 3015 bantur.
335 2954 447 3013 Verum
467 2951 654 3027 imposterum
675 2950 777 3012 Moses
797 2950 936 3029 (Deuter.
959 2969 1023 3026 cap.
1035 2967 1084 3026 30.
1104 2948 1179 3013 vers.
1189 2950 1234 3028 6.)
1256 2965 1288 3011 et
1307 2950 1392 3031 Jere·

199 3064 270 3127 mins
293 3064 372 3143 (cap.
395 3078 443 3139 31.
465 3061 538 3125 vers.
560 3062 623 3141 33.)
646 3076 764 3137 tempus
784 3062 916 3124 futurum
936 3061 1004 3139 ipsis
1024 3062 1203 3139 predicant,
1223 3079 1286 3139 quo
1306 3062 1393 3123 Deus

200 3176 278 3237 suam
297 3178 392 3255 legem
413 3192 515 3237 eorum
538 3172 678 3237 cordibus
699 3173 847 3236 inscribet.
868 3176 1015 3251 Adeoque
1037 3175 1107 3236 solis
1123 3173 1249 3255 Judaeir,
1267 3190 1298 3235 et
1315 3193 1392 3252 prae·

201 3288 287 3364 cipue
307 3288 493 3366 Tsaducaeis,
514 3288 703 3366 competebat
721 3287 791 3347 olim
807 3305 862 3363 pto
880 3289 945 3366 lege
962 3286 992 3348 in
1009 3286 1118 3348 tabulis
1129 3286 1235 3364 scripta
1246 3306 1394 3366 pugnare,

200 3418 231 3464 at
259 3401 295 3463 iis
322 3400 455 3477 minime,
481 3401 534 3478 qui
555 3400 645 3477 ipsam
665 3399 813 3461 mentibus
834 3399 1002 3475 inscriptam
1022 3376 1149 3474 habent;
1169 3397 1222 3474 qui
1243 3396 1333 3477 igitur
1353 3402 1393 3460 ad

199 3514 263 3575 ltaec
291 3515 441 3575 attendere
470 3513 559 3589 velit,
589 3512 660 3574 nihil
682 3512 712 3573 in
734 3511 905 3588 supradietis
930 3511 1076 3589 reperiet,
1096 3512 1179 3587 quod
1199 3509 1257 3570 Dei
1278 3510 1393 3585 verbo,

200 3626 260 3690 stve
281 3644 357 3690 verae
379 3625 531 3706 Religioni
542 3640 572 3686 et
584 3624 651 3687 fidei
658 3670 669 3701 ,
690 3639 849 3704 repugnet,
870 3624 918 3688 vel
939 3626 1023 3701 quod
1042 3641 1106 3684 eam
1126 3621 1269 3683 infirmare
1288 3622 1394 3699 possit,

201 3740 251 3801 sed
279 3754 399 3815 contra,
427 3755 483 3799 nos
511 3739 632 3799 eandem
661 3737 848 3813 confirmare;
875 3750 909 3797 ut
931 3735 1020 3798 etiam
1042 3733 1118 3796 cirea
1138 3734 1225 3794 finem
1245 3731 1321 3809 Cap.
1345 3750 1395 3794 10.

202 3850 388 3913 ostendimus.
429 3851 470 3911 Et
496 3850 527 3910 ni
554 3850 612 3910 hoc
641 3848 730 3925 esset,
758 3850 843 3925 plane
864 3848 967 3909 dehis
988 3844 1309 3921 taceredecrevislem,
1330 3844 1393 3905 imo

201 3963 327 4025 libenter
354 3960 543 4025 concessissem
572 3963 609 4022 ad
630 3960 811 4039 effugiendas
832 3977 934 4021 omnes
954 3958 1162 4033 difficultates,
1181 3957 1213 4017 in
1232 3956 1393 4033 Scripturis

203 4074 418 4153 profundillima
439 4076 530 4135 latere
552 4072 700 4152 mysteria3
722 4072 772 4133 sed
788 4070 857 4148 quia
874 4071 943 4133 inde
960 4068 1153 4133 intolerabilis
1164 4068 1393 4145 ortaeslsuper-

202 4186 300 4262 stitio,
332 4202 362 4247 et
394 4185 449 4247 alia
480 4184 710 4263 perniciosum
742 4184 945 4260 incommoda,
976 4185 1013 4245 de
1035 4182 1145 4260 quibua
1165 4180 1197 4241 in
1216 4180 1394 4257 praesatione

203 4297 277 4381 Cap.
289 4314 317 4379 7,
338 4300 458 4363 locutus
479 4297 559 4374 sum,
579 4296 625 4359 hir
646 4295 763 4358 minime
784 4294 1025 4372 supersedendum
1046 4292 1104 4355 else
1124 4291 1212 4368 duxi;
1233 4291 1392 4368 presertim
