2934 4900
58 390 61 396 ,
192 331 251 398 532
667 313 905 382 Tractatut

191 493 267 554 cir'ca
287 493 361 570 Dei,
381 493 441 556 live
461 493 536 554 circe
565 509 659 554 rerum
688 493 862 554 naturalium
890 491 1092 571 cognitionem
1112 491 1284 570 versenntt,
1303 491 1382 553 Scri·

191 621 305 682 ptutam
326 621 387 666 non
407 619 544 684 tangere,
564 618 654 681 atque
674 606 749 665 adeo
771 622 788 664 a
808 603 965 683 Religione
985 605 1114 667 revelata
1134 603 1319 680 separandae.

230 719 274 778 At
294 731 325 777 et
345 715 367 776 fi
386 715 449 776 ltaee
476 714 693 792 unusquisque,
721 714 767 776 uti
796 714 941 792 diximus,
955 713 1015 792 jam
1036 714 1122 776 facile
1143 715 1244 777 videte
1264 713 1382 791 potest,

192 844 305 904 tamen,
326 827 395 904 quia
415 826 484 888 hinc
504 827 601 890 totiue
623 825 791 905 Religionis
817 823 924 887 decisio
944 826 1072 902 pendet,
1093 841 1153 885 rem
1172 839 1268 884 totam
1291 841 1382 884 accu-

192 939 284 1002 ratius
315 939 467 1001 ostendere
497 954 528 1000 et
556 938 662 1001 clarius
688 937 834 1014 explicare
854 938 937 999 volo.
974 937 1024 997 Ad
1044 938 1127 1012 quod
1148 933 1325 1013 requirimur,
1347 950 1382 994 ut

192 1067 261 1114 ante
288 1051 386 1114 omnia
412 1051 615 1126 ostendamus,
642 1049 885 1124 intelledlualem,
907 1046 968 1111 ssve
993 1061 1176 1123 accuratam,
1194 1045 1254 1107 Dei
1276 1045 1382 1124 cogni·

191 1165 304 1226 tionem
325 1181 386 1225 non
407 1162 461 1224 else
482 1164 593 1225 donum
615 1162 752 1224 omnibua
771 1161 907 1224 fidelibua
935 1177 1108 1236 commune,
1126 1157 1212 1220 sicuti
1234 1157 1379 1223 obedien·
1459 1216 1462 1240 Ι

192 1275 280 1352 tiam;
305 1276 433 1352 deinde,
470 1275 670 1355 cognitionem
710 1276 805 1350 illam,
836 1291 923 1351 quam
953 1274 1037 1334 Deua
1067 1289 1120 1348 per
1149 1270 1315 1347 Prophetis
1344 1269 1382 1330 ab

195 1389 331 1451 omnibus
360 1383 561 1452 universaliter
592 1387 699 1464 petiit,
730 1402 761 1447 et
791 1383 990 1462 unusquisque
1021 1382 1094 1445 scite
1119 1397 1254 1458 tenetur,
1274 1383 1382 1442 nullam

195 1499 250 1562 elle
280 1514 385 1577 praeter
415 1497 616 1578 cognitionem
649 1498 767 1561 Divinae
799 1495 864 1574 eiua
891 1495 1017 1578 justitiae
1044 1511 1076 1556 et
1095 1493 1265 1557 charitatit
1306 1493 1383 1574 Qut

1457 546 1462 585 l

1456 598 1462 622 ι

195 1610 281 1672 ambo
312 1627 351 1670 ex
381 1606 442 1684 ipsa
472 1605 621 1683 Scriptura
642 1605 727 1668 facile
748 1605 989 1668 demonstrantur.
1029 1605 1107 1665 Nam
1126 1604 1152 1664 l.
1173 1602 1382 1666 evidentissime

195 1720 327 1797 sequitur
347 1737 384 1780 ex
404 1717 504 1780 Exodi
524 1736 588 1794 cup.
608 1719 638 1778 d.
659 1716 703 1781 vs.
724 1735 770 1793 2.,
790 1717 843 1778 ubi
862 1717 945 1778 Deua
966 1714 1061 1793 Moli,
1081 1717 1120 1778 ad
1138 1713 1309 1794 fingtdatem
1318 1733 1382 1792 gra·

195 1833 267 1896 tiam
297 1830 351 1908 ipsi
381 1831 511 1910 largitam
549 1829 751 1906 indicandam,
788 1830 831 1892 ait
871 1845 958 1923 priv
989 1818 1035 1904 Spq
1066 1845 1187 1903 nm
1217 1817 1263 1903 51<
1293 1843 1383 1902 mi

198 1939 268 2024 oni
289 1964 401 2029 *nutu
429 1937 473 2023 tei
494 1961 572 2022 nint
594 1961 677 2021 *ont
698 1961 764 2020 *tm
784 1935 852 2020 ito
871 1961 955 2041 apt*
976 1935 1034 2020 iter
1075 1959 1105 2006 et
1134 1947 1281 2005 revelatus
1312 1945 1384 2022 sm
1460 1958 1462 2087 y

198 2063 385 2140 Abraham,
404 2061 520 2140 Isaaco,
540 2077 569 2124 et
587 2062 689 2132 Iacobo
709 2063 771 2124 Deo
791 2062 903 2140 Sadai,
917 2064 977 2141 scd
992 2065 1102 2123 nomine
1120 2077 1179 2120 meo
1198 2057 1310 2129 Jelova
1329 2079 1387 2118 non

193 2178 261 2254 sum
290 2179 418 2252 cognitus
448 2175 534 2254 ipfis:
564 2173 616 2236 ubl
647 2175 684 2236 ad
715 2172 863 2236 meliorem
890 2173 1117 2250 explicationem
1147 2172 1327 2246 notandum,
1349 2170 1388 2230 El

199 2284 285 2346 Sadai
305 2284 461 2364 significare
489 2284 633 2346 Hebraico
660 2285 773 2360 Deum,
800 2283 853 2362 qui
872 2283 996 2359 sufficit,
1016 2283 1086 2359 quia
1105 2281 1281 2359 unicuique,
1301 2282 1388 2358 quod

199 2397 227 2459 ti
248 2395 369 2475 sufficit,
398 2398 465 2474 dat;
494 2413 525 2459 et
551 2396 685 2474 quamvis
714 2395 791 2473 saepe
819 2395 905 2458 sadai
924 2393 1059 2458 absolute
1078 2411 1133 2471 pro
1153 2395 1221 2457 Deo
1241 2392 1389 2469 sumatur,

200 2528 261 2572 non
282 2509 476 2571 dubitandum
503 2526 600 2571 tamen
629 2510 686 2586 est,
706 2509 778 2585 quin
798 2508 910 2585 ubique
930 2525 1037 2570 nomen
1064 2508 1107 2568 El
1123 2507 1206 2569 Deua
1225 2505 1389 2567 subintelli-

201 2623 326 2700 gendum
355 2619 401 2683 fit.
441 2620 556 2681 Deinde
587 2623 768 2698 notandum,
798 2620 830 2681 in
854 2620 1003 2696 Scriptura
1023 2618 1134 2681 nullum
1154 2636 1263 2679 nomen
1282 2632 1391 2693 praeter
1460 2683 1461 2686 Ἴ

200 2732 315 2815 Jehova
335 2731 469 2810 reperiri,
490 2734 571 2809 quod
592 2731 649 2793 Dei
670 2730 833 2793 absolutam
854 2729 1019 2808 essentiam,
1040 2728 1099 2791 line
1119 2728 1262 2797 relatione
1282 2731 1318 2789 ad
1341 2746 1390 2790 ret
1460 2711 1462 2719 ⁸

201 2861 331 2923 creatas,
360 2845 480 2908 indicet.
521 2847 623 2921 Atque
654 2844 723 2907 ideo
756 2843 874 2905 Hebraei
903 2844 963 2906 hoc
994 2843 1087 2906 solum
1117 2859 1225 2903 nomen
1254 2840 1313 2902 Dei
1333 2838 1392 2900 elle

202 2956 352 3036 proprium
380 2958 581 3033 contendunt,
609 2954 720 3032 reliqua
741 2970 839 3016 autem
859 2953 1038 3032 appellativa
1058 2951 1132 3030 effe3
1151 2968 1183 3013 et
1202 2969 1303 3014 revera
1322 2952 1394 3013 reli·

203 3084 261 3143 qua
290 3064 348 3127 Dei
379 3064 513 3140 nomina,
542 3063 602 3128 live
635 3081 669 3125 ea
699 3063 878 3128 substantiva
908 3062 965 3125 lint
983 3061 1045 3127 five
1066 3061 1227 3139 adiediiua,
1247 3060 1395 3123 attributa
1459 3028 1462 3139 s

203 3176 287 3252 sunt,
315 3194 380 3253 quae
408 3178 475 3237 Deo
502 3190 696 3253 competunt,
724 3188 872 3252 quatenus
898 3192 964 3237 cum
992 3172 1134 3235 relatione
1153 3176 1193 3235 ad
1210 3190 1258 3234 ret
1277 3188 1394 3233 creatas

204 3286 417 3365 consideratur,
443 3289 492 3351 vel
519 3306 570 3363 per
590 3286 666 3365 ipsae
694 3287 901 3349 manifestatur.
944 3288 990 3349 Ut
1009 3274 1053 3360 bit
1075 3286 1131 3362 El,
1151 3286 1201 3348 vel
1219 3303 1286 3346 cum
1306 3283 1393 3345 litera

205 3417 229 3473 ῃ
250 3402 296 3461 He
315 3400 489 3485 paragogica
509 3388 579 3473 ,⁸1th
599 3398 694 3462 moal
709 3400 736 3475 *,
755 3401 839 3477 quod
859 3398 932 3460 nihil
942 3400 1022 3463 aliud
1031 3397 1174 3479 fignificat
1184 3415 1270 3475 quam
1281 3412 1393 3476 poten·

205 3530 282 3592 tem,
301 3530 336 3576 ut
357 3529 478 3591 notum,
498 3532 553 3576 nec
573 3516 639 3575 Deo
661 3512 806 3589 competit
827 3511 880 3574 nill
900 3532 953 3589 per
979 3511 1199 3590 excellentiam,
1217 3512 1305 3574 sicuti
1323 3533 1393 3575 cum

205 3628 326 3688 Paulum
353 3625 529 3702 Apostolum
557 3626 752 3702 appellamua3
783 3623 853 3686 aliae
883 3624 1011 3687 virtutes
1037 3623 1103 3701 ejus
1132 3622 1276 3700 potentiae
1297 3625 1395 3699 expli·

207 3752 326 3812 cantur,
346 3752 381 3798 ut
400 3736 438 3797 El
457 3736 595 3817 (potens)
602 3781 612 3814 ,
624 3754 745 3815 magnus
752 3782 763 3813 ,
785 3739 970 3814 tremendus,
987 3736 1098 3814 justus,
1119 3734 1298 3812 misericors,
1317 3750 1396 3811 etc„

207 3849 256 3910 vel
276 3850 314 3909 ad
333 3864 435 3909 omnes
462 3848 751 3926 comprehendendae
778 3847 861 3909 simul
887 3848 946 3909 hoc
966 3864 1073 3910 nomen
1093 3847 1125 3908 in
1145 3846 1249 3924 plurali
1269 3865 1396 3909 numero

210 3956 361 4033 usurpatur
392 3974 422 4020 et
452 3958 662 4036 significatione
693 3956 844 4037 singulari,
871 3960 954 4035 quod
982 3957 1182 4035 inscriptura
1200 3958 1396 4034 frequentiffi·

101 4123 102 4127 ,
209 4086 296 4129 mum.
321 4070 384 4149 Jam
410 4072 649 4148 quandoquidem
674 4071 757 4132 Deua
782 4068 861 4131 Moli
885 4069 974 4149 dicit,
1002 4068 1032 4131 se
1054 4069 1174 4131 nomine
1195 4069 1313 4151 Jehova
1333 4088 1396 4131 non

243 4302 255 4335 ⁸
292 4300 340 4351 ltu.
356 4301 414 4351 ΡΜ
431 4300 527 4361 tilam
545 4313 571 4351 at
588 4300 648 4353 vide
666 4298 786 4352 Auctoris
802 4300 900 4363 comp.
912 4300 1025 4351 Granum.
1041 4301 1072 4351 1..
1088 4300 1123 4350 ll.
1139 4312 1180 4364 cp.
1197 4314 1222 4363 ³·
