2934 4900
183 295 241 368 568
656 288 897 348 Tractatus

182 463 400 539 assentarentur,
420 461 509 536 fecit;
529 459 684 537 postquam
705 458 783 520 enim
803 459 905 520 laudes
915 459 1078 520 Alexandri
1099 455 1385 520 cumadmiratione

182 578 341 651 narrando,
372 573 558 650 ejusdemque
590 570 692 632 merita
723 570 921 646 recensendo,
952 570 1130 632 simulationi
1162 571 1286 646 speciem
1312 570 1382 630 veri

182 686 281 762 dedit,
310 687 348 747 ud
377 683 418 746 rei
449 681 606 745 utilitatem
638 681 676 742 src
708 681 824 744 transt:
856 683 968 759 Persas
989 685 1102 760 quiden
1122 702 1176 741 non
1193 685 1242 761 pie
1257 682 1382 758 finium,

175 772 336 878 sedetiam
357 797 520 876 prudenter
547 797 641 870 Reges
663 796 735 872 suos
754 799 833 854 inter
853 795 929 858 Deos
949 796 1055 855 colere:
1074 794 1243 872 Maiestatis
1263 793 1278 826 *
1299 797 1381 852 enim

174 911 286 988 saleriis
315 908 367 986 effe
397 909 528 980 turrim,-
559 923 589 968 et
620 908 738 968 tandem
771 906 940 980 concludit,
964 909 1057 985 semet
1086 908 1197 986 ipsum,
1227 925 1288 966 cunr
1308 907 1382 966 Rex

179 1019 274 1097 iniffer
302 1022 485 1095 convivium,
512 1019 731 1098 prostraturum
756 1016 842 1078 'danti
872 1030 983 1097 corpus.
1028 1018 1141 1080 Debere
1170 1019 1244 1078 idern
1268 1016 1380 1094 faeere

181 1145 315 1206 caereros,
341 1145 370 1190 et
396 1133 541 1209 imprimis
562 1131 715 1209 sapientia
739 1131 879 1208 preditos
907 1127 991 1210 (vide
1019 1128 1110 1205 ejusd.
1137 1129 1189 1190 lib.
1210 1130 1237 1190 8.
1270 1127 1297 1208 §.
1319 1129 1379 1206 5.).

181 1245 240 1306 Sed
258 1241 463 1318 prudentiores
484 1256 567 1302 erant
587 1242 783 1316 Macedones;
805 1259 859 1304 nec
878 1240 1029 1318 homines,
1049 1240 1100 1302 nisr
1122 1241 1241 1318 prorsus
1256 1241 1374 1302 barbari

181 1356 251 1432 srnt,
270 1370 329 1417 tam
351 1369 451 1430 aperte
472 1354 547 1430 salli,
568 1370 598 1414 et
619 1372 657 1414 ex
678 1352 803 1414 subditis
824 1353 944 1416 inutiles
964 1353 1017 1415 srbi
1038 1352 1113 1416 servi
1135 1353 1197 1414 fieri
1209 1353 1375 1430 patiuntur.

182 1466 242 1527 Alii
269 1482 366 1528 autem
394 1465 508 1528 facilius
537 1465 709 1541 persuadere
730 1480 913 1542 potuerunt,
935 1465 1118 1541 Majestttem
1138 1464 1245 1526 sacram
1268 1464 1325 1526 esse
1346 1481 1379 1526 et

181 1578 277 1642 vicem
287 1578 345 1640 Dei
354 1577 385 1638 in
395 1594 471 1639 terra
488 1596 602 1658 gerere,
624 1593 655 1639 et
673 1579 784 1654 aDeo,
804 1594 865 1638 non
887 1593 985 1638 autem
1005 1579 1041 1638 ab
1062 1577 1213 1640 hominum
1235 1577 1376 1656 suffragio

182 1706 213 1754 et
233 1692 377 1754 consensu
397 1691 554 1768 constitui,
573 1689 768 1770 {iugularique
790 1688 979 1766 providentia
996 1704 1026 1750 et
1043 1689 1154 1751 nunide
1176 1689 1280 1753 divino
1302 1707 1377 1750 con-

181 1805 289 1869 servari
309 1821 398 1882 atque
420 1804 549 1866 defendi.
590 1803 631 1864 Et
651 1804 688 1863 ad
708 1803 789 1864 hunc
810 1804 929 1864 modum
950 1801 1122 1862 Monarchae
1141 1803 1177 1862 ad
1195 1801 1240 1862 sui
1261 1801 1378 1877 imperii

181 1917 367 1980 securitatem
395 1916 450 1978 alia
480 1914 745 1994 excogitaverunt;
771 1932 836 1990 quae
866 1912 963 1975 omnia
990 1910 1070 1973 milla
1099 1912 1195 1988 sacio,
1215 1929 1262 1990 et,
1284 1929 1318 1974 ut
1340 1915 1378 1974 ad

183 2048 235 2105 er,
262 2048 328 2106 quae
357 2030 430 2091 volo
437 2075 448 2106 ,
467 2028 661 2104 perveniam,
688 2046 722 2088 ea
743 2042 875 2103 tantum,
896 2025 941 2086 uti
962 2025 1042 2102 diri,
1063 2028 1176 2086 notabo
1198 2041 1229 2086 et
1249 2044 1377 2103 perpen-

185 2144 271 2217 dan,
292 2159 357 2218 quae
378 2141 408 2201 in
428 2141 508 2204 hunc
528 2141 614 2201 finem
635 2140 705 2200 olim
725 2138 828 2202 divina
848 2138 991 2202 revelatio
1013 2137 1119 2199 Mosen
1141 2138 1255 2200 docuit.

223 2250 359 2313 Diximus
386 2250 447 2327 jam
478 2252 562 2328 supra
593 2251 668 2328 Cap.
700 2263 747 2328 5.,
778 2254 878 2329 quod,
909 2251 1062 2329 postquam
1090 2251 1211 2312 Hebraei
1237 2253 1377 2331 AEgypto

187 2363 361 2441 exiverunt,
382 2365 464 2425 nullo
486 2364 606 2426 alterius
625 2362 756 2425 nationis
773 2363 840 2441 jure
861 2363 985 2440 amplius
1006 2363 1201 2440 tenebantur,
1220 2362 1270 2424 scd
1292 2363 1328 2424 iis
1340 2367 1378 2426 ad

184 2476 301 2539 libitum
321 2494 402 2539 nova
418 2476 485 2553 iura
506 2476 675 2553 instituere,
695 2493 726 2539 et
748 2496 822 2555 quar
843 2478 986 2540 volebant
1008 2492 1099 2537 terras
1120 2494 1285 2555 occupare,
1305 2477 1376 2545 lice-

181 2591 243 2649 bat.
264 2591 357 2666 Nam,
378 2589 534 2667 postquam
556 2592 592 2651 ab
615 2590 799 2651 intoleranda
821 2589 1033 2669 AEgyptiorum
1055 2590 1377 2666 opprellioneliberati,

168 2718 213 2766 ,et
244 2701 315 2764 nulli
347 2701 512 2763 mortalium
544 2703 604 2763 ullo
635 2704 723 2779 padio
756 2702 862 2765 addilli
894 2718 993 2779 erant,
1011 2702 1061 2779 jus
1082 2702 1165 2763 suum
1185 2705 1316 2766 naturale
1339 2708 1376 2765 ad

183 2811 281 2873 omnia
312 2829 378 2889 quae
408 2810 524 2888 pollent
554 2810 659 2874 iterum
691 2812 792 2888 adepti
823 2811 907 2887 sunt,
929 2827 958 2873 et
981 2811 1179 2889 unusquisque
1201 2815 1237 2873 de
1259 2812 1375 2891 integro

183 2923 341 2985 deliberare
361 2939 497 3001 poterat,
518 2943 586 2985 num
607 2925 638 2985 id
658 2924 800 3001 retinere,
822 2944 858 2985 an
881 2943 952 2989 vero
974 2927 1076 2986 eodem
1099 2927 1222 3002 cedere,
1242 2926 1332 3003 idque
1345 2927 1375 2987 in

184 3036 273 3098 alium
301 3035 454 3097 tranfferre
482 3037 613 3098 volebat.
653 3035 747 3115 Igitur
768 3035 797 3096 in
819 3036 878 3097 hoc
899 3036 976 3099 statu
996 3036 1122 3097 naturali
1143 3038 1316 3115 constituti,
1337 3058 1375 3099 err

183 3146 305 3209 consilio
335 3149 446 3225 Molis,
477 3149 525 3210 cui
556 3167 658 3211 omncs
689 3147 842 3210 maximam
869 3150 956 3210 sidem
985 3150 1151 3227 habebant,
1172 3149 1254 3211 suum
1272 3150 1323 3227 jus
1344 3150 1375 3213 in

185 3259 328 3322 neminem
357 3260 537 3335 mortalium,
566 3259 614 3321 sed
643 3275 758 3321 tantum
780 3260 810 3320 in
831 3262 926 3321 Deum
948 3261 1099 3321 transferre
1121 3261 1375 3337 deliberaverunt3

184 3390 238 3432 uec
270 3371 321 3433 diu
352 3370 501 3446 ennean,
532 3389 634 3433 omnes
667 3390 751 3448 arque
780 3391 841 3433 uno
870 3374 995 3433 clamore
1015 3374 1227 3450 promiserunt,
1248 3376 1314 3436 Deo
1337 3379 1375 3438 ad

184 3482 281 3543 omnia
301 3484 366 3560 ejus
393 3487 530 3547 mandata
557 3486 691 3548 absolute
712 3487 932 3562 obtemperare,
952 3504 1006 3549 nec
1028 3485 1107 3549 aliud
1124 3487 1175 3564 jus
1196 3488 1374 3567 agnoscere,

184 3593 236 3656 nili
265 3598 348 3672 quod
375 3595 436 3673 ipse
463 3597 644 3661 revelatione
673 3598 847 3673 prophetica
876 3614 910 3659 ut
927 3598 978 3674 jus
998 3600 1146 3663 statueret.
1187 3602 1289 3678 Atque
1310 3601 1373 3663 haec

183 3706 346 3785 promissio,
374 3706 433 3770 srvc
459 3707 535 3785 juris
563 3709 594 3770 in
622 3711 718 3771 Deum
739 3710 906 3785 transsatio,
928 3712 1032 3771 eodem
1053 3713 1142 3772 modo
1164 3712 1239 3773 salla
1260 3713 1317 3790 est,
1339 3732 1374 3773 ac

184 3819 215 3881 in
243 3821 389 3883 communi
418 3822 558 3883 societate
587 3820 672 3898 supra
700 3822 892 3899 concepimus
913 3822 992 3899 fieri,
1013 3826 1132 3900 quando
1153 3823 1288 3885 homines
1306 3825 1372 3901 jure

185 3934 239 3995 suo
270 3933 394 3995 naturali
426 3936 530 3995 cedere
560 3933 731 3995 deliberant.
772 3934 914 4011 Expresse
945 3934 1021 3995 enim
1053 3938 1140 4011 pallo
1169 3936 1254 4014 (vide
1274 3937 1372 3999 Exod.

185 4066 250 4123 cap.
271 4064 319 4126 24.
341 4046 384 4109 vs.
406 4050 449 4126 7.)
471 4063 501 4109 et
518 4047 685 4125 juramento
704 4047 770 4124 jure
791 4047 844 4110 suo
867 4048 991 4109 naturali
1012 4046 1120 4126 libere,
1139 4066 1200 4110 non
1222 4064 1321 4111 autern
1342 4052 1374 4113 vi

219 4286 232 4319 ‘
266 4284 342 4348 Apud
360 4283 477 4336 Cordum
495 4286 528 4338 iic
545 4284 650 4354 legiturt
667 4287 824 4357 majestatem
845 4288 909 4341 enini
927 4288 1029 4354 imperii
1041 4290 1157 4353 salutis,
1174 4298 1222 4343 ere.
