2934 4900
299 353 792 439 'theologico-Pontici
831 357 1006 438 Cap.XlX.
1190 373 1248 439 593

39 537 150 597 modo
171 535 309 597 summum
333 534 384 612 jus
412 535 563 614 obtineat,
592 537 758 614 summaque
779 538 827 598 lex
847 537 1016 600 hominibus
1036 537 1081 599 iit.
1108 538 1139 604 Si
1160 538 1252 618 igitur

37 645 115 722 jam
138 647 303 724 ostendam,
320 648 460 725 justitiam
481 664 511 710 et
533 650 703 711 charitatem
725 650 785 714 vim
804 650 878 727 juris
900 665 931 711 et
950 651 1078 714 mandati
1098 647 1252 726 nonpolse

40 759 208 836 accipere,
227 759 280 821 nist
301 779 338 821 ex
356 761 422 838 jure
443 761 575 838 Imperii,
596 762 683 823 facile
703 763 772 824 inde
794 763 966 824 concludam
994 762 1251 840 (quandoquidem

37 871 104 947 jus
137 871 249 948 imperii
280 891 372 949 penes
402 873 526 936 summas
552 874 715 950 potestates
745 889 860 936 tantum
887 875 960 955 est),
981 874 1168 954 Religionem
1190 875 1250 938 vim

38 981 132 1058 juris
159 983 290 1060 accipere
318 1003 356 1046 ex
377 984 440 1046 solo
462 1003 564 1047 eorum
584 988 721 1063 decreto,
744 986 794 1064 qui
814 986 864 1063 jus
886 986 1047 1064 imperandi
1067 988 1197 1064 habent,
1220 1005 1250 1049 et

43 1095 156 1156 Deum
186 1098 298 1157 nullum
326 1096 466 1176 fingulare
487 1115 608 1177 regnum
629 1097 659 1159 in
679 1099 814 1160 homines
835 1100 959 1176 habere,
980 1099 1033 1161 nist
1053 1119 1106 1178 per
1127 1119 1179 1162 eos
1201 1101 1252 1178 qui

45 1206 210 1283 imperium
231 1223 344 1270 tenent.
364 1210 407 1270 At
429 1213 510 1287 quod
532 1212 630 1273 cultus
647 1210 768 1288 justitiae
790 1227 821 1272 et
843 1211 992 1274 charitatis
1016 1212 1075 1276 vim
1094 1213 1169 1290 juris
1191 1232 1252 1275 non

47 1318 186 1395 accipit,
215 1319 267 1380 nist
298 1339 336 1380 ex
364 1320 429 1397 J'ure
460 1321 592 1400 imperii,
624 1342 661 1384 ex
682 1325 927 1386 antecedentibus
949 1339 1051 1401 patet;
1073 1324 1251 1386 ostendimus

48 1430 137 1492 enim
158 1430 232 1507 Cap.
256 1434 319 1508 16.,
339 1432 370 1492 in
391 1433 468 1494 statu
488 1435 612 1494 naturali
634 1453 695 1496 non
715 1436 783 1512 plus
803 1435 877 1512 jutis
898 1435 1022 1498 Rationi
1045 1455 1131 1513 quam
1148 1437 1251 1512 Appe-

49 1541 132 1602 titui
153 1540 227 1618 elle,
248 1542 298 1604 sed
319 1558 378 1603 tam
399 1561 452 1604 eos
474 1543 525 1620 qui
547 1543 705 1606 secundum
725 1545 805 1624 leges
826 1545 1007 1623 Appetitus,
1028 1563 1114 1622 quam
1136 1545 1252 1623 eosqui

50 1653 218 1715 secundum
238 1656 318 1734 leges
339 1655 479 1716 Rationis
501 1654 628 1732 vivunt,
645 1656 695 1732 jus
716 1660 753 1719 ad
775 1656 890 1733 omnia,
908 1653 1249 1735 quaepolsunt,habere.

53 1767 126 1825 Hac
157 1769 193 1827 de
224 1766 309 1829 causa
340 1767 370 1828 in
391 1768 467 1829 statu
495 1768 619 1830 naturali
647 1783 801 1844 peccatum
822 1769 978 1845 concipere
1000 1787 1060 1830 non
1081 1769 1253 1846 potuimus,

54 1895 117 1937 nec
138 1879 234 1940 Deum
255 1895 393 1956 tanquam
408 1879 537 1956 judicem
559 1880 693 1942 homines
714 1896 838 1958 propter
858 1896 980 1956 peccata
1001 1880 1252 1958 punientem,sed

55 1986 160 2046 omnia
181 1986 340 2048 secundum
360 1989 439 2066 leges
461 1987 603 2051 universae
628 1991 751 2051 Naturae
779 2008 949 2051 communes
970 1990 1054 2064 ferri,
1075 2007 1105 2052 et
1127 1994 1251 2053 eundem

59 2099 160 2160 casum
193 2099 241 2178 (ut
272 2119 338 2161 cum
360 2101 516 2163 Salomone
537 2102 655 2180 loquar)
673 2101 754 2178 justo
776 2119 809 2162 ac
831 2101 939 2178 impio,
961 2120 1037 2178 puro
1060 2120 1092 2163 ac
1115 2102 1229 2179 impuro
1241 2147 1251 2178 ,

61 2229 123 2275 etc.
154 2214 343 2294 contingere,
375 2231 405 2276 et
425 2217 536 2277 nullum
556 2216 655 2276 locum
673 2214 794 2292 justitia
815 2233 870 2276 nec
892 2214 1028 2276 charitati
1049 2213 1116 2277 elle.
1137 2217 1196 2292 At,
1218 2230 1252 2277 ut

61 2344 140 2390 verae
162 2325 303 2388 Rationis
330 2329 526 2402 documenta,
552 2325 611 2388 hoc
632 2326 673 2387 est
694 2325 743 2404 (ιιι
764 2325 793 2386 in
815 2325 889 2403 Cap.
910 2347 939 2406 4.
961 2326 1037 2388 circa
1058 2327 1151 2406 legent
1173 2327 1250 2392 divi-

63 2458 131 2500 nam
154 2437 346 2519 ostendimus)
368 2438 428 2516 ipsa
449 2439 549 2503 divina
571 2442 764 2516 documenta,
787 2438 846 2501 vim
864 2438 938 2517 juris
949 2439 1082 2502 absolute
1093 2439 1252 2516 haberent,

61 2550 177 2611 necesse
208 2550 310 2628 fuisse,
341 2568 375 2613 ut
405 2551 604 2629 unusquisque
632 2551 697 2628 jure
718 2550 772 2613 suo
794 2551 918 2613 naturali
940 2556 1075 2629 eederet,
1098 2568 1128 2613 et
1150 2570 1251 2614 omnes

61 2665 141 2725 idem
171 2664 201 2725 in
235 2683 353 2741 omnes,
385 2666 431 2728 vel
460 2666 491 2726 in
523 2664 656 2741 aliquot,
682 2666 732 2727 vel
751 2663 782 2725 in
801 2684 890 2727 unum
911 2664 1115 2740 tranffenent;
1137 2679 1168 2724 et
1190 2680 1251 2725 tum

61 2780 180 2839 demum
210 2778 298 2839 nobis
328 2776 452 2854 primum
483 2776 633 2852 innotuit,
664 2776 736 2853 quid
754 2775 886 2852 justitia,
907 2776 979 2852 quid
1001 2774 1159 2852 injustitia,
1180 2774 1252 2851 quid

63 2890 206 2966 aequitas,
236 2889 366 2967 quidque
397 2888 538 2967 iniqnitas
569 2887 650 2949 esset.
670 2887 788 2968 Justitia
810 2886 915 2966 igitur,
937 2902 968 2947 et
990 2886 1122 2948 absolute
1153 2886 1251 2947 omnia

62 3020 141 3066 verae
162 3001 302 3063 Rationis
322 3004 517 3077 documenta,
538 3016 569 3062 et
591 3000 805 3077 consequenter
834 3017 899 3079 erga
921 2998 1086 3075 proximum
1108 2998 1251 3075 charitas,

62 3132 79 3173 a
101 3113 166 3174 solo
188 3113 300 3190 imperii
317 3114 400 3191 J'ure,
421 3114 480 3175 hoc
502 3113 543 3174 est
564 3113 630 3190 (per
651 3131 684 3174 ea
706 3130 772 3189 quae
793 3110 823 3172 in
845 3113 949 3172 eodem
967 3110 1040 3186 Cap.
1059 3110 1251 3189 ostendimus)

62 3245 79 3285 a
101 3224 167 3286 solo
189 3244 289 3287 eorum
311 3229 450 3302 decreto,
471 3226 523 3303 qui
539 3224 589 3302 jus
610 3224 771 3300 imperandi
798 3223 924 3299 habent,
950 3224 1008 3285 vitn
1026 3222 1100 3300 iuris
1121 3238 1151 3284 et
1172 3242 1252 3284 man-

63 3336 127 3397 dati
150 3337 308 3414 accipiunt.
329 3338 369 3399 Et
390 3338 460 3414 quia
482 3337 530 3414 (ut
548 3336 607 3414 jam
630 3335 757 3415 ostendi)
778 3336 808 3395 in
830 3330 893 3397 solo
912 3333 1031 3412 justitiae
1043 3350 1073 3395 et
1086 3334 1253 3425 charitatis,

62 3446 124 3511 five
146 3465 222 3510 verae
243 3448 425 3528 Religionis,
443 3449 508 3527 jure
528 3450 585 3511 Dei
614 3451 751 3528 Regnum
780 3448 924 3525 confistit,
946 3447 1092 3525 sequitur,
1114 3465 1147 3509 ut
1168 3450 1251 3512 vole-

63 3559 187 3635 bamus,
207 3561 303 3621 Deum
325 3562 434 3621 nullum
462 3579 582 3640 regnum
609 3560 639 3621 in
660 3559 794 3622 homines
821 3560 944 3637 habere,
965 3558 1017 3620 nist
1037 3577 1090 3636 per
1111 3577 1179 3636 eos,
1201 3558 1252 3635 qui

63 3670 217 3747 imperium
248 3688 368 3749 tenent;
400 3689 432 3733 et
462 3672 600 3750 perinde,
621 3674 758 3750 inquam,
780 3672 837 3749 est,
857 3670 916 3735 five
937 3670 1123 3750 Religionem
1144 3670 1251 3731 lumine

63 3782 190 3843 naturali
222 3783 282 3847 stre
312 3784 489 3862 prophetico
521 3787 678 3851 revelatam
710 3784 927 3863 concipiamus;
949 3784 1155 3848 demonstratio
1176 3784 1252 3846 enim

64 3895 236 3958 universalis
268 3898 326 3974 est,
356 3898 596 3975 quandoquidem
628 3898 747 3976 Religio
780 3900 880 3959 eadem
913 3897 971 3974 eli,
992 3913 1022 3959 et
1044 3916 1060 3956 a
1080 3899 1147 3958 Deo
1169 3914 1251 3973 aeque

65 4008 211 4083 revelata,
238 4008 297 4072 srve
329 4009 387 4070 hoc
419 4009 479 4073 live
511 4010 561 4071 illo
583 4012 672 4072 modo
693 4008 863 4070 hominibus
883 4006 1040 4070 innotuisse
1061 4007 1252 4084 supponatur.

65 4118 105 4178 Et
126 4118 213 4197 ideo,
241 4137 275 4183 ut
304 4121 391 4182 etiam
420 4121 539 4201 Religio
567 4120 742 4199 prophetice
763 4122 892 4185 revelata
913 4120 973 4183 vim
992 4118 1069 4201 Juris
1091 4123 1169 4196 apud
1191 4121 1251 4180 He-

66 4232 162 4291 braeos
182 4231 320 4310 haberet,
341 4232 450 4293 necesse
471 4233 548 4310 snit,
575 4249 610 4295 ut
630 4232 828 4312 unusquisque
850 4250 950 4295 eonon
969 4231 1033 4310 jure
1054 4231 1107 4293 suo
1128 4232 1253 4292 naturali

66 4345 147 4421 prius
169 4350 297 4425 cederet,
318 4364 348 4409 et
370 4367 471 4409 omnes
493 4368 530 4409 ex
552 4349 697 4411 communi
719 4348 862 4411 consensu
883 4348 1060 4425 statuerent,
1080 4346 1116 4407 iis
1138 4361 1251 4407 tanturn

1121 4444 1153 4511 38
