2934 4900
292 293 791 392 'l‘heologico-Politici
830 292 904 389 Cap.
925 312 993 374 Vll.
1177 300 1238 393 465

51 489 127 549 ritur
153 487 249 550 similis
277 488 321 565 ei,
348 505 409 565 quo
437 489 473 550 ad
500 487 773 564 interpretationem
803 489 926 550 Naturae
953 507 991 549 ex
1011 487 1099 565 ipstus
1119 489 1238 551 historia

53 599 174 662 utimur.
214 599 309 661 Sicuti
336 599 413 660 enim
435 599 465 660 in
486 599 647 662 scrutandis
676 603 763 662 rebus
785 600 966 662 naturalibus
986 616 1054 662 ante
1075 601 1172 662 omnia
1194 601 1238 662 in·

54 710 196 789 vestigare
217 728 356 772 conamur
376 729 420 772 res
441 713 564 772 maxime
585 711 763 774 universales
783 729 815 773 et
834 712 894 774 toti
914 715 1035 774 Nature
1057 731 1240 790 communes,

55 823 195 884 videlicet
216 839 327 884 motum
344 839 375 884 et
390 822 533 900 quietem,
555 841 714 900 eorumque
735 825 814 903 leges
834 839 864 885 et
884 825 1012 904 regulas,
1034 843 1106 900 quas
1126 825 1240 885 Natura

54 936 167 1012 semper
194 935 347 1012 observat,
375 949 406 996 et
435 953 487 1012 per
507 955 580 1012 quas
601 936 746 998 continuo
767 937 845 1015 agit,
866 951 895 998 et
918 955 955 997 ex
974 936 1021 998 his
1041 937 1183 1016 gradatim
1204 939 1241 998 ad

55 1047 112 1108 alia
133 1048 228 1109 minus
249 1047 421 1110 universalia
440 1048 641 1125 procedimus;
669 1047 707 1109 stc
728 1049 816 1110 etiam
837 1067 875 1110 ex
894 1049 1013 1110 historia
1033 1048 1189 1126 Scriptura
1210 1049 1241 1111 id

56 1159 179 1234 primum
200 1162 404 1237 quaerendum,
425 1163 506 1236 quod
527 1159 805 1238 universalissimum,
826 1163 967 1238 quodque
978 1160 1073 1221 totius
1083 1161 1241 1236 Scriptura

56 1271 131 1332 basis
159 1287 190 1333 et
216 1273 437 1334 fundamentum
458 1273 515 1348 est,
536 1287 566 1333 ct
587 1275 669 1350 quod
690 1273 818 1350 denique
838 1271 869 1333 in
889 1271 951 1348 ipsa
972 1287 1109 1349 tanquam
1133 1287 1241 1333 aeterna

57 1399 90 1445 et
110 1384 246 1445 omnibus
266 1385 438 1446 mortalibus
459 1384 600 1447 utiliffima
622 1385 753 1448 doctrina
775 1388 811 1456 ab
832 1384 969 1447 omnibus
989 1385 1145 1462 Prophetis
1160 1403 1240 1446 com-

57 1498 220 1558 mendatur.
260 1497 394 1573 Exempli
415 1496 522 1576 gratia,
543 1499 625 1573 quod
644 1498 726 1558 Deus
747 1497 852 1558 unicus
873 1511 904 1557 et
924 1496 1113 1573 omnipotens
1133 1497 1241 1573 existit,

57 1609 112 1686 qui
137 1608 216 1670 solus
244 1609 285 1670 est
311 1611 492 1685 adorandus,
520 1623 551 1670 et
578 1608 629 1686 qui
658 1626 759 1670 omnes
780 1623 878 1685 curat,
901 1609 1009 1687 eosque
1030 1608 1116 1684 supra
1137 1627 1239 1672 omnes

57 1720 170 1799 diligit,
191 1721 242 1797 qui
262 1721 354 1797 ipsum
376 1723 514 1798 adorant,
535 1735 565 1782 et
586 1721 750 1798 proximum
770 1736 909 1798 tanquam
929 1719 1098 1797 semetipsos
1124 1736 1242 1797 amant,

58 1847 118 1895 etc.
158 1835 230 1894 Hac
262 1847 293 1895 et
322 1831 438 1911 similia,
469 1833 603 1912 inquam,
634 1834 783 1911 Scriptura
815 1833 925 1911 ubique
945 1847 1004 1894 tam
1025 1834 1100 1895 clare
1121 1847 1241 1912 tamque

58 1939 190 2018 expresse
210 1945 315 2019 docet,
336 1957 370 2004 ut
391 1943 488 2005 nullus
509 1961 635 2020 unquam
657 1943 763 2021 fuerit,
781 1943 832 2020 qui
850 1946 886 2006 de
905 1943 969 2021 ejus
987 1943 1071 2006 sensu
1088 1943 1163 2004 circa
1179 1945 1242 2005 haec

58 2054 227 2132 ambegerit.
269 2053 350 2136 Quid
371 2069 467 2116 autem
488 2057 570 2116 Deus
591 2054 643 2132 stt,
671 2071 701 2117 et
723 2075 780 2132 qua
801 2056 915 2118 ratione
935 2075 981 2117 res
1002 2073 1104 2117 omnes
1123 2055 1244 2133 videat,

58 2166 153 2244 iisque
180 2167 351 2244 provideat,
378 2169 441 2229 hec
470 2183 500 2230 et
527 2166 626 2229 similia
653 2169 801 2245 Scriptura
827 2187 865 2230 ex
885 2167 1028 2245 professo,
1051 2184 1082 2229 et
1102 2184 1242 2245 tanquam

59 2295 196 2342 aeternam
223 2281 400 2356 duelrinam,
427 2300 487 2343 non
515 2284 621 2343 docet:
649 2281 698 2342 sed
726 2297 845 2357 contra,
874 2281 1036 2357 Prophetas
1066 2278 1146 2356 ipsos
1167 2279 1242 2340 circa

58 2394 124 2453 haec
154 2409 214 2454 non
246 2389 430 2469 convenisse,
457 2391 516 2469 jana
548 2391 631 2467 supra
664 2390 858 2469 ostendimus;
886 2394 1020 2468 adeoque
1047 2392 1085 2453 de
1106 2387 1243 2452 fimilibus

59 2505 134 2567 nlhil
154 2520 291 2583 tanquam
313 2504 471 2567 dodlrinam
498 2486 625 2580 Spiritus
646 2504 744 2566 Sandi
764 2504 964 2579 statuendum,
985 2501 1097 2565 tametfi
1118 2502 1243 2564 Lumine

58 2618 196 2679 Naturali
223 2617 333 2694 optime
361 2615 546 2678 determinari
574 2616 668 2692 pollo.
694 2618 759 2678 Hac
783 2615 874 2696 igitur
901 2616 1055 2680 universali
1086 2615 1243 2692 Scriptura

60 2730 193 2791 doctrina
221 2731 313 2806 probe
341 2729 478 2809 cognita,
506 2731 723 2805 procedendum
746 2728 851 2790 deinde
873 2729 914 2789 esl
934 2730 971 2789 ad
992 2728 1046 2789 alia
1063 2727 1158 2789 minus
1179 2728 1243 2789 uni-

60 2840 200 2918 versalia,
228 2856 258 2902 et
286 2859 351 2918 quae
373 2856 469 2902 tamen
491 2858 672 2901 communem
700 2840 783 2903 usum
803 2841 873 2902 vitae
895 2840 1040 2917 speciant,
1061 2857 1186 2916 quaeque
1206 2857 1244 2899 ex

59 2950 118 3013 hac
145 2953 298 3016 universali
328 2952 459 3015 doctrina
488 2968 627 3030 tanquam
657 2952 744 3014 rivuli
773 2952 961 3027 derivantur;
989 2951 1033 3013 uti
1054 2952 1122 3013 sunt
1143 2968 1244 3012 omnes

60 3082 141 3129 vera
162 3063 282 3129 virtutis
305 3064 435 3126 astiones
455 3063 643 3141 particulares
664 3078 809 3140 externae,
830 3080 895 3139 que
916 3081 976 3123 non
997 3062 1048 3123 nifi
1069 3064 1137 3123 data
1157 3080 1245 3123 occa-

59 3174 143 3239 stone
171 3176 298 3238 exerceri
329 3174 463 3254 pollunt;
492 3192 522 3238 er
550 3176 692 3254 quicquid
719 3176 795 3238 circa
815 3176 878 3236 haec
900 3174 1053 3237 obscurum
1073 3174 1133 3238 five
1154 3174 1244 3236 ambi·

60 3306 152 3369 guum
180 3290 209 3350 in
237 3288 360 3366 Scriptis
386 3288 563 3365 reperiatur,
591 3306 629 3349 ea
649 3288 780 3351 doctrina
800 3286 955 3364 Scriptura
977 3286 1131 3348 univeffali
1151 3287 1245 3364 expli-

11 4324 14 4367 l

11 4504 14 4587 l

61 3402 187 3462 candum
226 3417 256 3462 et
294 3400 543 3462 determinandum
575 3400 631 3462 est:
663 3400 683 3461 sr
715 3418 781 3477 quae
814 3415 911 3461 autem
942 3398 1069 3463 invicem
1100 3398 1245 3460 contraria

61 3512 260 3589 reperiantur,
280 3511 454 3589 videndum,
476 3530 533 3590 qua
554 3511 724 3589 occasrone,
744 3530 806 3589 quo
827 3526 975 3588 tempore,
1001 3512 1050 3573 vel
1071 3510 1120 3572 cui
1140 3509 1245 3587 scripta

63 3622 182 3683 fuerint.
223 3624 280 3684 Ex.
300 3642 341 3703 gr.
362 3642 428 3685 cum
450 3624 580 3685 Christus
602 3622 691 3700 dicit,
709 3624 787 3685 beati
806 3626 948 3701 lugentes,
970 3628 1102 3701 quoniam
1121 3619 1245 3697 consola-

62 3738 343 3815 tionemlaccipr'ent,
365 3755 401 3797 en
421 3736 478 3798 hoc
501 3738 604 3798 Tertu
624 3736 784 3813 nescimus,
812 3737 912 3814 quales
933 3737 1066 3815 lugentes
1086 3732 1246 3811 intelligat3

62 3845 114 3906 sed
146 3846 214 3923 quia
245 3848 344 3923 postea
376 3850 484 3925 docet,
515 3865 549 3910 ut
576 3852 613 3910 de
641 3850 719 3910 nulla
741 3866 771 3910 re
792 3849 877 3911 simus
897 3846 1030 3922 solliciti,
1051 3845 1103 3907 nili
1124 3848 1161 3907 de
1182 3845 1246 3905 solo

62 3976 156 4037 regno
187 3959 244 4020 Dei
276 3960 396 4038 ejnsque
424 3959 550 4037 justitia,
581 3962 663 4038 quod
693 3976 728 4022 ut
759 3961 898 4022 summum
924 3962 1036 4021 bonum
1062 3960 1247 4020 commendat

64 4068 150 4147 (vide
178 4072 287 4132 Matth.
317 4090 381 4149 cap.
402 4075 432 4133 6.
453 4072 495 4136 vs.
520 4075 600 4152 sp),
619 4072 689 4134 hinc
710 4072 858 4149 sequitur,
877 4090 944 4132 eum
966 4088 1018 4148 per
1038 4072 1174 4148 lugentes
1194 4088 1247 4129 eos

63 4195 180 4243 tantum
202 4182 363 4262 intelligere
370 4228 380 4260 ,
401 4184 455 4261 qui
472 4187 574 4263 lugent
596 4203 715 4263 regnum
737 4184 793 4245 Dei
814 4201 844 4246 et
861 4182 1001 4261 justitiam
1022 4185 1058 4243 ab
1079 4181 1248 4243 hominibus

64 4293 244 4372 negledatn:
265 4294 322 4357 hoc
344 4296 420 4357 enim
442 4312 555 4359 tantum
576 4299 674 4377 lugere
695 4295 812 4374 possunt
832 4294 871 4372 ii,
892 4294 942 4372 qui
965 4292 1036 4355 nihil
1056 4292 1108 4353 nist
1128 4310 1247 4371 regnum

1117 4402 1151 4453 ao
