2934 4900
345 315 412 405 ¹De
452 342 681 407 Servitute
721 344 917 405 Humana.
1171 354 1229 425 245

325 487 336 557 l
484 517 664 580 cneus
706 520 791 580 xrv.

84 630 227 711 Quamvis
253 629 342 709 igitur
368 630 501 693 homines
529 630 625 693 omnia
653 634 823 708 plerumque
853 650 889 691 ex
916 632 966 693 sua
987 631 1106 693 libidine
1128 634 1227 693 tnode-

51 758 159 818 rentur,
190 762 230 803 ex
260 761 361 805 eorum
392 758 489 805 tamen
520 743 667 805 communi
695 742 837 806 societate
859 745 951 805 multo
973 745 1055 821 plura
1077 746 1230 805 commoda

54 876 132 931 quatu
153 860 258 917 damna
279 856 449 934 sequuntur.
469 859 567 939 Quare
589 857 678 919 latins
699 858 755 933 est,
770 875 870 920 eorum
891 856 1011 933 injurias
1030 876 1116 935 atquo
1134 857 1230 918 animo

53 969 137 1044 ferre,
157 952 189 1030 'et
210 968 335 1030 studium
357 968 393 1030 iis
412 968 567 1044 adhibere,
589 988 653 1047 quae
677 970 842 1031 concordIae
865 948 1050 1031 etanticitiae
1072 969 1230 1031 concilian-

52 1085 91 1143 de
109 1082 281 1146 inserviunt.

492 1164 557 1224 CA
568 1165 589 1224 P
602 1166 632 1225 U
645 1166 672 1225 T
713 1164 782 1225 XV.

87 1276 157 1355 Qua
186 1276 375 1337 concordiam
402 1275 527 1355 gignunt
548 1275 614 1336 sunt
635 1275 699 1349 illa,
721 1294 787 1352 quae
809 1275 1022 1353 adjustitiam,
1043 1275 1230 1352 aequitatem,

53 1403 78 1446 et
105 1387 286 1449 honestatem
317 1390 489 1450 referuntur.
530 1391 605 1449 Nam
636 1388 770 1449 homines
798 1404 902 1466 praeter
922 1388 970 1464 id,
991 1391 1071 1465 quod
1094 1387 1229 1465 injustum

53 1514 78 1557 et
103 1499 237 1576 iniquum
266 1500 323 1574 est,
351 1500 438 1561 etiam
467 1519 541 1579 tegre
570 1501 684 1576 ferunt,
705 1503 787 1576 quod
808 1516 893 1577 turpe
913 1501 1048 1576 habetur,
1068 1500 1127 1562 five
1149 1502 1230 1577 qudd

54 1610 149 1688 aliquis
168 1626 308 1687 receptos
329 1611 460 1674 civitatis
481 1630 576 1673 mores
597 1612 778 1688 aspernatur.
807 1611 907 1672 Amori
929 1626 1024 1673 autem
1045 1612 1230 1673 conciliando

53 1720 93 1779 illa
111 1722 241 1798 apprime
262 1722 415 1784 necell'aria
436 1724 519 1799 sunt,
541 1743 606 1801 quae
628 1725 665 1785 ad
686 1722 872 1803 Religionem
884 1738 913 1783 et
925 1723 1067 1785 Pietatem
1088 1722 1228 1799 spedant.

53 1834 92 1892 De
119 1833 231 1911 quibus
261 1834 329 1897 vide
360 1836 457 1896 Schol.
489 1852 513 1896 r.
542 1851 572 1896 et
600 1853 628 1897 2.
658 1835 746 1911 Prop.
775 1850 823 1911 37.
853 1850 882 1895 et
903 1834 1001 1895 Schol.
1021 1834 1109 1910 Prop.
1131 1834 1178 1912 4⁶·
1200 1848 1230 1893 et

54 1946 141 2007 Sclaol.
162 1948 253 2023 Prop.
275 1963 323 2023 73.
345 1966 374 2023 p.
395 1967 424 2026 4.
877 1952 880 1959 '

455 2104 458 2109 .
491 2059 671 2123 CAPUT
712 2060 794 2120 XVI.

87 2172 167 2232 Solet
195 2187 335 2248 praeterea
359 2171 518 2233 concordia
539 2192 577 2233 ex
598 2174 685 2234 Metu
705 2174 876 2249 plerumque
897 2171 994 2250 gigni,
1014 2170 1063 2232 sed
1084 2170 1142 2232 lane
1163 2172 1229 2231 lide.

56 2282 148 2356 Adde,
181 2286 263 2359 quod
294 2284 395 2343 Metus
426 2302 464 2343 ex
496 2282 582 2345 anitni
614 2283 789 2359 impotentia
818 2282 926 2358 oritur,
954 2298 984 2343 et
1010 2298 1165 2359 propterea
1194 2283 1230 2342 ad

57 2394 186 2456 Rationis
207 2395 288 2456 usura
309 2415 369 2456 non
391 2395 534 2473 pertinet;
558 2413 590 2458 ut
611 2415 664 2457 nec
687 2394 925 2471 CommiseratiO,
954 2393 1088 2473 quamvis
1109 2393 1230 2455 Pietatis

55 2504 171 2580 speciem
192 2526 250 2583 prae
272 2509 299 2568 se
321 2509 393 2570 ferre
415 2509 560 2571 videatur.

479 2651 662 2714 CAPUT
703 2650 799 2710 XVII.

88 2762 256 2824 Vincuntur
275 2778 413 2838 praeterea
433 2760 567 2823 homines
589 2761 676 2822 ctiam
696 2761 851 2840 largitate,
871 2761 1017 2839 precipue
1039 2760 1076 2835 ii,
1097 2759 1148 2837 qui
1170 2780 1230 2822 non

56 2871 173 2948 babent,
203 2877 280 2934 unde
312 2891 478 2950 comparare
510 2876 615 2950 poliant
646 2873 711 2948 illa,
743 2893 808 2950 quae
837 2874 873 2934 ad
901 2871 991 2936 vitam
1020 2871 1229 2933 sustentandam

56 2983 201 3045 necessaria
229 2982 306 3045 sunt.
347 2986 487 3046 Attamen
517 2984 678 3061 unicuique
706 2983 849 3063 indigenti
878 2984 1016 3048 auxilium
1044 2985 1133 3058 ferre,
1154 2983 1230 3045 vires

57 3109 81 3152 et
101 3095 255 3156 utilitatem
276 3095 332 3158 viti
353 3094 462 3173 prinati
483 3099 571 3176 longe
593 3097 718 3174 superat.
738 3137 741 3142 -
760 3094 881 3158 Divitiae
903 3115 1028 3172 namque
1048 3094 1103 3157 viri
1124 3095 1230 3172 privati

57 3205 133 3284 longe
155 3207 278 3284 Impares
300 3207 366 3269 sunt
387 3211 424 3270 ad
445 3209 476 3269 id
496 3209 751 3286 suppeditandum.
774 3207 873 3270 Unius
892 3207 1230 3283 praetereavirifaeultas

56 3315 156 3394 Ingenii
176 3322 191 3353 ³
211 3318 365 3380 limitatior
392 3320 452 3396 est,
481 3339 567 3397 quam
593 3335 627 3382 ut
649 3339 750 3382 omnes
772 3318 822 3379 sthi
843 3320 928 3396 pollrt
950 3318 1075 3380 amicitia
1091 3317 1231 3396 jungere;

57 3447 136 3503 ‹puare
167 3449 327 3507 pauperum
359 3451 427 3492 cura
454 3432 574 3512 integrae
605 3431 738 3494 societati
760 3429 920 3506 Incumbit,
940 3445 970 3492 et
991 3432 1028 3492 ad
1048 3447 1228 3490 communem

57 3555 161 3603 tantum
183 3541 343 3603 utilitatem
365 3542 483 3618 spectat.

472 3687 653 3750 CAPUT
695 3688 805 3748 XVIII.

90 3799 120 3857 In
141 3798 292 3859 beneficiis
312 3798 492 3875 accipiendis
513 3817 543 3860 et
563 3800 655 3880 gratia
676 3802 827 3862 referenda
854 3801 907 3861 alia
929 3801 1044 3877 prorsus
1066 3803 1153 3863 debet
1174 3799 1230 3863 elle

59 3925 133 3984 cura,
153 3912 191 3971 de
212 3921 275 3986 qna'
291 3910 359 3973 vide
379 3912 477 3972 Schol.
499 3913 585 3988 Prop.
608 3929 655 3988 70.
677 3929 707 3974 et
728 3913 827 3975 Schol.
849 3913 934 3990 Prop.
957 3930 1004 3990 71.
1026 3933 1054 3990 p.
1075 3934 1104 3993 4.

493 4055 672 4119 CAPUT
714 4058 793 4120 XIX.

93 4167 180 4226 rimor
201 4181 339 4242 praeterea
357 4167 550 4244 meretricius,
567 4170 624 4229 hoc
642 4170 682 4230 est
700 4170 857 4249 generandi
874 4168 967 4232 libido
974 4147 993 4246 ‚⁰
1000 4189 1065 4249 quae
1084 4187 1120 4232 ex
1138 4171 1230 4232 forma

89 4355 100 4380 ⁸
130 4351 285 4420 Corrigenda
302 4352 350 4403 Ed.
366 4353 424 4403 nn:
436 4351 561 4416 facultas
578 4353 719 4405 limitatlor
736 4355 776 4420 cll.
