2934 4900
392 318 529 393 Caput
559 318 626 378 Vll.
667 319 712 378 De
734 318 916 379 Monarchia.
1189 337 1247 395 329

39 496 151 571 nandi;
184 497 232 556 ita
267 511 299 557 ut
327 494 451 571 quilibet
480 492 555 556 civis
581 492 631 570 jus
652 494 773 554 haberet
794 494 886 569 ipsum
908 492 995 554 etiarn
1017 496 1127 571 Regem
1149 512 1244 554 coram

40 610 98 667 hoc
128 606 263 684 judicio
294 606 431 669 vocandi.
473 606 614 667 Praeterea
646 604 714 666 olim
743 605 793 681 jus
824 604 911 665 etiarn
942 604 1108 666 habuerunt
1134 607 1245 685 Regem

42 720 196 797 eligendi,
234 735 267 780 et
299 718 444 795 potestate
473 718 625 794 privandi3
654 718 702 779 sed
732 718 830 779 multis
851 718 916 795 post
936 716 1038 794 elapsis
1058 718 1158 794 arinis,
1180 721 1247 780 Rea

41 836 112 893 Don
143 835 272 909 Pedr0,
300 832 351 909 qui
381 832 488 893 dicitur
517 830 628 909 Pugi0,
658 831 830 906 ambiendo,
850 831 1015 909 largiendo,
1036 831 1247 906 pollicitando,

42 946 250 1021 omniumque
280 944 443 1006 officiontm
472 961 575 1022 genere
597 946 715 1004 tandem
737 943 851 1019 effecit,
872 959 907 1004 ut
927 943 984 1004 hoc
1002 943 1052 1020 jus
1072 944 1246 1005 rescindere-

41 1072 90 1117 tur
113 1058 225 1135 (quod
249 1057 363 1118 stmulac
385 1056 535 1131 obtinuit,
563 1075 676 1117 manum
698 1056 828 1135 pugione
858 1075 954 1117 coram
984 1058 1120 1118 omnibus
1145 1076 1246 1133 ampu-

42 1170 136 1245 tavit,
162 1172 235 1245 vel,
256 1172 339 1245 quod
360 1170 475 1229 facilius
497 1169 682 1243 crediderim,
699 1169 785 1245 laesrt,
803 1171 927 1245 addens,
946 1188 1006 1230 non
1023 1170 1082 1230 fine
1099 1171 1246 1249 sanguinis

44 1282 134 1359 Regii
159 1281 321 1358 impendio
343 1280 429 1343 licere
450 1282 573 1343 subditis
595 1284 706 1361 Regem
728 1281 864 1361 eligere),
885 1300 919 1342 ea
940 1296 1036 1341 tamen
1056 1281 1244 1343 conditione:

45 1410 75 1453 ut
94 1399 265 1473 patuerint
285 1408 313 1454 et
328 1396 430 1476 pafflnt
449 1413 534 1453 arma
555 1408 656 1474 capere
683 1408 783 1455 eontra
803 1398 863 1454 uim
885 1412 1092 1471 quameunque,
1112 1414 1171 1470 qua
1189 1396 1245 1453 ali·

47 1512 111 1583 quis
141 1511 306 1587 imperium
332 1509 451 1583 ingredi
476 1512 508 1566 in
536 1508 663 1587 ipsorum
690 1508 823 1567 damnum
850 1509 937 1584 velit,
958 1511 1012 1566 imo
1032 1521 1132 1567 contra
1151 1509 1246 1585 ipsum

49 1620 159 1694 Regem
184 1635 216 1680 et
233 1624 396 1699 principem
411 1618 548 1695 futurum
570 1618 708 1679 heredem
713 1620 762 1697 ,ſs
781 1619 833 1679 liae
852 1621 929 1680 mado
951 1618 1128 1698 (imperium)
1147 1622 1245 1693 ingre·

49 1733 164 1793 dianae.
213 1734 281 1813 Qua
312 1732 377 1793 sane
400 1731 572 1793 conditione
598 1735 766 1808 precedens
787 1732 859 1792 illud
877 1732 927 1807 jus
948 1750 1007 1792 non
1028 1747 1086 1791 tam
1108 1733 1246 1794 aboleve-

50 1860 117 1903 runt
138 1864 235 1921 quam
257 1861 456 1906 correxerunt.
498 1846 593 1917 Nam,
616 1860 650 1905 ut
670 1846 736 1904 Art.
757 1854 784 1918 5.
807 1852 885 1904 eto.
908 1844 980 1920 Cap.
1001 1864 1029 1923 4.
1051 1844 1245 1919 ostendimus,

51 1956 117 2015 Rex
136 1976 208 2017 non
224 1956 290 2032 jure
309 1956 404 2031 civili,
425 1956 474 2017 sed
491 1956 556 2031 jure
578 1955 645 2015 belli
667 1955 836 2017 dominandi
858 1956 992 2031 potentia
1010 1955 1116 2031 privari
1134 1956 1244 2032 potest,

54 2070 99 2126 vel
127 2067 226 2145 ipsius
256 2068 314 2131 vim
342 2069 373 2130 vi
402 2070 582 2129 solummodo
611 2070 749 2144 repellere
777 2068 901 2129 subditis
924 2069 1003 2129 licet.
1043 2051 1151 2129 Prae'ter
1170 2070 1244 2129 lranc

56 2180 124 2241 alias
148 2182 284 2259 stipulati
306 2182 372 2242 sunt
394 2182 598 2256 conditiones,
618 2200 683 2257 quae
701 2184 738 2241 ad
754 2182 880 2242 nostrum
902 2181 1021 2256 scopum
1042 2200 1103 2241 non
1124 2181 1246 2241 faciunt.

57 2290 108 2350 llis
131 2293 245 2354 ritibus
266 2311 303 2352 ex
326 2291 454 2352 omnium
476 2290 618 2351 sententia
639 2290 785 2366 instrusti,
807 2290 969 2351 incredibili
990 2292 1130 2366 temporis
1150 2292 1245 2366 spatio

57 2401 198 2466 inviolati
227 2404 408 2478 mansenrnt,
438 2402 497 2479 pari
520 2402 629 2480 semper
650 2404 705 2464 lide
728 2406 843 2482 Regum
865 2422 932 2482 erga
954 2404 1104 2481 subditos,
1124 2424 1157 2465 nc
1178 2405 1245 2466 sub·

57 2516 189 2578 ditorum
222 2534 289 2595 erga
322 2520 443 2594 Regem.
484 2517 541 2576 Sed
573 2516 725 2592 postquam
755 2534 874 2594 regnum
895 2517 1026 2576 Castellae
1047 2517 1246 2593 Ferdinando,

59 2629 106 2702 qui
140 2630 276 2691 omnium
308 2628 417 2704 primus
448 2627 620 2688 Catholicus
652 2643 840 2704 nuncupatus
868 2629 941 2703 fuit,
962 2629 1131 2690 hereditate
1151 2632 1247 2704 cessrt,

59 2739 172 2818 incepit
200 2743 262 2802 haec
291 2739 532 2819 Arragonensrum
560 2739 679 2800 libertas
701 2739 872 2800 castellanis
892 2740 947 2800 else
969 2740 1079 2816 invisa,
1104 2741 1156 2817 qui
1178 2760 1246 2816 pro·

61 2869 161 2924 pterea
182 2853 276 2930 ipsum
298 2853 510 2914 Ferdinandum
533 2853 651 2912 suadere
673 2870 733 2912 non
755 2850 914 2928 cessabant,
936 2866 970 2912 ut
986 2851 1052 2928 jura
1072 2851 1119 2912 illa
1139 2851 1245 2912 rescin-

62 2967 152 3028 deret.
196 2969 239 3027 At
271 2965 339 3042 ille,
370 2967 499 3026 nondum
532 2963 653 3040 imperio
686 2964 823 3025 absoluto
855 2963 1000 3040 assuetus,
1032 2963 1103 3024 nihil
1133 2979 1245 3025 tentare

60 3078 162 3156 ausus,
191 3077 369 3139 consiliariis
398 3076 460 3136 haee
490 3076 655 3152 respondit:
681 3091 880 3156 preterquam
908 3079 984 3153 quod
1004 3077 1247 3154 Arragonenstum

61 3190 190 3265 Regnum
216 3194 271 3265 iis,
299 3209 371 3267 quar
398 3203 559 3263 nouerant,
580 3189 786 3249 conditionibus
804 3193 962 3267 acceperit,
983 3192 1108 3266 quodque
1135 3191 1246 3266 eusdem

57 3302 184 3372 servare
198 3303 370 3383 fandiifflme
383 3301 594 3376 juraverit,et
601 3315 799 3380 preterquam
819 3302 896 3378 quud
912 3299 1097 3361 inhumanum
1108 3301 1149 3378 stt
1162 3301 1246 3380 fidem

63 3413 160 3474 datam
183 3415 318 3491 saluere,·
340 3415 375 3490 se
403 3417 435 3470 in
461 3416 586 3472 animum
612 3414 770 3492 induxiffe‚
793 3415 880 3490 suum
899 3415 1030 3488 Regnum
1044 3413 1148 3490 stabile
1161 3413 1246 3488 fore,

65 3529 199 3600 quamdiu
214 3529 388 3604 securitatis
409 3531 485 3586 ratio
514 3546 568 3585 nan
588 3527 681 3601 major
702 3528 779 3601 Regi
800 3545 885 3602 quam
899 3526 1030 3602 subditis
1050 3526 1129 3604 effer,
1149 3529 1194 3584 ita
1213 3541 1246 3586 ut

65 3657 110 3697 nee
139 3641 207 3699 Rex
229 3639 377 3716 subditis,
408 3658 456 3697 ner
487 3653 587 3698 cantra
612 3638 728 3713 subditi
747 3640 825 3714 Regi
840 3639 1119 3718 preponderarent,·
1139 3639 1247 3716 namfi

66 3753 210 3812 alterutra
231 3765 307 3830 pars
331 3755 475 3829 potentior
504 3751 628 3825 euadat,
653 3763 729 3829 pars
750 3751 870 3810 debilior
889 3769 943 3808 nan
964 3762 1075 3809 tantum
1091 3751 1246 3830 pristinam

67 3865 254 3939 equalitatem
285 3875 474 3940 recuperare,
500 3862 557 3937 fed
584 3863 677 3922 doure
707 3865 816 3940 accepti
835 3864 933 3921 damni
950 3867 984 3920 in
1002 3863 1127 3921 alteram
1146 3874 1247 3921 cantra

68 3975 176 4050 referre
196 3975 358 4046 conabitur,·
378 3975 509 4034 undeuel
524 3977 711 4050 alterutrius,
727 3977 777 4033 uel
788 3977 942 4052 utriusque
962 3981 1050 4036 ruina
1062 3979 1245 4054 sequeretur.

68 4089 136 4166 Quae
159 4086 225 4146 sane
247 4085 389 4162 sapientia
410 4088 500 4148 verba
522 4105 581 4146 non
605 4086 673 4147 satis
695 4087 789 4146 mirari
809 4087 936 4162 possem,
954 4087 974 4146 fi
996 4089 1108 4164 prolata
1129 4088 1246 4150 fuissent
1285 4137 1291 4146 .

71 4201 200 4277 allege,
232 4199 283 4274 qui
315 4197 422 4274 servis,
454 4216 513 4258 non
546 4197 644 4257 liberis
675 4198 843 4261 hominibus
875 4199 1013 4274 imperare
1041 4199 1245 4262 consuevilset.

73 4311 264 4372 Retinuerunt
297 4309 385 4388 igittu
417 4309 632 4391 Arragonenses
653 4312 717 4386 posi
739 4313 952 4374 Ferdinandum
983 4313 1163 4391 libertatem,
1185 4333 1246 4375 non
