2934 4900
243 306 299 383 178
652 243 839 369 ¹Iltiricea
866 304 935 369 Para
955 306 1007 373 ΙΙΙ.

793 483 872 543 ΧΙΧ.

278 594 378 655 Fauor
398 593 439 653 est
459 595 552 655 Amor
572 612 638 673 erga
660 592 803 671 aliquem,
821 594 873 671 qui
893 594 975 657 alteri
996 594 1154 657 benefecit.

726 771 729 775 Δ
800 739 866 799 XX.

246 827 249 833 Ι
279 854 446 928 Indignatio
466 852 507 915 est
527 852 634 915 Odium
656 872 721 932 erga
744 852 886 931 aliquem,
906 852 958 931 qui
978 853 1061 915 alteri
1081 854 1235 914 malefecit.

674 1015 984 1060 rxrrrcarrm

277 1111 349 1170 Haec
381 1109 499 1171 nomina
530 1127 567 1170 ex
598 1108 747 1171 communi
779 1108 833 1171 usu
863 1109 943 1171 aliud
969 1108 1127 1188 significare
1147 1110 1219 1171 scio.
1248 1110 1307 1171 Sed
1330 1128 1440 1172 meum

236 1220 399 1282 institutum
430 1240 491 1283 uon
523 1220 580 1297 est,
612 1223 767 1284 verborum
798 1220 1055 1301 fignificationem‚
1086 1219 1136 1282 sed
1166 1238 1258 1282 rerum
1290 1236 1441 1283 naturam

235 1337 399 1413 explicare,
429 1356 537 1414 easque
568 1336 604 1397 iis
632 1334 786 1399 vocabulis
815 1336 961 1411 indicare,
982 1354 1106 1413 quorum
1125 1334 1314 1415 fignificatio,
1337 1355 1440 1412 quam

235 1467 272 1510 ex
304 1448 356 1512 usu
385 1449 512 1525 habent,
544 1468 560 1509 a
591 1447 821 1527 significatione,
852 1466 910 1527 qua
942 1449 1042 1512 eadem
1077 1448 1210 1525 usurpare
1242 1448 1332 1523 v010,
1366 1468 1438 1510 non

235 1544 355 1620 omnino
385 1557 538 1633 abhorret,
570 1560 652 1634 quod
684 1556 770 1617 semel
802 1554 942 1618 monuisse
973 1556 1106 1619 sufficiat.
1144 1556 1290 1619 Caeterum
1318 1557 1439 1619 horum

235 1670 390 1732 affeiiuum
411 1669 525 1730 causam
545 1668 614 1731 vide
636 1667 666 1729 in
687 1666 852 1731 Corollari0
878 1684 902 1729 r.
921 1666 1136 1746 Propoiitionis
1153 1684 1201 1745 27.
1219 1684 1249 1729 et
1267 1668 1399 1731 scholio
1422 1674 1438 1703 *

233 1778 448 1857 Propoiitionis
468 1798 516 1842 22.
537 1780 625 1857 hujus
646 1779 750 1841 Partis.

792 1908 871 1971 XXI.

276 2022 462 2100 Existimatio
483 2022 523 2082 est
543 2024 580 2083 de
601 2020 701 2099 aliquo
724 2040 782 2098 prae
805 2023 914 2083 Amore
936 2023 1002 2098 plus
1018 2022 1096 2098 justo
1119 2022 1232 2083 sentire.

785 2166 879 2227 XXII.

277 2280 434 2359 Despedus
454 2278 494 2339 est
515 2282 552 2341 de
572 2278 672 2357 aliquo
694 2297 752 2356 prae
773 2278 853 2342 Odio
875 2279 971 2341 minus
987 2278 1067 2358 justo
1088 2279 1202 2341 sentire.

673 2442 983 2488 rxrrrcaarm

275 2537 325 2597 Est
356 2539 456 2615 itaque
486 2537 672 2600 Existimatio
703 2538 839 2614 Amoris,
870 2555 899 2600 et
931 2537 1093 2616 Deipeiiua
1122 2537 1192 2599 Odii
1220 2537 1343 2600 effeetus
1366 2539 1434 2601 five

142 2642 145 2646 ’
235 2646 417 2722 proprietam
448 2662 537 2724 atque
568 2649 644 2709 adeo
675 2647 773 2724 potest
806 2648 991 2728 Existimarem
1022 2647 1109 2710 etiam
1133 2647 1265 2724 definiti,
1285 2651 1370 2724 quod
1395 2647 1433 2710 fit

235 2758 344 2832 Amor,
365 2771 504 2834 qrmtenus
524 2756 661 2818 hominem
679 2762 726 2819 ita
745 2759 849 2836 afficit,
871 2772 905 2819 ut
925 2759 959 2818 de
976 2777 1008 2818 rc
1024 2773 1124 2818 amata
1137 2759 1205 2839 plus
1214 2759 1291 2838 justo
1300 2761 1433 2837 sentiat,

235 2886 266 2931 et
297 2887 399 2932 contra
430 2872 600 2952 Despedus,
628 2874 710 2949 quod
739 2869 774 2932 iit
800 2873 918 2948 Odium,
940 2885 1079 2949 quatenus
1098 2869 1235 2932 hominem
1254 2873 1300 2931 ita
1318 2871 1435 2946 afficit,

235 2997 268 3042 ut
298 2983 333 3042 de
363 3003 408 3058 co,
439 3002 519 3061 quem
546 2987 607 3044 odio
628 2983 733 3060 habet,
755 2988 848 3043 miuus
863 2981 939 3062 justo
950 2985 1073 3061 sentiat.
1105 2982 1182 3044 Vide
1202 2984 1239 3045 de
1259 2981 1305 3074 Iris
1326 2983 1432 3045 Schol.

236 3094 323 3170 Prop.
344 3097 393 3156 26.
413 3093 511 3172 hujus.

776 3173 883 3234 XXIII.

276 3287 398 3346 Invidia
428 3283 469 3345 est
500 3285 624 3361 Odium,
656 3301 802 3363 quatenus
832 3284 979 3346 hominem
1002 3283 1043 3348 ira
1065 3285 1172 3362 afficit,
1193 3303 1226 3348 ut
1247 3287 1431 3349 exaltemus

236 3396 377 3458 felicitate
398 3396 602 3473 contristetur,
623 3412 653 3458 et
676 3413 797 3474 contra,
820 3413 853 3459 ut
875 3415 912 3458 ex
934 3397 1052 3459 alterius
1074 3400 1149 3460 maio
1167 3400 1303 3478 gaudeat.

674 3559 696 3601 a
710 3559 730 3601 x
745 3559 761 3602 r
776 3560 795 3602 r.
808 3559 850 3602 rc
864 3560 886 3601 rr
897 3561 918 3601 r
930 3558 943 3602 r
955 3561 984 3602 o.

277 3651 400 3712 Invidia
433 3651 597 3728 opponitur
626 3653 820 3715 communiter
840 3653 1059 3731 Misericordia,
1080 3671 1145 3732 quae
1166 3653 1308 3732 proinde,
1330 3653 1429 3716 invita

237 3762 375 3825 vocabuli
396 3760 623 3841 significatione,
644 3764 683 3825 fic
704 3765 819 3827 definiti
839 3765 946 3841 potest.

775 3907 885 3970 XXIV.

277 4016 488 4094 MIsericordr'a
509 4018 549 4079 est
570 4020 663 4080 Amor
670 4065 680 4095 ,
699 4034 846 4097 quatenus
866 4018 1013 4080 hominem
1036 4018 1077 4079 ira
1100 4019 1207 4096 afficit,
1228 4036 1261 4082 ut
1283 4038 1321 4080 err
1343 4023 1429 4084 bono

236 4115 355 4189 alte‘rius
375 4131 518 4206 gaudeat,
539 4145 568 4190 et
590 4146 693 4192 contra
714 4146 749 4193 ut
770 4149 807 4191 ex
828 4130 947 4192 alterius
970 4133 1045 4192 malo
1067 4130 1263 4193 contristetur.

271 4313 284 4345 ⁸
319 4313 393 4362 Vera.
409 4312 480 4379 Belg.
501 4339 530 4351 -
546 4313 593 4364 Ed.
610 4313 665 4364 Pru
683 4315 802 4365 Scaurus.
