2934 4900
213 300 273 363 374
529 284 669 342 Troct.
710 281 1081 342 Theol.-Politici

212 461 247 520 de
273 460 333 520 Deo
360 475 388 519 et
416 461 540 519 Natura
558 460 696 534 sublimes
717 456 873 519 habuerint
894 460 1102 533 cogitationes?
1133 478 1172 517 an
1193 477 1261 517 uero
1279 472 1412 539 propter

205 572 299 647 solam
321 573 483 650 pietatem?
514 570 666 649 Postquam
695 568 755 631 hac
781 573 866 651 noui,
880 569 973 646 facile
993 571 1186 629 determinare
1205 574 1306 649 potui,
1326 572 1409 630 Pro-

209 681 367 762 phetarum
393 680 601 743 authoritatem
629 686 661 741 in
681 685 719 740 iis
741 694 853 741 tantum
870 683 980 761 pondus
1001 680 1124 756 habere,
1147 698 1209 759 qua
1228 684 1312 759 usum
1331 686 1411 741 uita

213 809 241 853 et
261 812 361 854 uerum
381 798 521 854 uirtutem
534 794 688 873 speciant,·
708 805 840 852 coeterum
860 812 955 851 eorum
975 796 1117 872 opiniones
1138 812 1187 852 nos
1205 807 1315 871 parum
1335 810 1411 854 tan-

210 926 289 982 gere.
329 909 386 967 His
417 910 537 981 cognitis
568 906 686 983 questui
716 906 835 979 deinde,
871 907 944 981 quid
971 905 1005 963 id
1026 904 1146 980 suerit,
1175 918 1299 983 propter
1331 908 1418 982 quod

214 1018 333 1079 Hebrai
351 1020 409 1079 Dei
428 1018 506 1076 elecii
525 1021 622 1077 uocati
634 1017 778 1094 fuerint?
801 1017 871 1075 Cum
891 1030 985 1075 autem
1005 1017 1150 1095 uidifferu,
1170 1014 1220 1075 hoe
1236 1014 1419 1077 nihilaliud

206 1130 309 1209 fuiffe,
329 1148 415 1207 quam
435 1129 511 1207 quod
526 1131 606 1190 Deus
626 1128 694 1208 ipss
711 1142 819 1188 certam
836 1130 934 1189 nundi
947 1129 1068 1207 plagam
1087 1129 1220 1204 elegerit,
1231 1128 1282 1188 ubi
1285 1132 1414 1206 secure,

214 1256 242 1301 et
269 1242 402 1301 comnmde
427 1245 529 1300 uiuere
552 1240 680 1319 possent‚·
708 1238 776 1299 hinc
802 1240 892 1299 didici
898 1284 908 1315 ‚
929 1240 1019 1315 Leges
1040 1238 1117 1316 Most
1135 1258 1155 1299 a
1175 1242 1235 1301 Deo
1257 1242 1414 1301 revelatas

216 1349 294 1412 nihii
309 1352 394 1411 ahud
404 1350 510 1428 fuiffe,
531 1366 616 1426 quam
629 1350 706 1423 jura
720 1345 882 1425 sagulatis
903 1347 1090 1409 Hebraorum
1100 1352 1216 1427 imperii
1220 1392 1230 1423 ‚
1240 1366 1274 1407 ac
1280 1352 1414 1428 proinde

215 1465 326 1541 easdem
341 1476 455 1543 prater
476 1460 527 1523 hos
547 1465 682 1521 matinen
702 1464 828 1539 resipere
847 1460 990 1539 debuiffe3
1011 1464 1064 1519 imo
1085 1480 1134 1520 nes
1154 1459 1204 1520 hos
1225 1466 1330 1537 etium,
1352 1463 1415 1541 nifi

209 1575 305 1654 stante
334 1576 463 1653 ipsorum
493 1575 634 1651 Imperio,
664 1574 765 1649 iisdem
796 1575 896 1631 teneri.
938 1572 1051 1647 Porro,
1080 1586 1112 1631 ut
1133 1575 1258 1650 scirem,
1279 1592 1346 1633 num
1370 1595 1412 1633 ex

215 1688 372 1765 Scriptura
402 1686 528 1745 concludi
561 1684 665 1763 posset,
697 1682 851 1743 humanam
888 1684 1056 1743 intellellum
1092 1697 1202 1744 natura
1239 1698 1412 1765 corruptum

216 1799 283 1879 effe,
303 1801 452 1875 inquirere
471 1797 566 1871 uolui,
586 1814 653 1854 num
673 1796 788 1870 Religio
808 1794 965 1871 catholica,
980 1795 1043 1872 sue
1064 1797 1111 1855 lex
1131 1797 1235 1856 diuina
1250 1809 1308 1875 per
1329 1798 1411 1857 Pro-

214 1910 321 1991 phetas
330 1922 359 1969 et
370 1910 512 1989 Apostolos
531 1910 668 1985 universo
688 1906 810 1967 humano
827 1911 929 1984 generi
950 1910 1097 1985 revelata,
1116 1911 1178 1969 aliu
1190 1908 1305 1986 fuerit,
1320 1930 1413 1987 quam

217 2024 288 2097 illa,
319 2040 405 2099 quam
434 2025 521 2081 etiam
550 2022 658 2081 Lumen
688 2022 839 2081 Naturale
868 2021 971 2080 docet?
991 2034 1019 2080 et
1039 2022 1156 2095 deinde,
1176 2040 1243 2081 num
1262 2026 1411 2083 miracula

217 2145 319 2193 contra
339 2134 468 2193 Nature
487 2133 614 2191 ordinem
633 2136 821 2207 contigerint,
849 2145 877 2192 et
897 2150 963 2191 num
983 2135 1041 2195 Dei
1060 2132 1237 2211 existentiam
1257 2146 1285 2192 et
1301 2140 1409 2214 proui-

217 2246 343 2303 dentiam
372 2247 480 2303 certius
510 2257 539 2302 et
566 2244 675 2303 clarius
695 2244 827 2318 doceant,
849 2262 934 2321 quom
955 2264 1015 2319 res,
1038 2263 1110 2321 quas
1131 2246 1209 2303 clare
1230 2258 1258 2303 et
1277 2246 1409 2325 destincie

215 2366 272 2433 per
297 2357 414 2433 primas
427 2356 503 2431 suas
524 2356 627 2431 causas
646 2355 859 2429 intelligimus?
899 2356 937 2414 ed
954 2374 1014 2415 cum
1033 2360 1065 2414 in
1085 2359 1144 2431 iis,
1165 2373 1228 2433 qua
1248 2358 1409 2438 Scriptura

216 2467 343 2545 expreffe
372 2467 466 2540 docet,
496 2463 575 2526 nihil
602 2467 780 2545 reperiffem,
801 2469 876 2544 quod
902 2487 962 2526 cum
982 2469 1129 2528 Intelleblu
1150 2488 1204 2527 non
1225 2474 1409 2546 conueniret,

219 2600 268 2640 nec
299 2581 375 2656 quod
401 2580 489 2637 eidem
521 2591 713 2658 repugnaret,
744 2591 773 2638 et
798 2591 944 2657 praterea
975 2582 1117 2655 uiderem,
1145 2580 1310 2660 Prophetas
1330 2583 1412 2642 nihil

216 2691 350 2771 docuisse,
380 2690 435 2767 nist
455 2709 502 2749 res
522 2690 669 2750 admodum
684 2691 840 2769 smplices,
866 2709 928 2768 quoe
948 2692 986 2752 ab
1006 2711 1169 2770 unoquoque
1183 2693 1275 2769 facile
1291 2699 1411 2774 percipi

213 2815 367 2880 poterant,
393 2814 481 2878 atque
508 2799 563 2860 has
590 2821 619 2860 eo
641 2801 712 2880 stylo
733 2803 932 2881 adornauiffe,
959 2806 1052 2880 iisque
1074 2804 1235 2864 rationibus
1255 2806 1408 2884 confirma-

216 2913 304 2992 uiffe,
332 2911 435 2989 quibus
462 2916 585 2971 maxime
611 2913 805 2972 multitudinis
833 2917 944 2973 animus
969 2916 1011 2974 ad
1029 2916 1199 2974 devotionern
1219 2935 1292 2992 erga
1312 2919 1409 2978 Deum

218 3028 327 3084 nmveri
352 3025 464 3102 poffet,·
494 3029 602 3084 omnino
633 3024 706 3085 mihi
728 3026 862 3104 persnas
872 3070 882 3101 ,
902 3027 1085 3105 Scripturam
1107 3029 1258 3088 Rationem
1278 3030 1410 3104 absolute

218 3138 340 3197 liberam
360 3137 539 3214 relinquere,
559 3152 587 3197 et
608 3135 686 3198 nihil
703 3157 764 3198 cum
785 3137 974 3217 Philosophia
994 3157 1132 3199 commune
1152 3139 1338 3218 habere,sed
1347 3157 1409 3202 tant

218 3247 294 3308 hanc
313 3265 398 3325 quam
422 3249 503 3308 illam
527 3253 650 3328 proprio
664 3251 720 3326 suo
742 3252 800 3308 talo
821 3225 906 3338 nitih
933 3251 973 3308 Ut
993 3249 1053 3310 hnc
1072 3264 1166 3310 autem
1185 3253 1339 3330 apodiliiee
1359 3256 1407 3313 de-

218 3360 418 3438 monstrarent,
446 3377 559 3436 remque
585 3374 674 3420 totam
700 3361 937 3435 determinarem,
956 3362 1079 3440 ostendo,
1100 3382 1158 3440 qua
1177 3367 1230 3423 uia
1249 3365 1408 3443 Scriptura

214 3471 254 3548 stt
273 3473 511 3550 interpretanda,
532 3486 561 3532 et
581 3475 656 3550 quod
674 3487 735 3533 tota
755 3473 815 3548 ejus
836 3492 986 3550 rerumque
999 3475 1205 3553 spiritualium
1225 3480 1347 3552 cognitio
1367 3480 1407 3538 ab

217 3579 285 3660 ipsa
297 3583 379 3660 sola,
399 3595 428 3641 et
446 3603 500 3642 non
520 3584 558 3642 ab
579 3588 633 3659 iis,
655 3603 717 3662 qua
731 3585 848 3644 Lumine
859 3586 1006 3645 Naturali
1016 3589 1216 3663 cognoscimus,
1223 3591 1286 3667 peti
1294 3589 1405 3650 debeat.

218 3695 296 3754 Hinc
321 3695 437 3770 transeo
467 3696 509 3755 ad
536 3714 570 3754 ea
596 3697 747 3775 prejudia
767 3697 948 3775 ostendenda,
970 3700 1118 3776 quoinde
1138 3697 1309 3774 ortafunt,
1331 3704 1408 3778 quod

217 3805 323 3880 uulgus
342 3803 558 3884 (superstitioni
577 3807 733 3883 additium,
745 3821 773 3868 et
783 3810 859 3886 quod
876 3813 1011 3888 temporis
1031 3812 1172 3887 reliquias
1186 3811 1284 3889 supra
1308 3815 1403 3890 ipsam

219 3919 409 3976 eternitatem
434 3917 528 3996 amat)
556 3918 645 3977 libros
668 3923 766 3997 potius
794 3921 954 4000 Scripturee
982 3940 1067 3999 quam
1086 3923 1180 4002 ipsum
1200 3923 1257 3984 Dei
1278 3925 1404 3985 Verbum

217 4029 327 4088 adoret.
367 4030 433 4107 Post
461 4029 521 4090 hac
549 4031 673 4108 ostendo,
704 4032 831 4091 Verbum
859 4035 918 4094 Dei
945 4036 1101 4094 revelatum
1132 4025 1186 4094 non
1213 4037 1264 4114 effe
1294 4051 1402 4096 certum

219 4140 358 4216 quendam
387 4159 533 4200 numerum
562 4142 719 4220 librorum,
745 4145 803 4221 sed
830 4157 987 4224 conceptum
1001 4144 1153 4225 fimplicem
1173 4150 1274 4206 mentis
1293 4149 1400 4208 diuina

216 4247 367 4328 prophetis
397 4252 551 4325 reuelata;
576 4254 690 4331 scilicet
719 4256 781 4316 Deo
811 4259 924 4330 integro
950 4259 1043 4316 animo
1064 4257 1191 4335 obedire,
1206 4257 1351 4336 justitiam
1371 4273 1399 4320 et
