2934 4900
486 309 542 369 De
582 308 853 371 Affectibus.

488 500 854 546 conouunitiuru.

105 598 211 658 Nemo
232 596 373 658 virtutem
393 596 498 671 alicui,
518 595 570 657 nisi
592 595 699 672 aequali
710 640 720 672 ,
740 595 864 657 inuidet.

479 755 877 801 bruonsnnnnio

109 852 231 914 Invidia
259 852 301 911 est
328 850 422 927 ipsum
451 851 558 912 Odium
585 848 660 927 (vid.
681 848 772 909 Senot.
794 850 884 928 Prop.
904 866 952 930 24.
974 848 1093 931 liujus),
1113 848 1172 913 live
1194 852 1268 931 (per

70 964 169 1025 Scltol.
189 967 279 1044 Prop.
304 980 350 1040 13.
372 962 472 1041 hujus)
494 960 643 1036 Tristitia,
662 960 721 1023 hoc
744 960 784 1021 est
806 960 819 1038 (
822 974 879 1040 per
899 959 989 1023 Sahal.
1006 964 1095 1042 Prop.
1110 977 1154 1024 11.
1166 962 1266 1043 hujus)

71 1076 214 1151 allectio,
244 1094 302 1153 qua
334 1074 462 1135 bominis
492 1074 598 1153 agendi
627 1074 765 1151 potentia
797 1073 847 1135 seu
876 1090 1001 1137 conatus
1022 1082 1183 1139 coercetur.
1223 1079 1267 1138 At

72 1190 169 1251 liomo
198 1190 272 1269 (per
291 1186 383 1249 Schol.
404 1188 493 1267 Prop.
513 1206 542 1264 9.
564 1185 663 1266 hujus)
693 1186 766 1248 nihil
794 1204 878 1266 agere
906 1203 1031 1250 conatur
1051 1207 1147 1267 neque
1168 1190 1269 1267 cupit,

74 1302 128 1362 nisi
153 1304 235 1379 quod
255 1318 294 1362 en
314 1301 384 1361 data
405 1299 455 1361 sua
475 1314 577 1360 natura
600 1298 681 1375 sequi
707 1298 824 1374 potest;
852 1314 921 1378 ergo
942 1300 1033 1361 homo
1054 1302 1160 1362 nullam
1181 1304 1217 1363 de
1239 1302 1268 1363 se

73 1414 186 1493 agendi
216 1412 382 1489 potentiam
413 1411 464 1473 seu
491 1412 589 1489 (quod
615 1411 692 1472 idem
721 1412 776 1490 est)
805 1410 945 1473 virtutem
973 1412 1123 1488 praedicari
1150 1412 1268 1490 cupiet,

75 1544 146 1604 quae
166 1542 279 1587 natura
307 1524 427 1586 alterius
447 1524 488 1584 esi
508 1523 645 1600 propria,
673 1537 704 1583 et
725 1522 782 1583 suae
805 1523 915 1599 aliena;
935 1525 1069 1601 adeoque
1091 1523 1155 1601 ejus
1174 1524 1267 1601 Cupi-

75 1638 158 1701 ditas
176 1638 321 1713 coerceri,
341 1636 400 1698 lioc
420 1634 462 1696 est
494 1636 568 1715 (per
587 1632 679 1695 senor.
700 1636 789 1715 Prop.
814 1651 859 1695 ii.
880 1633 981 1715 hujus)
1003 1634 1064 1711 ipse
1085 1634 1266 1709 contristari,

75 1747 185 1824 nequit
206 1766 244 1808 es
263 1766 320 1824 eo,
341 1752 422 1824 quod
444 1748 570 1823 aliquam
589 1747 730 1808 uirtutem
748 1747 780 1807 in
800 1746 900 1822 aliquo
921 1746 973 1823 ipsi
994 1744 1115 1807 dissimili
1136 1762 1266 1807 contem-

76 1861 195 1935 platur,
226 1874 257 1920 et
288 1856 503 1937 consequenter
533 1876 629 1936 neque
650 1860 677 1920 ei
698 1858 831 1922 invidere
852 1857 972 1935 poterit.
1012 1860 1056 1919 At
1076 1858 1193 1935 quidem
1214 1858 1267 1919 suo

76 1972 204 2049 aequali,
224 1972 276 2050 qui
296 1990 361 2033 cum
384 1969 448 2049 ipso
470 1968 598 2049 ejusdem
619 1986 730 2033 naturae
754 1970 941 2047 supponitur.
984 1972 1018 2049 Q.
1038 1972 1076 2033 E.
1096 1972 1137 2032 D.

552 2131 596 2174 sc
610 2131 632 2173 ii
645 2131 664 2173 o
677 2131 697 2173 1.
710 2130 722 2173 1
735 2131 757 2173 u
771 2130 808 2173 ra.

119 2226 197 2288 Cum
218 2227 308 2306 igitur
327 2224 411 2302 supra
432 2227 463 2286 in
484 2226 604 2287 Scholio
632 2224 847 2302 propositionis
867 2236 915 2299 52.
936 2222 1024 2301 hujus
1045 2224 1138 2286 Partis
1159 2223 1267 2301 dincri-

77 2358 160 2415 mus,
182 2356 239 2399 nos
258 2338 406 2399 hominem
428 2337 558 2401 venerari
580 2356 617 2398 ex
637 2356 693 2413 eo,
714 2340 796 2415 quod
817 2335 906 2414 ipsius
926 2337 1125 2413 prudentiam,
1146 2336 1265 2397 fortitu-

76 2454 195 2527 dinem,
224 2466 281 2512 etc.
314 2451 500 2528 admiramur,
531 2452 560 2512 id
592 2453 625 2511 sit
657 2451 704 2530 (nt
732 2471 768 2510 ex
795 2453 863 2530 ipsa
890 2451 979 2530 Prop.
1004 2452 1102 2530 paret)
1126 2450 1194 2528 quia
1215 2451 1267 2511 has

75 2565 205 2626 virtutes
236 2563 263 2624 ei
293 2562 473 2642 singulariter
503 2561 608 2639 inesse,
636 2579 666 2624 et
694 2581 755 2624 non
783 2579 817 2624 ut
843 2561 945 2624 nostrae
966 2577 1076 2624 naturae
1098 2581 1266 2624 communes

76 2676 284 2757 imaginamut3
316 2677 450 2752 adeoque
483 2675 595 2736 easdem
627 2675 679 2751 ipsi
712 2694 773 2736 non
804 2674 894 2754 magis
932 2675 1148 2750 invidebimus,
1180 2694 1265 2751 quam

76 2790 231 2850 arboribus
251 2788 452 2863 altitudinem,
474 2803 504 2848 et
525 2787 662 2849 leonibus
684 2788 907 2863 fortitudinem,
928 2801 986 2848 etc.

448 2947 778 3010 PROPOSITIO
810 2948 890 3009 LVI.

113 3064 261 3138 latitia,
298 3061 454 3139 Tristitia,
484 3074 511 3119 et
544 3061 740 3140 Cupiditatis,
771 3073 799 3120 et
826 3058 1025 3136 consequenter
1044 3059 1266 3135 uniuscujusque

76 3171 212 3250 offellus,
233 3177 285 3250 qui'
303 3192 340 3232 ex
360 3170 407 3231 bis
427 3175 611 3250 componitur,
632 3185 666 3230 ut
685 3175 777 3231 arriani
797 3171 1023 3245 Fludluationis,
1040 3171 1090 3229 vel
1104 3173 1155 3246 qui
1164 3169 1202 3229 ab
1218 3168 1265 3229 lu's

77 3287 246 3360 derivatur,
266 3297 361 3364 nempe
382 3285 516 3359 Amoris,
538 3285 621 3359 Odit,
642 3282 710 3361 Spei
714 3327 724 3356 ,
746 3283 862 3356 Metus,
883 3294 950 3356 etc„
966 3294 1009 3341 tot
1019 3282 1129 3360 species
1146 3281 1266 3356 dantur,

78 3411 145 3474 quot
159 3399 236 3475 sunt
249 3399 360 3477 species
380 3395 565 3472 obsessorum,
584 3414 604 3454 a
625 3394 728 3471 quibus
748 3395 899 3470 afficimur.

478 3549 875 3595 nnuonsnnnnio

116 3644 238 3706 Laetiiia
265 3660 297 3704 et
323 3643 471 3721 Tristitia,
500 3659 530 3705 et
552 3642 767 3720 consequenter
788 3643 925 3720 offellus,
946 3644 997 3720 qui
1019 3661 1055 3704 ex
1076 3643 1122 3704 liis
1142 3661 1264 3720 compo-

79 3773 187 3818 nuntur
215 3757 264 3817 vel
291 3773 329 3816 eit
356 3754 401 3816 his
430 3756 618 3830 derivantur,
647 3756 790 3830 passiones
812 3753 879 3816 sunt
900 3755 974 3835 (per
994 3753 1083 3814 Schol.
1104 3755 1193 3834 Prop.
1219 3771 1263 3815 rr.

78 3867 194 3947 liujus);
216 3885 271 3928 nos
292 3882 390 3928 autem
412 3867 486 3945 (per
507 3867 596 3946 Prop.
611 3882 637 3926 1.
658 3865 759 3945 hujus)
781 3863 938 3926 necessario
959 3866 1098 3942 patimur,
1119 3882 1265 3945 quatenus

78 3980 157 4042 ideas
176 3981 319 4041 babemus
339 3977 557 4056 inadequatas;
579 3993 610 4040 et
632 3994 779 4056 quatenus
802 3977 914 4039 easdem
932 3979 1072 4041 habemus
1090 3980 1163 4061 (per
1173 3982 1262 4061 Prop.

79 4109 106 4168 3.
116 4091 236 4171 hujus),
246 4107 368 4152 eatenus
379 4105 493 4153 tantum
504 4091 631 4168 patimur
637 4135 647 4166 ,
658 4091 715 4151 hoc
728 4090 768 4150 est
780 4091 854 4168 (uid.
866 4089 957 4152 Scdol.
973 4109 997 4152 1.
1008 4094 1097 4172 Prop.
1108 4111 1156 4172 40.
1164 4106 1196 4172 p.
1208 4095 1263 4172 2.),

80 4219 204 4267 eatenus
229 4218 343 4264 tantum
370 4203 529 4264 necessario
550 4203 693 4279 patimur,
714 4217 860 4280 quatenus
881 4202 1086 4283 imaginamur,
1106 4203 1165 4264 sive
1187 4203 1263 4282 (uid.

81 4318 169 4396 Prop.
201 4329 247 4391 ιγ.
270 4328 303 4394 p.
330 4331 359 4375 2.
386 4333 449 4375 curn
477 4315 539 4390 qus
568 4314 674 4394 Schol.)
707 4329 853 4392 quatenus
885 4315 1026 4377 afficimur
1056 4315 1179 4390 affeslu,
1210 4314 1261 4392 qui

1450 3593 1452 3678 l

1450 3707 1452 3776 l
