2934 4900
347 307 836 397 'theologico-Polluci
876 309 950 395 Cap.
971 309 1082 382 XVIII.
1254 309 1314 396 589

107 494 338 573 respondeant,
358 509 389 556 et
409 510 445 558 ut
464 495 580 556 Interim
600 509 719 571 recepta
739 507 854 556 tantum
875 508 907 555 et
921 493 1045 556 maxime
1061 493 1165 556 usitata
1183 495 1311 558 doceant

111 623 353 686 exerceantque.
383 609 422 669 Il.
454 626 542 685 quam
573 607 767 684 periculosum
798 607 833 670 lit
864 609 901 670 ad
918 607 969 685 jus
989 607 1120 670 divinum
1142 609 1248 670 referre
1267 626 1314 669 res

111 737 205 781 mere
225 719 437 798 speculativas,
456 719 594 799 legesque
615 723 652 782 de
673 718 867 796 opinIonibus
888 721 1032 796 condere,
1051 721 1088 781 de
1099 718 1207 796 quibus
1217 719 1312 780 homi-

114 851 181 894 nes
211 833 359 910 disputare
390 832 491 906 solentv
517 833 567 895 vel
596 831 734 909 possunt;
765 830 807 892 ibi
838 831 914 894 enim
936 830 1139 895 violentiiiime
1160 846 1312 910 regnatur,

114 945 180 1006 ubi
210 944 384 1022 opiniones,
414 962 481 1022 quae
512 943 740 1022 uniuscujusque
768 944 843 1022 juris
874 943 962 1021 sunt,
993 963 1055 1022 quo
1086 961 1173 1005 nemo
1209 945 1312 1006 cedere

117 1057 242 1135 potest,
266 1075 321 1134 pro
347 1056 468 1118 crimine
495 1057 656 1133 habentur3
685 1056 746 1117 imo
774 1055 868 1132 plebis
889 1056 948 1133 ira,
968 1056 1019 1117 ubi
1039 1057 1097 1118 hoc
1118 1057 1168 1134 lit,
1188 1055 1312 1118 maxime

117 1187 247 1249 regnare
284 1169 369 1230 solet.
408 1167 521 1230 Pilatus
559 1185 701 1245 namque,
731 1182 766 1229 ut
797 1167 1004 1231 Phansaeorum
1035 1169 1084 1230 itae
1115 1172 1312 1246 concederet,

120 1279 289 1356 Christum,
309 1297 395 1356 quem
422 1280 610 1340 innocentem
640 1292 782 1354 noverat,
802 1277 969 1358 crucifigere
997 1277 1085 1355 juffit.
1124 1278 1256 1356 DeInde,
1277 1293 1312 1341 ut

121 1391 261 1454 Pharisaei
281 1391 404 1454 ditiores
420 1409 437 1451 a
453 1391 512 1453 suis
531 1389 726 1470 dignitatibus
747 1391 954 1466 deturbarent,
975 1389 1151 1467 questiones
1171 1393 1208 1452 de
1228 1390 1311 1452 Reli-

123 1504 217 1583 gione
246 1521 365 1567 movete
385 1518 566 1581 coeperunt,
596 1517 628 1564 et
658 1502 840 1564 Tsaducaeos
871 1501 1031 1580 Impietatis
1052 1502 1202 1579 accusare;
1223 1517 1254 1564 et
1275 1505 1312 1564 ad

124 1616 186 1677 hoc
213 1615 420 1678 Pharisaeorum
447 1616 615 1692 exemplum
643 1613 752 1690 peflimi
779 1613 889 1695 quique
909 1613 1091 1694 hypocrite,
1112 1615 1212 1676 eadem
1231 1613 1312 1676 rabie

127 1728 250 1807 agitati,
274 1747 361 1806 quam
387 1729 483 1790 zelum
500 1726 575 1804 juris
600 1725 693 1792 divini
713 1740 845 1804 vocant,
867 1725 947 1790 viros
967 1726 1116 1803 probitate
1136 1725 1260 1806 infignes
1281 1741 1311 1787 et

126 1839 240 1903 virtute
259 1841 371 1918 claros,
392 1855 423 1901 et
444 1842 484 1902 ob
505 1839 536 1901 id
557 1840 639 1916 plebi
661 1838 790 1916 invisos,
811 1839 921 1915 ubique
940 1837 1086 1916 persecuti
1106 1837 1190 1914 sunt;
1210 1855 1310 1899 eornm

126 1951 238 2013 scilicet
259 1951 417 2028 opiniones
444 1951 563 2028 publice
590 1951 779 2028 detestando,
801 1965 832 2012 et
852 1950 957 2015 saevam
981 1949 1198 2012 multitudinem
1218 1950 1260 2012 iri
1280 1950 1311 2011 in

127 2065 245 2127 eosdem
273 2063 467 2126 incendendo.
507 2064 610 2142 Atque
637 2063 700 2125 haec
728 2081 839 2140 procax
867 2061 1002 2138 ilcentia,
1023 2061 1092 2139 quia
1113 2059 1209 2137 specie
1230 2059 1311 2122 Reli-

126 2175 226 2255 gioqis
253 2177 455 2252 adumbratur,
481 2193 543 2238 non
567 2175 653 2236 facile
674 2173 802 2236 coerceri
822 2175 936 2252 potest,
957 2173 1103 2250 precipue
1124 2173 1175 2234 ubi
1195 2172 1311 2234 summae

127 2285 291 2360 potestates
318 2284 422 2346 seciam
449 2283 574 2362 aliquam
601 2283 846 2358 introduxerunt,
877 2282 961 2360 cujus
989 2281 1058 2359 ipsae
1085 2282 1224 2345 authores
1250 2300 1311 2343 non

128 2396 211 2474 sunt;
231 2397 301 2474 quia
321 2411 385 2458 tum
405 2415 466 2459 non
487 2412 522 2458 ut
538 2395 614 2473 juris
634 2395 730 2460 divini
750 2395 939 2474 interpretes,
957 2393 1006 2457 sed
1025 2411 1059 2457 ut
1075 2394 1186 2457 sectant
1201 2394 1310 2457 haben·

127 2526 188 2586 tur,
207 2509 266 2571 hoc
285 2509 381 2570 estut
401 2508 452 2586 qui
475 2507 558 2571 seelae
578 2510 716 2571 dodotes
732 2508 808 2585 juris
829 2508 923 2572 divini
943 2506 1118 2584 interpretes
1135 2506 1311 2587 agnoscunt3

127 2636 160 2683 et
180 2622 249 2683 ideo
270 2620 485 2700 magistratuum
505 2620 670 2681 authoritas
690 2620 767 2682 circa
787 2621 850 2681 haec
871 2622 951 2696 apud
970 2621 1085 2697 plebem
1103 2638 1203 2697 pamm
1213 2620 1310 2683 valere

127 2732 204 2795 solet
211 2777 221 2810 ,
242 2747 273 2794 at
295 2732 450 2809 plurimum
477 2733 631 2793 dodorum
658 2731 839 2809 authoritas,
867 2750 992 2810 quorum
1019 2730 1311 2809 interpretatIonibus

127 2847 180 2909 vel
199 2847 298 2925 Reges
317 2844 449 2907 submitti
470 2847 576 2907 debere
596 2858 714 2920 putant.
755 2845 804 2907 Ad
824 2844 887 2906 haec
915 2862 984 2925 ergo
1005 2846 1077 2907 mela
1097 2844 1219 2907 vitanda
1239 2842 1312 2905 nihil

127 2954 315 3032 Reipublicae
343 2956 440 3018 tutius
470 2956 632 3036 excogitari
662 2956 775 3033 potest,
807 2973 893 3033 quam
920 2956 1060 3033 pietatem
1088 2970 1119 3017 et
1145 2954 1312 3033 Religionis

129 3066 242 3127 cultum
272 3064 302 3125 in
335 3064 404 3126 solis
434 3064 591 3141 operibus,
619 3064 677 3125 hoc
705 3064 746 3126 est
774 3064 803 3125 in
831 3064 895 3127 solo
926 3064 1068 3126 exercitio
1099 3064 1250 3126 charitatis
1281 3079 1312 3125 et

124 3176 262 3255 justitiae,
281 3192 448 3254 ponere,et
458 3180 496 3239 de
506 3176 626 3255 reliquis
646 3178 768 3239 liberum
790 3176 949 3255 unicuique
967 3176 1111 3253 judicium
1132 3176 1312 3253 relinquete;

128 3287 180 3350 sed
200 3290 238 3350 de
256 3287 303 3349 his
322 3288 422 3364 postea
442 3286 542 3350 fusius.
583 3288 635 3349 111.
665 3289 816 3367 videmus,
843 3308 929 3367 quam
956 3290 1068 3351 necesse
1088 3288 1138 3367 stt,
1159 3305 1219 3352 tant
1239 3288 1309 3354 Rei·

129 3401 256 3478 publicae
285 3419 371 3479 quam
398 3400 567 3481 Religioni,
594 3401 711 3463 summis
730 3400 928 3478 potestatibus
945 3400 1011 3478 jus,
1032 3405 1068 3464 de
1090 3420 1144 3480 eo,
1164 3405 1246 3479 quod
1267 3403 1312 3463 fas

129 3512 270 3589 nefasque
301 3511 351 3590 sit,
382 3512 579 3591 discernendi,
609 3516 780 3575 concedere.
820 3515 896 3574 Nam
927 3511 948 3573 st
977 3513 1035 3575 hoc
1063 3511 1130 3590 jus,
1160 3516 1196 3575 de
1229 3512 1312 3575 fastis

129 3624 332 3700 discernendi,
361 3624 429 3701 ipsit
459 3625 570 3689 divinis
600 3625 757 3702 Prophetis
787 3624 912 3687 concedi
942 3642 1003 3686 non
1034 3625 1152 3703 potuit,
1173 3624 1224 3687 nisi
1246 3643 1312 3687 cum

129 3752 237 3813 magno
257 3732 441 3809 Reipublicae
452 3749 483 3794 et
493 3733 660 3813 Religionis
681 3736 802 3812 damno,
823 3736 917 3795 multo
937 3734 1033 3795 minus
1044 3733 1080 3795 Iis
1091 3737 1312 3797 concedendum

131 3846 204 3923 erit,
230 3846 282 3923 qui
310 3864 363 3907 nec
391 3847 491 3908 futura
517 3846 676 3923 predicere
704 3846 817 3922 sciunt,
837 3864 890 3907 nec
912 3845 1046 3909 miracula
1067 3847 1186 3923 possunt
1206 3846 1312 3909 facere.

130 3958 242 4018 Verum
261 3959 299 4019 de
318 3956 375 4019 hoc
396 3957 427 4018 in
447 3957 581 4036 sequenti
601 3976 639 4019 ex
659 3956 787 4035 professo
808 3976 898 4037 agam.
939 3959 992 4021 IV.
1013 3958 1140 4036 denique
1168 3958 1313 4037 videmus,

132 4088 219 4146 quam
249 4068 367 4131 exitiale
394 4067 430 4130 iit
457 4072 590 4146 populo,
619 4069 671 4148 qui
701 4070 754 4131 sub
786 4069 902 4149 regibus
930 4089 990 4133 non
1018 4069 1173 4135 consuevit
1192 4070 1311 4149 vivere,

132 4181 243 4259 quique
259 4180 319 4258 jam
339 4182 419 4260 leges
439 4181 575 4243 conditas
595 4181 703 4259 habet,
723 4181 915 4243 Monarcham
935 4181 1048 4261 eligere.
1079 4184 1155 4245 Nam
1175 4200 1229 4243 nec
1250 4182 1311 4259 ipse

132 4308 247 4357 tantum
268 4292 419 4369 imperium
439 4291 593 4372 sustinere,
611 4312 665 4355 nec
685 4293 763 4373 regia
785 4270 947 4357 authoritas
969 4294 1031 4371 pati
1051 4294 1161 4372 poterit
1181 4296 1260 4373 leges
1280 4307 1311 4355 et
