2934 4900
72 370 75 379 ,
199 332 241 395 52
637 292 818 379 Ethicea
847 317 959 379 Parti.

201 498 375 575 intendunt,
404 497 433 557 in
462 495 491 557 se
518 496 599 573 ipsos
625 514 725 559 revera
753 494 927 573 conjiciunt.
955 493 986 555 Si
1014 492 1104 573 igitur
1123 492 1176 571 ipfi
1196 512 1234 555 ex
1256 493 1311 554 luo
1331 492 1396 553 lroc

200 610 325 673 absurdo
356 610 530 673 concludere
558 624 654 671 tamen
683 609 809 683 volunt,
828 606 1015 669 substantiam
1035 605 1184 667 extensam
1205 607 1313 667 debere
1335 602 1396 665 elle

200 722 327 798 linitam,
355 720 427 783 nihil
454 720 532 783 aliud
559 721 653 783 hercle
679 720 809 796 iaciunt,
829 738 917 797 quarn
936 719 957 780 ii
977 718 1045 797 quie
1065 737 1103 779 ex
1122 736 1180 793 eo,
1199 720 1282 795 quod
1303 715 1397 779 finxit

199 834 337 895 circulum
358 832 492 911 quadrati
512 832 708 910 proprietates
728 832 851 907 habere,
871 830 1039 907 concludit,
1059 830 1396 893 circulumnonlrabere

188 920 348 1022 icenrtum,
365 962 403 1005 ex
421 962 482 1021 quo
501 962 602 1005 omnes
620 946 657 1006 ad
674 942 934 1007 circumferentiam
955 946 1050 1007 dudae
1066 942 1150 1005 lineae
1168 941 1235 1004 sunt
1253 942 1395 1019 aequales.

199 1057 276 1117 Nam
295 1054 482 1120 substantiam
502 1072 689 1131 corpoream,
711 1072 777 1131 quae
798 1072 858 1117 non
879 1053 932 1115 nili
950 1054 1080 1130 infinita,
1097 1073 1158 1116 non
1179 1054 1346 1129 milianica,
1363 1068 1396 1113 ct

200 1183 261 1226 non
282 1164 334 1227 nist
354 1164 538 1229 indivifibilis
559 1164 656 1241 potest
676 1164 795 1241 concipi
813 1163 889 1245 (vid.
907 1166 997 1243 Prop.
1019 1164 1037 1224 8
1044 1175 1142 1240 ,5,et
1160 1164 1238 1243 tm),
1256 1180 1318 1224 eam
1338 1161 1396 1237 ipit

200 1280 236 1339 ad
257 1278 509 1353 concludendum,
535 1276 655 1339 eandem
683 1274 739 1337 elie
765 1274 895 1351 linitam,
922 1292 960 1336 ex
987 1274 1120 1351 partibus
1141 1273 1233 1337 finitis
1254 1272 1397 1347 conflari,

199 1404 229 1449 er
247 1386 435 1465 multiplicem
453 1386 508 1449 elle
526 1404 556 1449 er
574 1386 746 1451 divilibilem
763 1385 947 1464 concipiunt.
972 1386 1020 1448 Sic
1041 1387 1128 1448 etiam
1149 1386 1215 1460 alii,
1239 1385 1397 1464 postquam

199 1502 329 1581 fingunt,
349 1501 454 1563 lineam
475 1519 513 1562 ex
533 1500 650 1577 pundlit
671 1499 829 1578 componi,
846 1502 937 1561 mtdta
955 1498 1192 1563 sciuntinvenire
1204 1514 1395 1579 argumenta,

200 1613 308 1691 quibua
328 1612 499 1689 ostendant,
526 1612 630 1673 lineam
658 1630 718 1673 non
740 1610 872 1689 poileio
894 1610 1041 1673 inlinitum
1061 1610 1165 1674 dividi.
1192 1611 1233 1671 Et
1256 1610 1396 1687 profesto

199 1743 259 1786 non
281 1724 377 1786 minus
397 1725 551 1785 ablurdttm
572 1722 613 1784 est
633 1740 762 1800 ponere,
782 1726 865 1801 quod
887 1722 1044 1785 substantia
1065 1739 1207 1799 corporea
1228 1740 1266 1781 ex
1284 1738 1397 1797 corpo·

198 1834 279 1897 ribus
300 1834 358 1899 srve
379 1834 512 1912 partibus
533 1850 746 1911 componatur,
767 1854 856 1913 quam
875 1838 957 1914 quod
978 1852 1088 1912 corpus
1109 1852 1147 1895 ex
1166 1832 1396 1911 superficiebus,

199 1945 365 2022 superficies
392 1964 430 2006 cx
457 1946 559 2023 lineis,
586 1945 669 2007 lineae
692 1946 821 2024 denique
842 1965 879 2007 ex
902 1946 1018 2023 puluis
1040 1961 1263 2026 componantur.
1290 1944 1396 2020 Atque

198 2056 257 2117 hoc
275 2074 393 2133 omncs,
414 2057 464 2135 qui
481 2059 584 2119 claram
603 2057 746 2119 rationem
764 2056 944 2120 infallibilem
961 2057 1016 2119 elle
1036 2055 1150 2134 sciunt,
1171 2056 1256 2119 fateri
1267 2058 1395 2132 debent,

199 2184 229 2230 et
249 2168 387 2245 imprimis
409 2169 448 2245 ii,
474 2170 524 2246 qui
553 2186 661 2249 negant
689 2170 752 2232 dari
773 2189 908 2234 vacuum.
932 2172 1008 2233 Nam
1029 2169 1050 2231 fi
1072 2169 1229 2231 substantia
1251 2185 1395 2244 corporea

199 2280 239 2341 ira
261 2278 355 2357 pollet
375 2280 486 2358 dividi,
508 2297 542 2343 ut
563 2281 628 2359 ejus
648 2296 747 2358 partes
767 2282 884 2343 realiter
901 2282 1041 2344 distinata
1060 2280 1168 2358 effent;
1185 2300 1237 2343 cur
1253 2298 1324 2359 ergo
1336 2298 1394 2341 una

199 2410 265 2468 pars
299 2410 359 2453 non
394 2390 489 2470 pollet
523 2392 693 2470 annihilari,
727 2395 915 2458 manentibus
952 2394 1074 2474 reliquis
1102 2411 1135 2458 ut
1164 2411 1232 2458 ante
1260 2395 1338 2456 inter
1364 2393 1394 2454 sc

198 2505 366 2566 connexis?
393 2507 433 2567 Et
454 2525 505 2568 cur
525 2526 628 2570 omnes
649 2507 690 2570 ira
711 2510 804 2586 aptari
828 2512 956 2586 debent,
981 2529 1017 2571 ne
1038 2513 1127 2572 detur
1147 2507 1297 2573 vacuum?
1316 2508 1393 2568 Sanc

199 2632 308 2692 rerum,
336 2635 402 2692 quae
429 2618 544 2681 realiter
571 2622 608 2681 ab
633 2619 761 2684 invicem
783 2620 923 2684 distinata
945 2621 1030 2704 sunt,
1050 2641 1109 2683 una
1131 2621 1189 2682 fine
1210 2621 1264 2682 alia
1286 2619 1342 2681 elie
1363 2636 1394 2680 et

199 2725 229 2786 in
252 2725 304 2788 suo
325 2727 401 2788 statu
422 2747 536 2791 manere
557 2731 663 2806 potest.
685 2731 761 2794 Cum
783 2731 874 2812 igitur
894 2752 1019 2796 vacuum
1042 2733 1072 2795 in
1092 2735 1206 2796 Natura
1226 2751 1288 2794 noo
1309 2734 1396 2794 detur

200 2837 333 2916 (dequo
361 2839 464 2920 alias),
492 2839 541 2904 sed
570 2861 672 2905 omnes
701 2860 800 2921 partes
829 2843 870 2906 ira
898 2864 1070 2908 concurrere
1098 2848 1224 2923 debent,
1251 2846 1397 2906 medetur

200 2971 342 3030 vacunm;
363 2952 494 3032 sequitur
514 2955 582 3015 hinc
600 2956 705 3032 etiam,
723 2958 836 3020 easdem
855 2975 915 3020 non
934 2958 1015 3034 polle
1033 2958 1148 3020 realiter
1164 2957 1317 3036 distingui,
1334 2957 1394 3017 hoc

200 3063 258 3140 est,
278 3062 463 3127 substantiam
485 3083 674 3146 corpoream,
695 3087 843 3146 quatenus
864 3070 1022 3133 substantia
1042 3071 1101 3163 eit,
1121 3089 1182 3132 non
1198 3068 1394 3147 poliadividi.

200 3176 230 3236 Si
252 3175 319 3253 quia
340 3193 435 3239 tamen
453 3178 513 3256 jam
535 3197 665 3258 aluerat,
693 3200 746 3244 cur
773 3202 829 3246 nos
847 3203 885 3245 ex
907 3200 1009 3246 matura
1030 3185 1072 3246 ita
1093 3181 1230 3263 propensi
1249 3181 1336 3244 {imus
1356 3185 1394 3243 ad

200 3287 386 3350 dividendam
408 3289 628 3366 quantitatem?
649 3293 685 3353 Ei
704 3292 888 3372 respondeo,
906 3299 989 3372 quod
1008 3297 1158 3373 quantitas
1170 3295 1394 3358 duobusmodis

201 3419 216 3460 a
238 3400 325 3461 nobis
345 3401 528 3479 concipitur,
550 3404 688 3467 abstradie
708 3406 836 3482 scilicet,
852 3407 911 3471 srve
930 3407 1166 3487 superficialiter,
1181 3424 1271 3485 prout
1289 3427 1392 3484 nempe
1449 3428 1452 3435 ⁴

200 3509 290 3587 ipsam
318 3513 521 3592 imaginamur,
542 3516 590 3577 vel
611 3533 644 3578 ut
665 3515 841 3593 substantia,
869 3523 952 3595 quod
980 3539 995 3580 a
1025 3519 1089 3580 solo
1117 3519 1268 3581 intellediu
1287 3521 1330 3580 lit.
1360 3519 1391 3579 Si

201 3632 300 3704 itaque
328 3631 365 3689 ad
393 3629 588 3705 quantitatem
616 3631 813 3709 attendimus,
842 3649 931 3710 prout
952 3634 982 3694 in
1003 3633 1213 3710 imaginatione
1233 3633 1291 3711 cst,
1312 3637 1392 3709 quod

201 3737 276 3813 saepe
297 3753 327 3798 et
346 3739 460 3801 facilius
476 3759 492 3802 a
510 3739 598 3802 nobis
614 3743 664 3817 lit,
685 3743 847 3819 reperietur
861 3745 961 3820 finita,
981 3744 1153 3821 divifibilis,
1167 3761 1198 3806 et
1212 3761 1250 3806 ex
1261 3745 1392 3821 partibus

200 3851 342 3926 conflata;
370 3850 390 3911 sr
418 3867 515 3913 autem
542 3852 689 3930 adipsum
714 3873 806 3932 prout
838 3857 868 3918 in
900 3857 1051 3921 intellectu
1078 3860 1119 3920 est
1147 3859 1342 3934 attendimus,
1362 3875 1392 3920 ct

201 3979 262 4022 eam
290 3979 437 4040 quatenus
464 3964 620 4028 substantia
648 3969 688 4028 est
717 3970 918 4047 concipimus,
951 3974 1034 4047 quod
1054 3971 1223 4033 difficillime
1243 3972 1293 4047 lit,
1314 3988 1392 4046 tum,

203 4089 236 4135 ut
250 4074 309 4150 jam
328 4075 396 4136 satis
413 4078 689 4157 demonstravimus,
712 4081 843 4159 infinita,
865 4083 968 4160 unica,
986 4099 1016 4144 ct
1031 4082 1215 4146 indivisrbilis
1225 4085 1393 4161 reperietur.
1448 4156 1449 4165 χ

202 4185 293 4268 Quod
325 4187 478 4265 omnibus,
509 4191 559 4268 qui
592 4191 667 4254 inter
695 4193 932 4274 imaginationem
960 4213 991 4258 et
1017 4195 1195 4258 intellcdium
1219 4195 1393 4276 distinguere

202 4297 356 4374 sciverint,
377 4299 448 4361 satis
468 4303 649 4364 manifestum
670 4305 743 4364 erit:
764 4307 915 4383 Pracipue
936 4308 956 4366 sr
977 4312 1014 4370 ad
1034 4309 1092 4369 hoc
1110 4308 1197 4372 etiam
1216 4312 1392 4387 attendatur,
