2934 4900
359 356 496 432 Caput
527 358 579 419 VI.
620 360 665 419 De
685 359 869 420 Monarchia.
1147 376 1204 436 307

38 532 145 608 habeat3
167 551 232 610 quae
254 546 352 595 autem
372 532 403 595 id
423 534 554 610 prestare
575 534 693 611 nequit,
712 536 775 596 aliis
797 533 1019 596 conditionibus
1041 533 1071 595 in
1092 533 1207 595 ditione

23 622 164 706 'habenda

70 756 93 835 f.
112 758 146 817 X.
186 758 296 819 Militia
323 777 360 819 ex
388 757 456 819 solis
486 758 619 835 civibus,
649 760 729 821 nullo
758 775 908 837 excepto,
928 762 1079 823 formanda
1101 759 1157 833 cst,
1178 773 1208 820 et

39 884 69 925 cx
94 867 175 927 nullis
204 868 285 945 aliis;
314 884 402 945 atque
424 872 498 931 adeo
522 888 622 931 omnes
644 888 718 931 arma
740 871 846 932 babere
867 887 1041 947 teneantur,
1061 886 1091 932 et
1112 872 1209 933 nullus

39 976 62 1034 in
90 977 194 1041 civium
226 998 376 1041 numerum
408 979 585 1057 recipiatur,
616 982 667 1043 nist
700 983 853 1060 postquam
884 984 1056 1045 exercitium
1087 982 1209 1043 militare

40 1088 175 1168 didicerit,
196 1091 327 1169 illudque
349 1092 466 1171 srgnatis
488 1094 555 1154 anni
577 1093 759 1171 temporibus
780 1113 915 1157 exercere
937 1096 1087 1172 pollicitus
1108 1094 1208 1155 fuerit.

40 1202 157 1280 Deinde,
176 1204 405 1282 uuiuscujusque
426 1205 540 1267 familiae
561 1205 664 1267 militib
684 1206 713 1267 in
736 1206 874 1268 cohortes
893 1222 926 1267 et
945 1206 1078 1283 legiones
1100 1204 1209 1279 divilb,

41 1314 132 1375 tullian
152 1317 286 1378 cohortis
307 1320 369 1378 dux
390 1316 556 1396 eligendus,
584 1316 635 1377 nist
658 1318 708 1394 qui
729 1318 960 1380 Architesluram
980 1318 1133 1379 militarem
1154 1336 1209 1378 no-

43 1426 110 1487 verit.
148 1430 243 1491 Porro
273 1428 439 1491 cohortium
471 1445 502 1491 et
532 1430 679 1509 legionum
710 1433 800 1492 duces
828 1434 865 1493 ad
893 1430 983 1495 vitam
1005 1430 1139 1507 quidem,
1160 1429 1209 1491 fed

44 1536 82 1611 qui
101 1540 186 1601 unius
207 1540 324 1601 familiae
345 1540 464 1619 integrae
487 1540 595 1601 militiae
617 1541 739 1616 imperet
760 1542 791 1602 in
812 1543 911 1617 bello,
932 1542 1136 1603 tantummodo
1158 1540 1209 1600 eli-

41 1654 150 1729 gendus,
171 1654 224 1731 qui
246 1672 353 1715 annum
375 1656 409 1715 ad
431 1654 569 1715 summum
598 1653 749 1730 imperium
773 1654 896 1728 habeat;
917 1672 970 1714 nec
993 1652 1158 1713 continuari
1179 1651 1209 1712 in

41 1760 161 1841 inperi0,
188 1785 242 1827 nec
270 1766 371 1843 postea
401 1766 467 1845 eligi
500 1767 596 1841 polsrt.
636 1767 739 1843 Atque
766 1765 796 1825 hi
825 1765 951 1845 eligendi
972 1764 1039 1826 sunt
1060 1782 1096 1824 ex
1117 1763 1209 1842 Regis

42 1874 201 1939 Consrliariis
230 1878 278 1955 (de
306 1878 409 1957 quibus
438 1878 508 1940 Art.
534 1890 578 1953 15.
600 1892 628 1939 et
649 1882 734 1956 seqq.
763 1878 940 1957 dicendum),
969 1878 1017 1940 vel
1037 1876 1088 1953 qui
1109 1875 1208 1937 officio

43 1985 186 2049 Consrliarii
208 1990 303 2052 fundli
325 1990 402 2052 sunt.

72 2098 95 2178 l.
113 2103 162 2164 Xl.
203 2104 340 2165 Omnium
361 2103 474 2165 urbium
496 2104 600 2165 incolae
622 2119 651 2164 et
673 2104 821 2183 agricolas,
842 2103 900 2164 ltoc
922 2104 964 2163 est
984 2104 1091 2164 omnes
1106 2102 1207 2177 Cives,

44 2206 65 2269 in
83 2214 198 2277 familias
220 2216 371 2279 dividendi
400 2216 484 2291 sunt,
513 2236 579 2293 quae
600 2216 717 2278 nomine
739 2232 769 2276 et
790 2215 893 2295 insigni
912 2216 1012 2293 aliquo
1033 2216 1204 2294 distinguan-

43 2334 128 2397 tur3et
149 2344 253 2387 omnes
274 2346 311 2387 ex
332 2326 428 2404 aliqua
450 2329 549 2390 harum
571 2327 741 2389 familiarum
762 2327 855 2407 geniti
877 2328 907 2389 in
928 2328 1036 2390 civium
1059 2345 1208 2389 numerum

43 2434 217 2519 recipiantur,
239 2459 397 2518 corumque
419 2442 535 2502 nomina
548 2441 577 2502 in
589 2442 755 2520 catalogum
775 2459 876 2501 eorum
897 2439 1012 2500 familiae
1032 2440 1210 2518 redigantur,

43 2542 139 2610 lmulac
160 2571 198 2613 eo
221 2553 316 2614 aetatis
338 2552 538 2629 pervenerint,
557 2568 591 2615 ut
607 2571 684 2614 arma
702 2554 776 2612 ferre
794 2567 824 2613 et
843 2552 971 2613 officium
989 2551 1071 2614 fuum
1089 2552 1209 2612 noscere

43 2661 145 2741 solinu
173 2666 210 2726 iis
238 2680 334 2726 tumen
364 2665 515 2742 exceptis,
541 2665 591 2742 qui
613 2668 652 2726 ob
674 2665 767 2726 scelus
788 2664 908 2742 aliquod
928 2664 1068 2739 infames,
1088 2667 1137 2726 vel
1156 2664 1207 2740 qui

43 2773 112 2853 nuti,
128 2778 241 2854 vesani,
260 2794 289 2839 et
307 2778 405 2840 famuli
424 2778 504 2854 sunt,
523 2778 573 2854 qui
592 2777 686 2840 servili
705 2778 803 2854 aliquo
823 2776 1024 2840 officiositam
1036 2777 1207 2837 sustentant.

72 2882 95 2962 i.
113 2889 176 2950 ΧΠ.
220 2891 307 2969 tigri,
335 2907 365 2951 et
393 2909 478 2952 omne
507 2890 617 2967 solum,
646 2907 692 2967 et,
721 2891 741 2951 li
763 2891 823 2951 fieri
844 2890 957 2967 potest,
978 2892 1082 2952 dumbs
1104 2891 1207 2966 etiam,

43 2997 135 3064 publici
151 3000 227 3077 juris
247 3001 316 3077 stnr,
337 3020 440 3078 nempe
462 3000 541 3078 eJus,
563 3002 614 3078 qul
634 3003 688 3082 Jus
710 3000 851 3064 Civitatis
870 3002 974 3077 habet,
991 3021 1007 3063 a
1027 3020 1088 3079 quo
1109 3021 1207 3064 annuo

43 3112 121 3178 pretio
142 3116 272 3193 civibus,
294 3115 352 3180 srve
374 3115 491 3178 urbanis
513 3132 543 3177 et
565 3115 715 3195 agricolis,
734 3118 885 3192 locentur;
902 3132 933 3177 et
950 3131 1088 3193 praetcrea
1108 3133 1208 3177 omnes

43 3221 70 3275 tb
94 3227 167 3288 omni
196 3229 349 3290 exactione
380 3243 512 3304 tempore
541 3226 623 3303 pacis
650 3227 732 3288 liberi
762 3227 820 3290 srve
841 3227 983 3289 immunes
1002 3227 1066 3288 srnt.
1109 3229 1208 3304 Atque

43 3327 113 3407 hujus
134 3339 219 3414 pretii
240 3340 295 3401 alia
315 3359 381 3417 pars
403 3343 439 3401 ad
460 3339 600 3402 Civitatis
622 3339 815 3416 munimenta,
834 3340 890 3399 alia
911 3341 948 3400 ad
971 3339 1052 3400 usum
1074 3339 1207 3400 domesti-

44 3457 93 3504 c¹1¹1]
123 3450 214 3532 Regis
244 3455 393 3514 referenda
426 3454 475 3514 est.
516 3455 591 3514 Nam
624 3467 756 3528 tempore
787 3450 869 3528 pacis
899 3453 986 3512 urbes
1013 3467 1150 3528 tanquam
1171 3455 1208 3513 ad

43 3551 131 3620 bellurn
152 3563 319 3638 munire,et
330 3578 466 3640 praterea
488 3581 578 3626 naves
599 3578 629 3623 et
650 3563 761 3640 reliqua
780 3562 967 3623 instrumenta
987 3561 1090 3621 bellica
1107 3577 1208 3638 parata

43 3672 135 3734 necesse
156 3677 197 3737 est
217 3676 332 3738 habere.

74 3780 97 3858 l.
115 3787 193 3849 lllll.
234 3789 337 3852 Elcclo
364 3791 447 3868 Rege
475 3807 512 3850 ex
541 3789 636 3865 aliqua
664 3788 790 3865 familia,
817 3787 888 3848 nulli
908 3787 1033 3847 Nobiles
1055 3785 1208 3860 censendi,

43 3888 82 3949 nist
102 3915 116 3956 a
137 3901 218 3979 Rege
239 3899 371 3978 oriundi,
393 3901 444 3978 qui
466 3916 621 3978 propterea
642 3899 801 3978 insignibus
822 3899 925 3978 Regiis
946 3918 962 3958 a
983 3898 1033 3959 sua
1054 3913 1085 3958 et
1105 3918 1120 3960 a
1141 3897 1207 3958 teli·
1290 3960 1294 3967 ,

45 4001 97 4072 ‘luis
115 4009 228 4071 familiis
248 4009 469 4090 distinguantur.

76 4115 99 4194 S.
118 4121 195 4183 XIV.
237 4125 328 4203 Regis
355 4123 564 4202 consanguinei
593 4124 705 4185 nobiles
726 4122 860 4199 masculi,
881 4122 932 4199 qui
953 4122 999 4199 ei,
1019 4121 1070 4199 qui
1090 4137 1209 4200 regnat,

45 4233 120 4299 slssdu
149 4235 409 4316 consanguinitatis
440 4237 529 4298 tertio
562 4253 612 4298 aut
645 4253 751 4314 quarto
782 4235 943 4313 propinqui
974 4234 1060 4311 funt,
1086 4251 1207 4296 uxorem

47 4337 134 4406 ducere
163 4349 391 4428 prohibeantur3
423 4366 452 4410 et
484 4349 503 4410 st
536 4369 613 4428 quos
644 4349 753 4410 liberos
791 4347 1030 4424 procreaverint,
1065 4344 1207 4424 illegitimi
