2934 4900
332 325 822 406 Theologico-Politici
863 325 1011 402 eapvl.
1206 335 1268 401 459

79 517 113 563 et
135 520 258 581 capae„
279 502 353 566 vers.
364 520 413 581 24.
434 501 581 564 Matthaei.
601 503 648 564 Ex
666 503 775 579 quibus
792 519 881 579 porro
900 501 1108 564 evidentillime
1127 499 1267 578 sequitur,

79 615 218 678 miracula
246 633 291 676 res
318 617 465 677 naturales
495 614 594 690 inille,
623 629 712 692 atque
740 619 815 678 adeo
836 619 937 678 eadem
958 614 1000 676 ita
1022 614 1210 691 explicanda,
1231 629 1266 674 ut

80 746 180 805 neque
211 747 291 792 nova
322 728 372 807 (ut
401 727 566 790 Salomonis
595 731 686 790 verbo
715 729 795 808 utar)
816 747 912 805 neque
933 729 1055 788 Naturae
1076 725 1268 806 repugnantia

81 841 256 915 videantur,
285 841 351 916 sed,
379 840 400 900 fi
421 839 482 902 fieri
505 840 623 916 potuit,
645 844 681 902 ad
702 859 748 902 res
768 843 914 904 naturales
934 840 1057 902 maxime
1078 839 1268 914 accedentia,

80 955 166 1031 quod
187 969 221 1014 ut
242 954 355 1017 facilius
377 957 413 1014 ab
435 971 618 1031 unoquoque
647 956 731 1030 poffit
759 955 837 1030 fieri,
858 954 995 1031 quasdam
1016 954 1129 1032 regulas
1149 971 1187 1013 cx
1208 953 1268 1014 sola

80 1067 231 1143 Scriptura
253 1068 362 1144 petitas
383 1066 501 1130 tradidi.
542 1070 700 1143 Attamen,
722 1067 856 1146 quamvis
877 1067 987 1143 dicam,
1007 1067 1184 1142 scripturam
1205 1065 1268 1127 ltaec

80 1183 206 1256 docere,
234 1199 294 1241 non
322 1195 421 1242 tamen
449 1181 600 1260 intelligo,
627 1183 689 1242 haec
717 1183 754 1242 ab
775 1183 876 1242 eadem
896 1179 997 1242 doceri
1017 1195 1155 1256 tanquam
1177 1181 1268 1240 docu-

79 1307 180 1354 menta
201 1296 237 1355 ad
258 1293 379 1355 salutem
400 1293 570 1369 macellaria,
594 1293 644 1355 sed
665 1307 780 1354 tantum
801 1294 883 1368 quod
903 1290 1058 1367 Prophetae
1078 1292 1141 1352 haec
1167 1293 1267 1352 eadem

79 1402 128 1464 uti
150 1421 203 1464 nos
224 1403 349 1479 amplexi
370 1404 454 1480 sunt;
476 1422 564 1482 quare
586 1406 623 1466 de
644 1403 690 1466 his
710 1403 888 1488 unicuique,
910 1417 1001 1480 prout
1021 1403 1073 1464 fibi
1090 1403 1194 1464 melita
1211 1402 1267 1463 else

81 1516 207 1592 sentiet,
228 1519 264 1578 ad
282 1517 340 1579 Dei
361 1519 472 1580 cultum
501 1532 532 1578 et
559 1515 730 1596 religionem
762 1517 878 1596 integro
909 1515 1007 1576 animo
1037 1515 1268 1592 suscipiendum,

78 1629 203 1690 liberum
234 1630 276 1690 est
306 1629 476 1691 existimare.
517 1631 608 1712 Quod
640 1629 727 1690 etiam
758 1628 905 1709 Josephus
936 1628 1041 1704 sentit;
1067 1627 1106 1688 fic
1134 1627 1210 1688 enim
1238 1627 1268 1690 in

79 1741 269 1804 contluilone
290 1741 372 1804 Libri
393 1759 421 1802 2.
442 1741 593 1818 Antiquit.
614 1742 630 1776 *
650 1741 767 1802 scribit:
799 1742 908 1802 Nullas
926 1759 996 1802 aero
1015 1741 1163 1818 discredat
1181 1740 1269 1800 uerba

79 1853 236 1929 miraculi,
258 1853 285 1932 ſs
310 1857 441 1931 antiquis
467 1852 626 1914 luminibus
647 1865 674 1914 et
694 1855 810 1914 malitia
826 1857 962 1933 priuatis
981 1856 1035 1914 uia
1047 1853 1159 1930 salutis
1178 1853 1270 1929 liquet

75 1981 136 2046 per
155 1983 234 2028 mare
247 1966 350 2044 fabia,
366 1966 429 2044 fiae
449 1967 596 2028 uoluntate
615 1968 690 2042 Dei,
706 1967 768 2045 fiae
781 1967 886 2046 sponte
908 1966 1057 2026 revelata:
1077 1966 1143 2026 dam
1163 1977 1191 2024 et
1210 1967 1268 2039 eis,

79 2083 135 2157 qai
153 2098 215 2140 eam
235 2079 404 2140 Alexandra
424 2098 491 2156 rege
512 2081 690 2142 Macedonia
704 2080 825 2158 fuerint
845 2081 911 2139 alim
920 2123 930 2153 ,
951 2092 980 2138 et
998 2081 1163 2155 antiquitas
1182 2095 1202 2136 a
1222 2095 1268 2136 re-

73 2189 239 2268 fistentibus
258 2189 474 2270 Pampdyiitam
494 2211 575 2252 mare
595 2193 722 2270 diuisam
737 2191 792 2270 fit,
813 2205 841 2251 et
860 2209 922 2251 aum
941 2190 1026 2251 aliud
1041 2193 1102 2250 iter
1121 2207 1176 2250 nan
1195 2189 1270 2268 effet,

80 2302 234 2381 tranfitum
251 2303 382 2383 prebuit
401 2307 439 2364 iis
449 2348 459 2380 ,
479 2304 589 2364 uolente
608 2305 668 2365 Dea
684 2318 742 2384 per
761 2323 822 2364 eum
842 2305 1003 2382 Persarum
1022 2303 1166 2381 destruere
1181 2305 1268 2382 prin·

78 2415 224 2491 cipaturn,·
252 2425 281 2473 et
308 2410 359 2473 ltac
384 2413 553 2493 confitentur
580 2431 687 2491 amnes,
713 2418 765 2492 qai
783 2414 863 2476 atius
884 2414 1052 2476 Alexandri
1064 2413 1270 2493 scripserunie

81 2526 117 2585 ale
148 2524 196 2585 lais
221 2529 337 2602 itaque,
363 2524 438 2602 ficut
463 2526 611 2605 placuerit
641 2526 774 2602 cuilibet,
804 2526 952 2604 existimet.
993 2528 1066 2587 Haec
1092 2526 1160 2587 sunt
1180 2528 1269 2588 verba

78 2639 219 2720 Josephi,
241 2638 361 2717 ejusque
382 2642 420 2703 de
440 2628 721 2702 fide'mimculorum
739 2638 894 2717 judicium.

531 2864 713 2929 CAPUT
754 2867 861 2927 vlt·

418 3042 465 3106 De
490 3044 736 3123 interpretatione
760 3042 930 3123 Scriptura.

123 3235 267 3295 Omnibus
294 3234 323 3296 in
346 3252 396 3297 ore
418 3235 536 3312 quidem
558 3236 616 3311 est,
637 3237 752 3297 Sacram
773 3236 953 3312 scripturam
975 3239 1096 3299 verbum
1118 3236 1174 3297 elle
1195 3235 1268 3313 Dei,

80 3350 164 3425 quod
184 3344 318 3409 homines
339 3366 436 3411 verant
457 3348 670 3411 beatitudinem
692 3350 741 3412 vel
761 3348 865 3411 salutis
886 3349 964 3413 viam
986 3351 1085 3411 docet.
1107 3350 1218 3411 Verum
1239 3368 1270 3410 re

80 3460 143 3537 ipsa
172 3460 250 3521 aliud
278 3462 363 3537 plane
390 3462 539 3538 indicant;
567 3462 674 3541 vulgus
702 3462 778 3523 enim
808 3460 879 3524 nihil
899 3461 995 3523 minus
1016 3479 1116 3523 curare
1137 3462 1271 3537 videtur,

81 3590 170 3650 quarn
203 3592 240 3633 ex
272 3574 457 3635 documentis
488 3575 581 3634 Sacrae
612 3572 769 3650 Scriptura
800 3572 921 3649 vivere3
953 3588 984 3635 et
1015 3592 1117 3635 omnes
1137 3574 1197 3634 fere
1220 3574 1269 3635 sua

80 3701 247 3746 commenta
269 3702 322 3761 pro
344 3685 401 3746 Dei
422 3688 515 3748 verbo
536 3684 688 3747 venditare
710 3685 862 3762 videmus,
883 3704 938 3746 nec
951 3685 1268 3762 aliudstudere,quam

80 3798 133 3859 sub
156 3812 305 3874 pretextu
324 3798 473 3877 religionis
495 3813 619 3859 caeteros
636 3815 762 3876 cogere,
781 3814 816 3860 ut
837 3798 934 3860 secum
956 3798 1094 3860 sentiant.
1115 3800 1268 3875 Videmus,

79 3911 217 3987 inquam,
247 3907 421 3990 Theologos
451 3910 595 3972 sollicitos
625 3912 795 3990 plerumque
826 3911 928 3990 fuille,
960 3914 1112 3990 quomodo
1144 3912 1194 3974 sua
1215 3914 1268 3993 lig·

115 4174 128 4203 ⁸
162 4174 240 4241 Juxta
265 4171 405 4223 vetllonem
431 4170 592 4233 mendosam,
615 4186 689 4235 quam
708 4172 770 4224 olim
787 4171 882 4224 Rufino
900 4173 943 4225 vel
962 4174 1094 4225 Ambrofio
1111 4173 1156 4225 vel
1175 4172 1266 4225 Catilio·

79 4254 145 4305 doro
173 4253 326 4308 tribuebant.
351 4254 444 4305 Verbis
469 4268 483 4305 a
508 4254 595 4305 nostro
620 4256 736 4320 repetltls
761 4254 866 4308 omnino
894 4255 1029 4322 respondet
1045 4256 1087 4311 ed·
1105 4256 1263 4312 Coloniensss

2 4380 4 4395 ‚
78 4336 139 4389 anni
160 4350 232 4401 1524.
250 4351 283 4390 ex
300 4337 395 4391 edibus
413 4337 528 4389 Eucherii
547 4336 710 4390 Cervicorni.
