2934 4900
217 304 281 369 ποθ
634 298 817 365 Ethices
843 298 986 364 PareIV.
1077 344 1081 351 ·

579 478 907 542 PROPOSITIO
946 477 1041 539 XXX.

254 598 313 659 Res
339 596 420 655 nulla
442 608 500 676 per
524 596 573 671 id,
601 595 678 672 quod
700 610 763 653 cum
782 590 879 671 nostra
899 604 1012 653 natura
1033 608 1172 653 commune
1192 588 1296 669 habet,
1311 592 1413 671 potest

213 709 266 787 effe
284 710 379 786 mala,
392 708 452 786 sed
469 720 609 785 quatenus
627 706 708 767 nobis
728 706 806 767 mala
827 706 880 785 est,
900 718 1017 767 eatenus
1037 705 1076 785 est
1097 702 1177 764 nobis
1197 707 1365 764 contraria.

619 882 1013 929 υεκοκετιΑτια

254 980 289 1041 Id
309 980 414 1041 malum
435 996 592 1056 vocamus,
613 982 695 1057 quod
715 978 802 1040 causa
823 980 865 1039 est
884 978 1023 1039 Tristitiae
1045 977 1118 1057 (per
1135 977 1225 1057 Prop.
1244 976 1271 1037 8.
1280 974 1412 1055 lausus),

214 1090 273 1152 hoc
294 1091 335 1152 est
356 1091 430 1171 (per
448 1092 509 1168 ejus
528 1091 636 1171 Defin„
655 1110 742 1170 quam
761 1092 829 1165 vid?
849 1094 882 1150 in
903 1088 994 1151 Schol.
1014 1090 1103 1169 Prop.
1129 1105 1174 1149 11.
1190 1102 1223 1169 p.
1244 1087 1286 1166 3.)
1318 1093 1411 1165 quod

214 1202 337 1265 nostram
366 1204 471 1283 agendi
498 1204 664 1281 potentiam
692 1202 798 1265 minuit
827 1204 877 1267 vel
905 1208 1032 1264 coercet.
1072 1202 1103 1263 Si
1130 1200 1220 1280 igitur
1239 1220 1285 1262 res
1304 1202 1412 1280 aliqua

214 1334 266 1392 per
291 1317 340 1392 id,
367 1318 450 1393 quod
477 1315 628 1377 nobiscum
654 1316 745 1377 habet
773 1332 945 1393 commune,
974 1313 1062 1375 nobis
1091 1312 1161 1375 esset
1189 1315 1279 1391 mala;
1309 1314 1413 1391 poffet

213 1445 283 1507 ergo
314 1447 360 1489 res
391 1430 420 1491 id
451 1429 561 1505 ipsum,
592 1430 674 1505 quod
705 1426 858 1489 nobiscum
890 1444 1045 1488 commune
1072 1425 1182 1502 habet,
1203 1426 1334 1487 minuere
1358 1430 1412 1489 vel

212 1547 361 1619 coercere,
383 1544 465 1619 quod
494 1542 567 1621 (per
587 1541 677 1620 Prop.
697 1561 726 1620 4.
744 1552 775 1620 p.
799 1541 843 1619 3.)
865 1539 906 1601 est
927 1540 1093 1601 absurdum.
1136 1540 1224 1601 Nulla
1244 1538 1338 1618 igitur
1361 1558 1411 1601 res

213 1675 266 1734 per
285 1658 332 1732 id,
353 1659 434 1734 quod
456 1655 608 1718 nobiscum
628 1674 782 1719 commune
803 1656 910 1731 habet,
938 1656 1038 1734 potest
1058 1654 1145 1717 nobis
1167 1654 1220 1717 esse
1242 1658 1334 1732 mala,
1356 1656 1411 1718 sed

213 1783 317 1830 contra
337 1785 483 1847 quatenus
503 1770 577 1831 mala
597 1768 639 1829 est
645 1813 655 1844 ‚
675 1768 734 1830 hoc
755 1768 796 1829 est
817 1769 865 1848 (ut
879 1769 945 1843 jam
959 1768 1025 1844 jam
1045 1768 1409 1847 ostendinms),quatenus

213 1881 337 1942 nostram
358 1882 464 1961 agendi
484 1882 649 1958 potentiam
669 1880 799 1943 minuere
820 1882 869 1943 vel
890 1884 1024 1942 cossrcere
1045 1879 1162 1958 potest,
1184 1896 1308 1942 eatenus
1330 1882 1409 1961 (per

212 1993 303 2071 Prop.
324 2004 352 2068 5.
368 2006 401 2073 p.
422 1994 466 2073 3.)
487 1993 575 2055 nobis
595 1993 637 2053 est
657 1992 813 2056 contraria.
857 1993 891 2070 Q.
912 1995 950 2055 E.
970 1996 1011 2057 D.

571 2171 901 2233 PROPOSITIO
941 2172 1049 2233 XXXI.

254 2284 398 2361 Quatenus
419 2302 465 2343 res
484 2285 586 2361 aliqua
605 2302 668 2344 cum
685 2286 782 2363 nostra
802 2298 913 2346 natura
934 2288 1081 2362 convenit,
1108 2297 1224 2347 eatenus
1249 2286 1406 2365 neceffars'o

212 2394 286 2458 bona
306 2396 354 2476 est.

613 2512 1012 2558 nzuousrnAT1m

251 2606 407 2688 Quatenus
427 2605 504 2666 enim
524 2624 570 2666 res
591 2605 688 2683 aliqua
709 2625 775 2667 cum
797 2605 893 2668 nostra
913 2622 1016 2668 natura
1038 2605 1200 2684 convenit,
1222 2625 1283 2669 non
1306 2607 1405 2683 potest

211 2717 285 2797 (per
303 2720 392 2798 Prop.
409 2719 515 2798 praec.)
546 2717 600 2780 effe
629 2719 712 2780 mala.
754 2717 819 2780 Erit
848 2737 917 2799 ergo
940 2717 1095 2781 necessario
1116 2721 1164 2783 vel
1184 2721 1264 2781 bona
1285 2720 1335 2782 vel
1358 2721 1403 2780 in-

210 2828 356 2891 differens.
397 2831 428 2892 si
448 2831 507 2892 hoc
529 2847 667 2908 ponatur,
688 2849 793 2908 nempe
815 2834 898 2909 quod
919 2850 1015 2909 neque
1037 2835 1116 2893 bona
1137 2830 1172 2892 fit
1193 2850 1290 2908 neque
1311 2835 1403 2906 mala;

209 2940 281 3001 nihil
308 2959 378 3022 ergo
407 2943 481 3022 (per
499 2944 594 3024 Defin.
619 2961 645 3005 1.
666 2947 682 2979 *
703 2943 806 3023 hujus)
836 2962 873 3004 ex
901 2943 990 3020 ipfius
1018 2959 1121 3006 natura
1142 2943 1295 3021 sequetur,
1316 2947 1402 3021 quod

209 3053 313 3116 nostrae
345 3072 456 3118 naturae
477 3055 697 3119 conservationi
717 3056 857 3134 inservit,
877 3057 936 3118 hoc
957 3056 998 3118 est
1018 3057 1092 3137 (per
1112 3055 1287 3136 hypothessn)
1317 3060 1404 3134 quod

208 3165 298 3243 ipfius
326 3168 368 3229 rei
395 3185 506 3231 naturae
533 3168 754 3233 conservationi
781 3169 918 3247 inservit3
940 3169 989 3231 sed
1010 3169 1068 3230 hoc
1089 3168 1130 3230 est
1150 3168 1304 3230 absurdum
1326 3167 1404 3247 (per

209 3281 298 3360 Prop.
317 3283 348 3342 6.
364 3295 397 3361 p.
419 3283 479 3361 3.);
511 3281 566 3344 erit
597 3300 685 3360 ergo,
715 3297 863 3360 quatenus
890 3301 957 3344 cum
985 3281 1081 3344 nostra
1109 3295 1211 3342 natura
1239 3281 1404 3356 convenit,

209 3391 365 3455 necessario
386 3395 474 3456 bona.
518 3395 552 3471 Q.
573 3395 611 3454 Ε.
630 3393 672 3455 D.

619 3576 988 3622 οοιοιιΛιιυΜ.

248 3666 326 3729 Hinc
358 3669 505 3747 sequitur,
535 3672 634 3747 quod,
666 3690 726 3748 quo
758 3688 805 3732 res
833 3671 930 3748 aliqua
958 3670 1049 3750 magis
1076 3687 1141 3732 cum
1169 3670 1265 3732 nostra
1293 3687 1401 3734 natura

208 3779 366 3856 convenit,
393 3799 431 3841 eo
459 3780 546 3841 nobis
574 3781 615 3841 est
643 3782 745 3843 utilior
765 3782 816 3843 seu
837 3783 927 3862 magis
948 3783 1044 3859 bona,
1072 3799 1102 3844 et
1122 3799 1246 3860 contra,
1267 3802 1331 3860 quo
1354 3805 1400 3847 res

209 3887 304 3966 aliqua
332 3890 419 3952 nobis
447 3891 488 3951 est
514 3890 632 3969 utilior,
661 3909 784 3955 eatenus
805 3913 871 3956 cum
892 3895 987 3955 nostra
1009 3909 1112 3956 natura
1133 3895 1223 3974 magis
1243 3896 1400 3960 convenit.

208 4002 284 4062 Nam
314 4017 460 4079 quatenus
491 4024 557 4066 cum
589 4005 683 4067 nostra
716 4021 819 4067 natura
851 4025 912 4069 non
944 4007 1104 4085 convenit,
1124 4007 1179 4070 erit
1199 4005 1398 4070 necess'arioa

242 4241 256 4266 '¹
273 4235 321 4285 Ed.
337 4235 438 4287 Prinos
452 4247 502 4303 per
518 4237 620 4288 Axiam.
638 4247 663 4299 3.
681 4233 767 4304 hujus.
782 4237 957 4306 Corrigendn:
971 4251 1021 4307 per
1037 4209 1148 4290 Axiam)
1167 4239 1251 4306 hujus.
1269 4243 1399 4306 Schmidt,

207 4317 354 4367 Auerbachz
368 4329 418 4384 ptr
435 4318 538 4370 Axion.
555 4333 580 4381 a.
593 4330 622 4388 p.
641 4335 664 4370 1.
697 4319 799 4372 &iffetz
814 4333 862 4390 per
879 4321 964 4387 Defin.
980 4337 1006 4376 2.
1024 4331 1050 4372 et
1066 4337 1091 4385 3.
1107 4333 1133 4389 p.
1149 4337 1176 4386 4.
