2934 4900
188 307 247 369 410
665 292 903 351 Tractatus

189 468 328 540 formare,
359 481 525 541 certamque
556 467 657 527 mundi
687 467 799 545 plagam
833 484 996 541 occupare,
1028 483 1058 527 et
1087 466 1216 527 omnium
1238 467 1318 529 vires
1343 470 1383 529 ad

189 598 278 640 unum
299 578 377 655 quasi
399 596 522 653 corpus,
543 596 647 654 nempe
668 579 836 655 societatis,
857 579 996 658 redigere.
1017 581 1126 639 Verum
1147 579 1317 655 enimvero,
1343 583 1384 640 ad

188 688 357 749 societatem
386 690 562 751 formandam
592 706 623 750 et
644 690 889 764 conservandam,
919 690 1066 769 ingenium
1088 706 1118 750 et
1140 690 1292 768 vigilantia
1316 708 1383 751 non

188 787 342 862 mediocris
372 801 544 877 requiritur;
575 817 606 863 et
638 801 747 862 idcirco
780 802 827 862 illa
859 802 985 863 societas
1005 800 1134 861 securior
1155 801 1210 862 etit
1231 818 1263 862 et
1284 801 1386 881 magis

189 914 339 989 constans,
370 912 521 990 minusque
553 914 679 974 fortunae
711 913 860 988 obnoxia,
892 932 956 989 quae
988 912 1112 973 maxime
1144 915 1179 973 ab
1201 914 1383 975 hominibus

190 1026 383 1102 prudentibus
411 1041 441 1086 et
462 1025 652 1105 vigilantibus
675 1027 813 1087 fundatur
835 1039 864 1085 et
886 1024 1036 1105 dirigitur;
1058 1042 1088 1085 et
1109 1042 1228 1101 contra,
1249 1044 1318 1103 quae
1342 1044 1384 1086 ex

188 1138 356 1199 hominibus
376 1137 456 1199 rudis
476 1137 585 1216 ingenii
607 1139 737 1212 constat,
759 1138 881 1198 maxima
903 1152 1043 1213 exparte
1066 1158 1082 1198 a
1103 1140 1222 1199 fortuna
1244 1140 1380 1213 pendet,

189 1267 219 1311 et
247 1251 342 1311 minus
370 1251 411 1311 est
437 1250 581 1312 constans.
621 1252 712 1332 Quod
740 1250 760 1310 sr
781 1266 877 1311 tamen
899 1250 950 1311 diu
972 1249 1176 1326 permanserit,
1202 1249 1233 1311 id
1253 1250 1381 1311 alterius

189 1362 356 1438 directioni,
383 1381 443 1422 non
470 1363 526 1423 suae
554 1364 693 1438 debetur;
720 1363 779 1423 imo
807 1362 828 1421 sr
856 1381 959 1441 magna
987 1361 1114 1437 pericula
1136 1361 1380 1439 exsuperaverit,

190 1491 220 1535 et
240 1494 286 1535 rer
312 1475 364 1551 ipsa
391 1473 528 1550 prospere
556 1474 755 1550 successerint,
782 1492 843 1535 non
871 1473 982 1549 poterit
1010 1473 1070 1549 ipsa
1098 1474 1155 1533 Dei
1183 1473 1378 1535 directionem

190 1588 308 1665 (nempe
336 1602 482 1663 quatenus
508 1587 592 1647 Deua
621 1604 673 1661 per
701 1584 801 1645 causas
829 1586 954 1645 latentes
981 1599 1132 1660 externae,
1159 1599 1190 1645 at
1216 1602 1279 1645 non
1300 1602 1378 1661 qua·

189 1713 275 1757 tenus
312 1716 364 1773 per
398 1698 549 1781 humanam
587 1714 717 1758 naturam
758 1712 788 1757 et
820 1712 946 1758 mentem
977 1697 1052 1777 agit)
1085 1716 1146 1757 non
1176 1696 1312 1759 admirari
1346 1713 1378 1757 et

189 1812 327 1871 adorare:
359 1808 596 1885 quandoquidem
635 1808 687 1885 ipsr
720 1808 792 1870 nihil
824 1808 874 1870 nist
907 1812 1061 1871 admodum
1092 1809 1311 1886 inexpectatum
1346 1826 1377 1872 et

189 1938 294 1999 praeter
320 1922 491 1999 opinionem
518 1920 661 1999 contigit;
689 1924 772 1998 quod
798 1940 897 1984 revera
926 1922 1012 1983 etiam
1038 1941 1091 1998 pro
1113 1922 1250 1983 miraculo
1271 1922 1376 1985 haberi

190 2034 296 2109 potest.

230 2146 283 2205 Per
309 2144 368 2205 hoc
394 2145 482 2223 igitur
508 2160 623 2206 tantum
644 2146 782 2208 nationes
804 2148 838 2206 ab
861 2146 986 2209 invicem
1008 2146 1240 2225 distinguuntur,
1267 2164 1378 2221 nempe

189 2256 302 2316 ratione
324 2255 473 2317 societatis
494 2272 523 2317 et
550 2258 662 2334 legum,
690 2258 741 2318 sub
765 2258 872 2334 quibus
894 2258 1002 2321 vivunt
1023 2274 1053 2318 et
1074 2258 1254 2337 diriguntur;
1282 2261 1377 2319 adeo·

190 2387 247 2444 que
275 2370 397 2428 llebraea
424 2368 505 2428 rtatio
535 2387 595 2429 non
622 2370 737 2430 ratione
765 2370 947 2445 intelledtus,
977 2389 1072 2446 neque
1102 2370 1189 2431 animi
1210 2370 1375 2447 tranquilli-

189 2480 277 2554 tatis,
308 2500 324 2540 a
354 2483 422 2542 Deo
453 2499 511 2556 prae
542 2482 654 2542 caeteris
686 2485 777 2544 elesta
808 2483 881 2558 suit,
913 2484 961 2543 sed
994 2483 1108 2543 tatione
1141 2483 1314 2557 societatis,
1347 2499 1377 2542 et

190 2596 332 2668 fortunae,
358 2613 416 2670 qua
443 2595 592 2670 imperium
621 2597 727 2671 adepta
757 2596 813 2670 est,
839 2613 955 2672 quaque
977 2595 1007 2656 id
1028 2595 1121 2672 ipsum
1143 2609 1191 2654 tot
1213 2613 1309 2654 annos
1331 2612 1373 2653 rc·

190 2705 289 2767 tinuit.
329 2708 419 2787 Quod
451 2705 537 2766 etiam
569 2725 605 2766 ex
636 2706 697 2782 ipsa
727 2707 875 2783 Scriptura
907 2705 993 2783 quam
1026 2707 1171 2767 clariffime
1201 2704 1375 2766 constatzsr
1460 2693 1461 2764 i

191 2819 257 2895 quis
284 2819 359 2878 enim
387 2819 476 2893 ipsam
504 2820 551 2878 vel
571 2819 676 2881 leviter
696 2820 853 2896 percurrit,
876 2821 950 2879 clare
974 2818 1070 2892 videt,
1095 2819 1238 2878 Hebraeos
1260 2817 1289 2877 in
1316 2818 1372 2877 ltoc

190 2931 253 2991 solo
276 2946 394 2990 caeteras
415 2931 551 2991 nationes
572 2932 756 3008 excelluisse,
784 2935 865 3009 quod
887 2950 932 2992 res
954 2931 1032 3007 suas,
1055 2950 1120 3008 quae
1142 2933 1179 2991 ad
1200 2929 1270 2993 vitae
1294 2929 1372 2990 secu·
1460 2897 1461 2918 Χ

189 3043 303 3102 ritatem
342 3041 508 3119 pertinent,
545 3043 670 3104 feliciter
707 3044 856 3122 gesserint,
897 3063 1059 3122 magnaque
1092 3043 1218 3120 pericula
1250 3043 1370 3116 exsupe·
1460 3025 1461 3048 i

189 3153 333 3230 taverint,
361 3154 448 3230 idque
475 3154 598 3215 maxime
620 3156 682 3216 solo
705 3157 762 3216 Dei
784 3173 907 3218 externo
930 3156 1060 3232 auxilio;
1082 3156 1112 3216 in
1134 3155 1254 3232 reliquis
1274 3170 1367 3215 autem

191 3267 304 3327 caeteris
335 3268 459 3343 aequales
492 3265 593 3342 fuisse,
620 3285 649 3327 et
679 3270 775 3328 Deum
805 3269 940 3330 omnibus
972 3287 1055 3346 mque
1086 3267 1256 3344 propitium.
1297 3269 1367 3328 Nam

190 3381 305 3441 ratione
335 3379 498 3440 intellectus
530 3379 641 3441 constat
664 3381 712 3458 (ut
741 3381 771 3441 in
800 3381 941 3458 superiori
962 3381 1067 3456 Capite
1090 3381 1297 3459 ostendimus),
1318 3395 1366 3437 eos

191 3496 227 3554 de
255 3495 322 3552 D'eo
349 3507 379 3552 et
407 3494 520 3553 Natura
549 3495 682 3572 vulgares
710 3497 866 3556 admodum
896 3493 1094 3572 cogitationes
1115 3493 1261 3568 habuisse;
1282 3495 1366 3570 tiuare

190 3604 303 3665 tatione
334 3605 497 3665 intellectus
530 3622 590 3664 non
622 3606 742 3665 suerunt
774 3625 789 3664 a
821 3608 887 3666 Deo
921 3625 978 3681 prae
1001 3606 1114 3666 caeteris
1136 3605 1226 3667 elesii.
1254 3607 1296 3666 At
1316 3620 1365 3664 nec

190 3719 277 3778 etiarn
306 3717 419 3778 rarione
448 3716 566 3779 virtutis
595 3732 625 3777 et
653 3736 729 3780 verae
762 3718 848 3793 vitae;
867 3717 921 3779 hac
945 3717 1020 3778 enim
1044 3716 1073 3777 in
1095 3735 1124 3777 re
1146 3717 1234 3778 etiam
1255 3713 1366 3792 reliquis
1456 3717 1461 3738 ¹

192 3829 329 3908 gentibus
352 3829 477 3904 aquales
499 3829 633 3905 fuerunt,
654 3845 684 3888 et
705 3847 766 3890 non
789 3829 839 3890 nist
861 3827 1016 3904 paucissimi
1039 3829 1137 3902 eletli;
1165 3848 1265 3890 eorum
1284 3829 1366 3907 igitur

192 3941 294 4002 electio
317 3957 347 4001 et
369 3941 490 4002 vocatio
513 3942 542 4002 in
565 3942 625 4002 sola
646 3942 759 4018 imperii
788 3959 975 4018 temporanea
998 3941 1139 4002 felicitate
1161 3958 1190 4001 et
1212 3937 1364 4002 commodis

194 4053 340 4128 constitit;
370 4071 424 4113 nee
458 4053 606 4130 videmus,
633 4057 714 4130 quod
751 4056 834 4115 Deus
861 4053 1035 4114 Patrinrclris
1062 4055 1076 4086 *
1105 4069 1155 4113 aut
1182 4071 1280 4114 eorum
1307 4052 1363 4112 suc·

225 4300 238 4324 ¹
273 4291 314 4344 ef.
331 4294 427 4342 Annot.
443 4294 490 4343 lV.
