2934 4900
228 313 288 389 582
703 305 943 367 Tractatua

228 485 337 563 absque
356 482 448 546 dubio
468 481 603 544 honines
624 496 724 558 erant,
744 479 936 557 observandi,
957 495 1005 557 et,
1024 494 1059 543 ut
1079 481 1130 558 iit,
1150 497 1255 542 omnes
1272 481 1317 542 ob
1327 477 1417 541 unius

228 597 364 661 delidum
384 594 546 658 accusandi.
587 594 666 657 Hinc
688 594 833 657 continuo
854 611 1001 670 rumores,
1024 593 1129 655 deinde
1150 591 1299 656 hilidium
1321 592 1416 653 homi·

228 729 280 772 nea
300 708 415 771 otiosos
434 724 466 769 et
486 706 615 784 invisos,
635 725 689 769 nec
709 706 849 786 sanguine
870 706 907 768 iit
927 706 1119 783 conjunctos,
1140 705 1416 782 alendi,prtccipue

227 822 249 884 si
280 839 396 884 annona
426 837 491 882 cara
519 835 591 881 erat.
630 819 713 901 Quid
732 819 823 898 igittu
844 817 944 880 mirum
951 864 962 895 ,
980 818 1002 879 si
1023 817 1054 879 in
1075 817 1157 892 otio,
1178 819 1303 895 quando
1325 818 1414 878 mani-

228 934 300 995 festa
318 932 455 994 miraeum
474 931 636 1008 cessabant,
653 949 709 992 nec
726 931 861 994 honines
872 929 1090 1007 exquifitisiimae
1102 929 1295 992 authoritatis
1305 931 1415 991 daban-

227 1063 293 1122 tur,
323 1047 429 1123 populi
449 1045 562 1107 animun
583 1045 713 1106 irritatus
735 1060 765 1106 et
786 1062 891 1108 avarus
911 1043 1093 1123 languescere
1113 1043 1274 1120 inciperet,
1296 1059 1331 1104 et
1352 1061 1415 1104 tan·

228 1161 294 1220 dem
325 1177 342 1217 a
372 1159 472 1234 cultu,
502 1155 635 1235 quamvis
664 1155 787 1232 divim,
817 1154 870 1216 fibi
901 1171 997 1216 tamen
1028 1152 1222 1233 ignominioso
1256 1168 1289 1214 et
1327 1153 1414 1214 etiarn

229 1269 379 1348 suspeeto,
399 1272 556 1346 deficeret,
578 1284 609 1330 et
629 1284 742 1333 novum
762 1283 901 1345 cuperet;
928 1269 1060 1344 ecquod
1081 1265 1247 1342 Principes,
1268 1265 1325 1343 qui
1345 1267 1415 1328 sem·

229 1401 297 1460 per,
317 1398 353 1445 ut
369 1382 420 1460 joa
439 1383 578 1444 summum
606 1380 720 1457 imperii
748 1380 802 1442 soli
830 1379 1002 1455 obtineant,
1028 1377 1105 1442 viam
1127 1377 1281 1455 assederat,
1304 1392 1342 1439 ut
1362 1397 1413 1454 po

229 1496 330 1571 pulum
360 1493 412 1555 stbi
443 1495 611 1573 alligarent,
641 1508 673 1555 et
694 1511 711 1554 a
731 1492 875 1555 Pontifice
895 1507 1079 1569 averterent,
1101 1491 1198 1554 omnia
1218 1491 1247 1552 ei
1268 1495 1413 1554 concede·

229 1620 310 1682 rent,
341 1605 495 1682 novosque
522 1606 620 1667 cultus
649 1605 879 1668 introducerent.
919 1605 1011 1687 Quod
1032 1604 1054 1664 fi
1075 1622 1113 1665 ex
1133 1602 1222 1680 prima
1244 1602 1415 1664 intentione

229 1716 407 1794 Respublica
427 1715 586 1780 constituta
605 1716 720 1794 suisset,
737 1715 788 1793 jus
810 1715 945 1778 omnibus
966 1715 1102 1778 tribubus
1123 1731 1154 1776 et
1175 1715 1273 1776 honor
1294 1716 1417 1791 aequelis

228 1829 341 1908 semper
370 1829 485 1906 millet,
515 1845 547 1890 et
577 1829 676 1890 omnia
705 1827 874 1890 securiffime
905 1827 964 1889 sese
984 1825 1169 1903 habuissent;
1190 1843 1257 1888 nam
1278 1827 1352 1903 quis
1368 1827 1417 1903 jus

229 1940 339 2003 sacrum
366 1942 483 2004 suorum
510 1941 792 2021 consanguineorum
821 1939 932 2003 violare
960 1939 1074 2004 vellet?
1102 1937 1174 2016 quid
1194 1937 1276 2000 aliud
1296 1939 1417 1999 mallent

230 2072 318 2130 quam
336 2054 404 2116 suot
424 2054 675 2134 consanguineos,
695 2055 816 2130 fratrea,
837 2067 868 2114 et
889 2067 1040 2129 parentes,
1061 2069 1099 2112 ex
1119 2051 1231 2128 pietate
1247 2049 1416 2132 Religionis

230 2164 329 2225 alere?
349 2183 436 2241 quam
456 2165 556 2228 iisdem
575 2168 671 2245 legum
699 2163 972 2242 interpretationem
1000 2163 1141 2226 edoceri?
1168 2178 1200 2224 et
1220 2181 1311 2239 quam
1333 2163 1414 2224 deni-

231 2291 289 2352 que
310 2277 348 2336 ab
369 2273 469 2336 iisdem
489 2275 589 2338 divina
609 2274 745 2352 responsa
766 2275 944 2354 expellere?
964 2275 1080 2337 Deinde
1099 2275 1156 2336 hac
1176 2274 1291 2336 ratione
1313 2291 1414 2336 omnes

229 2386 325 2450 tribue
354 2389 444 2468 longe
474 2388 580 2453 aretino
608 2389 735 2453 invicem
763 2389 853 2452 unitae
881 2388 1043 2452 mansissent
1050 2435 1060 2467 ,
1080 2388 1102 2450 st
1122 2389 1255 2451 nimirum
1277 2389 1414 2451 omnibus

230 2502 341 2578 equale
358 2501 409 2579 jus
429 2500 526 2563 ruiffet
545 2500 624 2563 sacra
645 2503 876 2581 administrandi;
898 2502 970 2581 quin
991 2504 1051 2565 imo
1073 2502 1144 2564 nihil
1155 2502 1320 2565 timendum
1332 2503 1414 2577 esset,

229 2612 251 2672 fi
280 2612 342 2689 ipsa
372 2614 543 2677 Levitarum
573 2615 677 2678 eledtio
708 2614 792 2676 aliam
824 2616 937 2678 causam
973 2633 1060 2693 quam
1091 2615 1162 2677 iram
1193 2630 1225 2676 et
1256 2615 1414 2679 vindiblam

229 2725 380 2787 habuisset.
420 2726 496 2804 Sed,
522 2725 606 2787 sicuti
633 2726 778 2803 diximus,
807 2729 903 2789 Deum
923 2726 1006 2789 suum
1029 2727 1134 2789 iratum
1154 2728 1343 2803 habuerunt;
1364 2726 1413 2803 qui

230 2836 311 2913 ipsos
330 2837 357 2914 *,
376 2854 411 2899 ut
430 2839 520 2902 verba
540 2837 704 2899 Ezechielis
724 2838 828 2901 iterum
850 2854 996 2915 repetam,
1016 2837 1075 2901 suis
1095 2839 1264 2901 muneribus
1286 2838 1413 2915 impura-

229 2949 293 3026 vit,
312 2950 488 3012 remittendo
509 2968 625 3011 omnem
644 2966 808 3028 aperturam
830 2951 948 3028 vulvae,
968 2965 1002 3013 ut
1023 2950 1140 3013 eosdem
1164 2950 1302 3015 vastaret.
1334 2952 1414 3013 Con-
1453 2988 1454 3023 2

229 3063 379 3123 firmantur
404 3062 466 3123 haec
494 3078 633 3139 praeterea
653 3063 721 3139 ipsis
741 3062 877 3125 historiis.
918 3064 1009 3125 Simul
1029 3082 1063 3125 ac
1083 3066 1213 3141 populus
1240 3064 1271 3125 in
1292 3065 1415 3127 desertis

230 3175 296 3236 otio
317 3176 464 3236 abundare
491 3175 598 3251 coepit,
626 3175 727 3252 multi,
749 3191 779 3237 ct
800 3192 860 3237 non
882 3178 917 3237 de
939 3177 1024 3252 plebe
1052 3176 1126 3253 viti,
1145 3177 1221 3237 hanc
1241 3176 1414 3241 eleetionem

230 3304 305 3365 aegre
326 3287 399 3347 ferre
418 3285 609 3363 incepemn13
630 3304 661 3347 et
680 3285 750 3348 hinc
771 3286 950 3349 occasionem
971 3303 1113 3364 ceperunt
1134 3286 1290 3366 credendi,
1307 3290 1414 3351 Mosen

229 3395 303 3458 nihil
331 3415 368 3457 ex
399 3400 538 3461 mandato
569 3398 690 3475 divino,
721 3399 771 3461 sed
802 3402 839 3460 ad
869 3397 985 3461 libitum
1016 3398 1114 3461 omnia
1144 3399 1314 3477 instituere;
1347 3402 1414 3478 quia

229 3506 341 3569 scilicet
370 3509 449 3572 suam
479 3509 587 3572 tribum
618 3528 676 3586 prae
707 3510 845 3571 omnibus
876 3510 1013 3589 elegerit,
1043 3526 1074 3571 et
1097 3510 1148 3587 ius
1168 3511 1365 3587 pontificatus
1385 3513 1413 3573 in

230 3634 369 3682 aternum
399 3621 453 3682 suo
484 3622 565 3683 fratri
595 3622 728 3697 dederit;
759 3638 941 3700 quapropter
973 3622 1066 3699 ipsunt
1097 3624 1227 3685 tumultu
1258 3624 1413 3685 concitato

230 3736 357 3810 adeunt,
377 3736 553 3812 clamantes,
574 3752 676 3795 omnes
695 3752 779 3812 aque
800 3735 914 3799 sandios
935 3736 1010 3812 eise,
1030 3737 1183 3814 ipsumque
1203 3736 1291 3813 supra
1312 3754 1414 3798 omnes

230 3844 401 3921 contraius
420 3846 533 3908 extolli.
573 3848 638 3907 Nec
658 3863 711 3907 eoa
731 3848 790 3909 ulla
810 3848 924 3910 ratione
946 3849 1042 3910 sedare
1064 3849 1185 3925 potuit,
1207 3848 1257 3911 sed
1278 3850 1414 3911 adhibito

230 3956 260 4016 in
280 3956 390 4035 signum
410 3958 479 4019 fidei
505 3957 644 4019 miraculo
671 3976 773 4021 omnes
794 3958 915 4022 extitisti
937 3959 1021 4037 sunt;
1042 3962 1120 4023 unde
1140 3978 1219 4023 nova
1240 3976 1273 4021 et
1294 3962 1413 4027 turiver·

229 4066 295 4127 salis
325 4068 429 4145 populi
460 4068 555 4130 totius
581 4068 688 4131 seditio
709 4086 773 4131 orta
795 4071 852 4148 est,
871 4070 1017 4133 credentis
1037 4070 1166 4148 scilicet,
1187 4088 1240 4133 eoo
1262 4088 1326 4135 non
1346 4075 1411 4135 Deo

263 4294 277 4326 ·
310 4294 357 4345 aa.
373 4297 432 4345 rm
449 4298 526 4362 psas.
