2934 4900
332 308 819 390 Theologico-Politici
860 308 933 385 Cap.
954 308 1035 370 xlv.
1216 317 1275 384 537

93 485 245 562 accusare,
274 487 356 563 quod
383 485 493 546 scilicet
521 485 609 548 verba
637 483 794 562 Scriptura
814 485 874 546 suis
895 485 1086 561 opinionibus
1113 503 1276 547 accommo-

93 599 180 673 dnnt3
200 595 282 657 ficuti
305 595 381 656 enirn
404 595 473 657 olim
494 595 556 672 ipsa
576 595 676 672 captui
698 596 781 675 vulgi
802 599 1022 658 accommodata
1041 596 1116 673 fuit,
1131 595 1169 658 fic
1188 595 1276 658 etiam

92 705 253 783 unicuique
281 708 401 768 eandem
429 705 488 769 suis
516 707 709 783 opinionibus
737 710 958 770 accommodare
977 708 1065 782 licet,
1083 707 1105 768 li
1126 707 1226 783 videt,
1246 707 1276 769 se

93 839 127 880 ea
148 819 262 881 tatione
283 820 365 894 Deo,
386 819 416 880 in
437 819 488 895 iis,
509 837 574 896 quae
592 818 733 896 justitiam
745 834 775 880 et
786 818 957 881 charitatem
976 819 1107 895 spestant
1113 863 1124 894 ,
1145 817 1276 895 pleniore

93 929 181 992 animi
201 927 343 992 consensu
364 929 484 992 obedire
505 929 603 1006 polle;
625 930 675 992 sed
694 931 764 993 ideo
785 929 901 992 eosdem
919 930 1099 1006 accusamus,
1109 932 1192 1006 quod
1201 929 1276 990 banc

93 1044 214 1104 eandem
241 1042 405 1106 libertatem
432 1041 552 1119 reliquis
580 1043 687 1103 nolunt
714 1044 894 1118 concedere,
922 1041 972 1103 sed
1000 1059 1117 1116 onnes,
1137 1040 1189 1118 qui
1210 1059 1276 1102 cum

92 1153 193 1216 iisdem
214 1172 274 1216 non
296 1153 427 1216 sentiunt
434 1171 622 1231 ,quanquam
642 1152 826 1215 honestissimi
847 1169 878 1214 et
898 1171 976 1216 verae
997 1153 1101 1217 virtuti
1122 1155 1275 1230 obtempe-

92 1281 191 1327 rantes
211 1265 283 1343 srnt,
304 1280 441 1342 tanquam
461 1265 518 1327 Dei
539 1265 636 1326 hostes
658 1279 754 1327 tamen
775 1264 1005 1342 persequuntur,
1027 1280 1058 1326 et
1079 1281 1182 1327 contra
1203 1282 1275 1340 eos,

93 1377 145 1456 qui
156 1377 193 1438 iis
203 1377 396 1453 assentantes,
416 1377 550 1456 quamuis
570 1377 799 1454 impotentillimi
820 1378 908 1438 animi
928 1377 998 1454 stnt,
1019 1393 1115 1439 tamen
1135 1392 1275 1454 tanquam

92 1489 150 1551 Dei
180 1490 289 1552 elesius
320 1489 462 1568 diligunt;
493 1508 555 1567 quo
586 1489 658 1552 nibil
689 1492 823 1566 profesto
854 1490 1018 1566 scelestius,
1038 1506 1071 1551 et
1090 1489 1275 1567 Reipublicae

92 1601 185 1681 magis
211 1600 421 1678 perniciosum,
442 1601 604 1681 excogitari
633 1602 740 1679 potest.
780 1605 825 1665 Ut
846 1602 937 1682 igitur
956 1603 1086 1674 constet,
1106 1601 1275 1679 quousque,
1348 1667 1351 1673 ,

92 1712 207 1776 ratione
226 1712 325 1789 Fidei,
343 1711 571 1791 uniuscujusque
588 1713 707 1776 libertas
724 1714 885 1791 sentiendi,
902 1733 968 1792 quae
986 1716 1067 1792 vult,
1084 1713 1113 1776 se
1124 1713 1277 1790 extendit,

93 1841 123 1886 et
153 1825 314 1903 quosnam,
345 1825 478 1902 quumvis
510 1825 623 1889 diversa
655 1826 835 1905 sentientes,
871 1842 1009 1903 tanquam
1044 1827 1145 1890 fideles
1175 1841 1273 1887 tamen

92 1935 219 2013 aspicere
246 1951 395 2013 tenemur;
423 1935 508 1999 Fides
536 1936 659 2014 ejusque
686 1936 915 1999 fundamentalia
945 1937 1164 2000 determinanda
1190 1937 1275 2014 sunt;

94 2052 177 2127 quod
198 2049 314 2128 quidem
335 2049 365 2110 in
386 2049 445 2110 hoc
465 2048 572 2126 Capite
592 2050 687 2111 facere
715 2049 871 2126 constitui,
890 2050 1030 2128 simulque
1050 2050 1149 2112 Fidem
1169 2069 1186 2111 a
1205 2048 1273 2110 Plri-

92 2161 228 2238 losophia
248 2160 396 2238 separare,
416 2164 499 2238 quod
519 2161 615 2224 totius
636 2163 735 2238 operis
756 2163 934 2239 praecipuum
954 2163 1100 2226 intentum
1119 2163 1187 2226 suit.
1228 2166 1275 2226 Ut

92 2273 157 2335 haec
176 2273 266 2354 igitur
288 2273 389 2335 ordine
418 2274 582 2351 ostendant,
611 2275 750 2337 summum
771 2276 866 2338 totius
886 2277 1042 2354 scripture
1064 2276 1209 2338 intentum
1229 2295 1274 2337 re·

92 2400 243 2464 petamus3
262 2386 292 2446 id
310 2385 386 2446 enim
407 2385 494 2447 nobis
514 2404 611 2450 veram
633 2405 762 2449 normam
779 2388 860 2451 Fidei
879 2389 1105 2451 determinanda
1121 2387 1275 2475 indiptbit.
1393 2381 1398 2389 '

92 2498 229 2559 Diximus
249 2498 280 2558 in
301 2496 443 2574 superiori
471 2498 595 2575 Capite,
624 2499 770 2562 intentum
798 2502 954 2577 Scripturae
975 2501 1030 2563 effe
1050 2516 1182 2578 tantum,
1203 2505 1273 2563 obe-

93 2608 234 2672 dientiam
254 2611 371 2672 docete.
411 2611 502 2693 Quod
524 2610 643 2687 quidem
665 2630 751 2674 nemo
771 2612 883 2677 inficias
903 2613 945 2675 ire
965 2615 1071 2690 potest.
1102 2614 1179 2697 Quis
1198 2613 1274 2677 enim

92 2740 154 2783 non
175 2722 276 2797 videt,
296 2736 452 2798 utrumque
481 2722 700 2785 Testamentum
727 2724 801 2786 nihil
821 2723 876 2785 elle
897 2740 1002 2801 praeter
1023 2726 1199 2787 obedientiae
1229 2725 1274 2787 di·

92 2832 265 2909 sciplinaor?
291 2851 345 2893 nec
367 2832 447 2894 aliud
478 2847 634 2911 utrumque
666 2835 834 2912 intendere,
862 2855 948 2913 quant
975 2840 1057 2915 quod
1083 2837 1216 2899 homines
1236 2857 1274 2899 err

92 2962 165 3008 vero
192 2944 289 3005 animo
317 2944 547 3021 obtemperent?
574 2949 669 3021 Nam,
689 2962 723 3008 ut
740 2948 799 3025 jam
820 2948 970 3025 omittam,
992 2968 1057 3027 quae
1079 2951 1107 3011 in
1133 2949 1274 3027 superiori

91 3058 199 3134 Capite
231 3058 360 3133 ostendi,
391 3058 493 3120 Moses
525 3077 586 3120 non
618 3060 728 3121 studuit
758 3060 901 3123 israelitas
931 3062 1061 3125 Ratione
1081 3063 1274 3142 convincere,

91 3170 142 3230 sed
168 3173 274 3246 pasto,
296 3170 486 3247 juramentis,
507 3186 539 3232 et
560 3172 709 3233 beneficiis
731 3172 876 3252 obligare;
900 3174 1005 3235 deinde
1026 3176 1139 3252 populo
1159 3176 1273 3255 legibus

91 3284 295 3357 obtemperare
322 3281 374 3343 sub
400 3300 488 3359 poena
517 3282 719 3344 interminatus
748 3283 806 3359 est,
833 3298 863 3345 et
891 3284 1015 3360 praemiis
1042 3288 1165 3348 eundem
1186 3289 1223 3348 ad
1243 3286 1275 3349 id

90 3396 228 3455 hortatus
249 3394 280 3470 *ς
309 3414 374 3471 quae
392 3392 500 3456 'omnia
529 3394 622 3457 media
650 3414 711 3457 non
739 3398 776 3457 ad
797 3395 948 3474 scientias,
968 3397 1018 3459 sed
1037 3401 1074 3460 ad
1094 3398 1182 3463 solam
1204 3400 1274 3459 obe-

91 3504 232 3567 dientiam
253 3505 329 3567 sunt.
349 3506 526 3585 Euangelica
547 3522 644 3568 autem
663 3507 794 3569 dodrina
810 3507 883 3569 nihil
899 3524 1003 3584 praeter
1019 3509 1173 3587 fimplicem
1188 3512 1274 3572 fidem

90 3615 244 3678 continet:
266 3636 369 3694 nempe
390 3619 456 3679 Deo
478 3620 594 3680 credere
615 3636 741 3696 eumque
762 3620 901 3697 revereri,
922 3620 998 3698 ssve,
1019 3625 1101 3700 quod
1118 3623 1193 3685 idem
1216 3623 1273 3696 eli,

89 3731 159 3791 Deo
188 3730 317 3792 obedire.
358 3732 428 3791 Non
458 3749 534 3807 opus
561 3732 652 3809 igitur
678 3732 792 3809 habeo,
819 3736 934 3794 adrem
955 3734 1201 3796 manifestissimam
1219 3739 1272 3797 de·

89 3840 319 3919 monstrandam,
351 3856 454 3904 textus
485 3844 656 3921 Scriptum,
688 3844 739 3922 qui
771 3845 968 3907 obedientiam
999 3850 1221 3924 commendant,
1242 3864 1272 3908 et

90 3972 217 4032 quorum
246 3972 297 4031 per
323 3956 422 4031 plures
441 3955 471 4015 in
493 3970 620 4035 utroque
647 3956 836 4019 Testamenro
867 3958 1060 4035 reperiuntur,
1091 3977 1273 4023 coacervare.

88 4066 223 4142 Deinde,
255 4066 393 4143 quidnam
426 4066 623 4145 unusquisque
655 4069 761 4146 exequi
793 4072 916 4148 debeat,
938 4086 971 4131 ut
991 4072 1058 4131 Deo
1080 4071 1273 4149 obsequatur,

125 4302 138 4331 ¹
172 4300 219 4353 ed.
235 4302 292 4351 lna
320 4302 450 4353 hortatur.
