2934 4900
215 337 257 401 94
637 319 818 384 Ethicet
848 319 917 382 Part
937 320 975 383 11.

217 493 421 573 templabitur;
440 494 499 556 hoc
520 493 561 556 est
582 493 655 574 (per
675 495 765 574 Prop.
781 495 937 574 prm),
956 491 1051 555 ideam
1077 491 1197 554 habebit
1226 491 1308 554 modi
1333 493 1409 553 aeto

217 609 384 687 existentis,
411 628 477 688 quae
505 625 636 672 naturum
663 609 797 686 corporit
822 610 937 672 extuni
964 607 1110 686 involvit3
1133 607 1193 670 lroc
1218 608 1260 670 est
1286 608 1408 683 ideam,

217 740 283 799 que
304 721 484 786 existentiam
504 723 553 786 vel
569 721 750 800 presentiam
767 737 879 786 ntturae
897 722 1030 799 corporis
1047 721 1162 786 euterun
1178 739 1241 784 non
1257 719 1406 796 secludit,

216 835 267 896 secl
287 833 390 911 ponit;
417 835 551 912 adeoque
579 836 667 896 Mene
688 834 763 914 (per
784 835 888 896 Coreli.
910 851 938 896 1.
954 835 1093 914 praed.)
1114 851 1224 910 corprp
1243 849 1405 896 externum

216 963 251 1008 ut
277 950 343 1010 anu
370 946 512 1024 existent,
539 948 587 1012 vel
616 961 649 1009 ut
678 946 804 1023 present
831 944 1096 1024 contempubitur,
1128 948 1224 1008 donec
1255 944 1408 1006 alliciatur

216 1061 470 1138 emnem

629 1157 990 1204 cortoLLAttlutt.
1084 1194 1087 1204 .

255 1239 342 1299 Mens
370 1255 494 1316 corpora
515 1251 652 1314 externa,
673 1256 689 1298 a
711 1236 819 1315 quibus
840 1235 957 1313 Corpus
977 1237 1134 1298 humanum
1155 1235 1242 1297 semel
1262 1235 1404 1298 affectum

215 1350 289 1426 fuit,
320 1349 452 1428 quamvis
483 1367 543 1410 non
573 1349 698 1411 existant
729 1366 783 1410 nec
810 1347 963 1425 presentia
989 1347 1063 1426 sint,
1087 1347 1279 1424 contemplari
1299 1362 1404 1409 tamen

214 1461 341 1540 poterit,
362 1464 443 1525 velut
464 1460 616 1539 praesentia
637 1460 739 1523 ellent.

593 1604 989 1649 numonsrunrrm

252 1685 330 1746 Dum
358 1701 481 1762 corpora
510 1698 630 1746 externa
651 1682 794 1761 Corporis
815 1681 932 1744 humani
954 1697 1051 1759 partes
1072 1681 1177 1743 fluidos
1197 1682 1240 1742 itt
1261 1681 1404 1743 determi-

212 1811 301 1872 nant,
332 1811 364 1856 ut
396 1795 426 1856 in
457 1794 605 1857 molliores
631 1795 706 1872 saepe
736 1795 915 1874 impingant,
940 1813 1035 1856 earum
1057 1795 1144 1872 plana
1165 1794 1237 1874 (per
1255 1793 1332 1873 Post.
1356 1797 1402 1872 5.)

212 1921 342 1984 mutant;
360 1909 437 1968 unde
457 1907 489 1967 fit
511 1906 592 1985 (vide
612 1905 726 1967 Axium.
748 1924 777 1967 2.
793 1905 856 1986 post
878 1905 980 1966 Coroll.
1003 1905 1080 1967 Lem.
1103 1905 1162 1984 3.),
1193 1921 1228 1967 ut
1248 1904 1318 1966 inde
1340 1905 1403 1965 ulio

212 2020 301 2078 molo
329 2017 512 2080 reflectantur
539 2037 624 2095 quarn
654 2033 739 2080 anteo
768 2018 921 2094 solebant,
943 2032 973 2079 et
995 2032 1028 2079 ut
1049 2015 1137 2078 etitm
1158 2015 1275 2094 postea,
1296 2014 1401 2107 iisdem

212 2131 298 2196 novis
318 2133 413 2211 planis
433 2133 597 2210 spontaneo
618 2131 671 2194 suo
692 2147 776 2194 motu
797 2134 995 2209 occurrendo,
1018 2133 1122 2194 eodem
1140 2133 1230 2193 modo
1246 2132 1401 2194 reflectan-

211 2260 275 2322 tur,
306 2264 340 2305 ac
371 2264 435 2306 cum
464 2265 479 2306 a
507 2244 681 2322 corporibus
709 2242 838 2307 externis
861 2246 961 2309 versus
987 2243 1035 2306 iila
1056 2245 1143 2322 plana
1162 2241 1291 2319 impulse
1311 2241 1400 2320 sunt;

211 2371 242 2416 et
259 2355 480 2433 consequenter,
497 2371 531 2418 ut
549 2355 665 2434 Corpus
683 2355 852 2432 humanum,
869 2359 937 2418 dum
955 2355 993 2418 lic
1008 2356 1123 2417 reflexae
1135 2353 1247 2418 moveri
1257 2369 1399 2432 pergunt,

210 2469 313 2528 eodem
342 2468 431 2528 modo
460 2466 605 2543 afficiant,
634 2471 671 2529 de
700 2486 761 2544 quo
789 2468 877 2529 Mens
898 2469 970 2549 (per
989 2468 1077 2549 Prop.
1100 2484 1147 2529 ια.
1167 2464 1267 2547 lusus)
1288 2467 1395 2529 iterum

209 2578 372 2657 cogitabit3
391 2580 449 2640 hoc
471 2579 511 2640 est
532 2579 604 2659 (per
624 2582 712 2660 Prop.
738 2595 782 2657 17.
804 2580 923 2661 hiesus),
943 2582 1031 2643 Mens
1049 2582 1153 2644 iterum
1172 2600 1280 2659 corpur
1298 2598 1397 2643 exter·

209 2708 278 2751 num
308 2705 342 2752 ut
373 2690 497 2767 praesene
528 2691 795 2769 contemplabitur,
826 2708 858 2754 et
888 2693 946 2754 hoc
974 2694 1083 2771 toties,
1110 2694 1230 2772 quoties
1250 2694 1397 2772 Corporis

208 2800 325 2863 humani
356 2816 454 2878 parcet
486 2802 582 2864 lluidae
614 2802 779 2880 spontaneo
806 2804 860 2867 suo
889 2818 973 2866 ιιιοιιι
992 2805 1092 2867 iisdem
1112 2804 1208 2882 plenis
1227 2820 1396 2867 occurrent.

209 2912 324 2991 Quare,
345 2912 479 2989 quamvis
498 2931 621 2990 corporo
639 2930 770 2990 externa,
789 2934 806 2976 a
824 2916 931 2994 quibus
949 2917 1065 2994 Corpus
1082 2918 1239 2979 humanum
1256 2916 1395 2979 affectum

208 3021 294 3085 semel
327 3023 402 3101 fuit,
432 3044 492 3087 non
523 3026 666 3102 existant,
697 3028 787 3089 Mene
818 3043 915 3092 tamen
942 3032 1042 3093 eedem
1070 3029 1163 3093 totiee
1183 3046 1218 3092 ut
1236 3029 1394 3107 presentia

208 3136 469 3214 contemplabitur,
490 3137 609 3215 quoties
629 3138 691 3201 haec
713 3141 846 3219 corporis
877 3140 954 3204 attio
973 3156 1133 3219 repetetur.
1155 3144 1189 3221 Q.
1210 3143 1248 3205 Ε.
1267 3144 1309 3205 D.

669 3298 924 3345 scrrottutr.

245 3375 387 3439 Videmus
419 3375 520 3452 itaque
551 3377 602 3453 qui
632 3376 693 3438 lieri
726 3393 829 3455 potest
859 3395 894 3441 ut
925 3397 976 3455 ea,
1006 3398 1072 3458 quae
1100 3397 1161 3441 non
1188 3378 1274 3455 sunt,
1293 3380 1389 3442 veluti

205 3486 356 3563 presentia
377 3488 622 3564 contemplemur,
644 3503 677 3550 ut
699 3487 775 3567 iaepe
796 3491 840 3553 fit.
878 3490 920 3551 Et
939 3490 1001 3552 lieri
1017 3491 1132 3569 potest,
1148 3505 1183 3551 ut
1199 3491 1257 3551 hoc
1274 3491 1340 3551 aliie
1351 3494 1390 3551 de

203 3599 295 3662 caulis
316 3600 485 3679 contingam
507 3599 556 3663 sed
576 3600 646 3661 mihi
666 3600 713 3663 hic
736 3602 843 3665 sufficit
863 3602 1016 3665 ostendille
1034 3621 1138 3680 unam,
1153 3620 1207 3681 per
1222 3620 1311 3680 quam
1326 3622 1389 3665 rem

204 3712 241 3773 fic
262 3712 558 3790 pollim*explicute,
580 3732 613 3775 ac
634 3712 655 3775 st
676 3714 766 3791 ipsam
786 3733 839 3792 per
859 3734 956 3779 vertm
977 3716 1091 3778 causam
1112 3714 1310 3792 ostendill'em3
1331 3736 1390 3777 nec

202 3840 299 3887 tamen
326 3828 415 3888 credo
443 3844 487 3886 me
513 3844 530 3887 a
558 3844 627 3889 uera
655 3827 743 3904 longe
771 3828 919 3905 aberrare,
943 3828 1183 3906 quandoquidem
1203 3827 1301 3889 omnin
1320 3827 1389 3903 illa,

202 3955 267 4013 quae
296 3936 414 4015 sumpt,
443 3937 587 4015 postulata
615 3936 667 4003 vix
696 3938 854 4015 quicquam
881 3940 1053 4017 continent,
1080 3944 1163 4017 quod
1189 3958 1250 4003 non
1271 3940 1388 4002 constet

201 4047 399 4126 experientil,
425 4052 461 4110 de
489 4067 548 4126 qua
575 4049 662 4111 nobit
689 4051 840 4113 nonlicet
861 4051 1011 4128 dubitare,
1032 4052 1184 4130 postquam
1205 4050 1386 4115 ostendimur

201 4159 318 4237 Corpus
344 4160 516 4238 humanum,
543 4178 632 4237 prout
661 4162 754 4237 ipsum
777 4161 933 4241 sentimur,
954 4162 1075 4225 existere
1097 4164 1178 4241 (vide
1200 4163 1302 4224 Coroll.
1319 4166 1384 4243 post

232 4330 245 4362 *
280 4329 327 4381 Ed·
343 4330 397 4380 ΡΜ
410 4328 509 4395 posent.
