2934 4900
184 350 225 411 44
611 330 793 390 Ethices
823 329 891 389 Pars
910 329 933 388 1.

186 507 395 588 manifestum);
427 509 492 583 vel,
520 508 541 568 sr
570 508 635 584 quis
663 506 788 583 statuat,
814 504 1000 567 substantiam
1024 503 1131 581 creari,
1151 504 1232 567 simul
1251 506 1374 582 statuit,

184 618 277 680 ideam
310 619 406 681 salsam
435 621 536 681 saetam
565 618 620 681 else
649 638 763 695 veram,
790 637 852 695 quo
880 617 948 680 sane
976 617 1048 679 nihil
1072 616 1223 679 absurdius
1249 618 1370 694 concipi

184 728 297 805 potest,
319 731 452 806 adeoque
474 731 623 791 fatendum
644 727 800 791 necessario
821 728 878 804 est,
899 727 1063 790 substantie
1081 728 1280 796 existentiam.
1295 727 1372 789 sicut

185 840 249 917 ejus
270 840 433 917 essentiam,
461 856 595 903 aetemam
625 842 679 903 esse
699 842 863 906 veritatem.
894 844 996 919 Atque
1017 840 1086 903 hinc
1107 842 1165 903 alio
1185 845 1275 904 modo
1295 861 1371 904 con·

186 952 301 1013 cludere
328 950 493 1028 possumus,
520 970 581 1013 non
610 952 670 1013 dari
698 951 751 1012 nist
778 950 893 1013 unicam
922 950 1049 1027 ejusdem
1069 967 1198 1027 nature,
1218 954 1301 1028 quod
1320 950 1371 1013 hic

187 1063 336 1125 ostendere
368 1081 464 1141 operae
496 1064 619 1140 pretium
652 1062 706 1125 esse
737 1064 819 1126 duxi.
847 1065 893 1126 Ut
921 1080 1018 1126 autem
1045 1064 1105 1125 hoc
1125 1064 1228 1126 ordine
1248 1064 1370 1141 faciam,

186 1179 346 1238 notandum
369 1178 408 1237 esl
430 1178 469 1253 l.,
488 1196 583 1241 veram
603 1177 832 1254 uniuscujusque
849 1176 890 1238 rei
909 1176 1109 1238 definitionem
1126 1175 1199 1236 nihil
1215 1176 1370 1239 involvere

184 1307 281 1366 neque
299 1288 458 1367 exprimere
475 1304 580 1366 praeter
597 1288 637 1351 rei
656 1289 783 1351 definitae
800 1305 941 1352 naturam.
958 1290 1005 1349 Ex
1024 1306 1085 1365 quo
1102 1287 1234 1365 sequitur
1247 1288 1306 1349 lroc
1317 1290 1370 1365 tt,

186 1419 289 1477 nempe
317 1403 422 1463 nullam
451 1401 651 1463 definitionem
680 1417 791 1463 cerrum
820 1401 945 1478 aliquem
973 1418 1123 1463 numerum
1149 1398 1370 1463 individuorum

185 1514 337 1576 involvere
358 1531 453 1591 neque
474 1514 650 1591 exprimere,
671 1512 910 1591 quandoquidem
928 1512 999 1574 nihil
1017 1513 1097 1575 aliud
1113 1512 1266 1590 exprimit,
1283 1530 1372 1589 quam

186 1642 316 1688 naturam
337 1628 378 1688 rei
400 1627 536 1689 delinita.
564 1627 620 1689 Ex.
640 1646 683 1705 gr.
705 1627 839 1689 delinitio
860 1626 998 1705 trianguli
1021 1625 1094 1687 nihil
1114 1626 1192 1687 aliud
1213 1624 1372 1702 exprimit,

187 1758 272 1817 quam
288 1740 440 1817 simplicem
457 1754 586 1801 naturam
603 1740 756 1820 trianguli;
773 1755 804 1801 at
822 1756 883 1801 non
900 1753 1011 1800 certum
1023 1738 1148 1815 aliquem
1161 1737 1372 1817 triangulorum

187 1870 345 1913 numerum.
367 1853 418 1913 Ill.
438 1853 628 1930 Notandum,
649 1852 710 1914 dari
730 1850 885 1913 necessario
907 1850 1136 1928 uniuscujusque
1156 1850 1198 1911 tei
1218 1849 1372 1911 existentis

187 1978 293 2024 certam
311 1964 434 2041 aliquam
452 1964 582 2041 causam,
602 1980 724 2041 propter
741 1982 828 2041 quam
845 1963 953 2025 existit.
970 1965 1022 2025 lV.
1042 1962 1179 2039 Denique
1190 1964 1371 2038 notandum,

187 2074 260 2135 lianc
288 2073 417 2151 causam,
441 2090 563 2153 propter
590 2094 676 2152 quam
704 2076 801 2153 aliqua
825 2093 871 2136 res
891 2076 1004 2153 exislit,
1026 2077 1075 2139 vel
1096 2075 1202 2137 debete
1222 2072 1370 2135 contineri

186 2186 215 2247 in
244 2186 304 2263 ipsa
331 2202 432 2248 natura
459 2202 490 2248 et
517 2187 689 2250 delinitione
716 2187 758 2249 rei
785 2188 936 2250 existentis
962 2189 1112 2266 (nimirum
1132 2190 1209 2265 qudd
1224 2189 1267 2247 ad
1282 2186 1371 2265 r'pfius

185 2312 322 2360 naturam
338 2305 467 2380 pertinet
493 2302 644 2383 existere),
671 2303 719 2364 vel
748 2303 853 2363 debere
880 2317 963 2362 extra
990 2300 1079 2377 ipsam
1099 2301 1171 2363 dari.
1190 2300 1246 2361 His
1264 2298 1372 2375 positis

187 2412 333 2491 sequitur,
360 2416 455 2492 quod,
483 2414 504 2475 li
532 2414 561 2476 in
589 2429 692 2477 natura
719 2429 817 2476 certus
844 2413 950 2492 aliquit
986 2432 1121 2476 numerus
1148 2412 1370 2476 individuorum

187 2525 307 2604 existat,
334 2529 440 2589 debeat
468 2527 624 2589 necessario
653 2529 714 2591 dari
736 2526 835 2604 causa,
854 2546 906 2589 cur
925 2528 974 2589 illa
993 2527 1163 2604 individua,
1184 2541 1214 2587 et
1234 2542 1286 2585 cut
1307 2541 1369 2585 non

186 2640 268 2715 plura
295 2659 349 2700 nec
376 2641 515 2716 pauciora
540 2641 676 2702 existunt.
696 2640 728 2701 si
749 2660 796 2702 ex.
816 2659 858 2720 gt.
879 2641 1023 2702 intentu
1044 2655 1146 2701 natura
1166 2656 1214 2700 eo.
1234 2636 1371 2699 homines

185 2751 309 2812 existant
337 2751 433 2832 (quos,
461 2753 581 2828 majoris
602 2755 826 2833 perspicuitatis
845 2753 947 2831 causa,
968 2755 1097 2833 supporto
1122 2751 1209 2830 ssmul
1231 2751 1370 2829 existere,

184 2885 233 2925 nec
251 2867 324 2925 alios
343 2865 470 2926 antear'rt
480 2867 604 2926 Natura
624 2866 782 2946 exstitrffe),
803 2883 864 2928 non
885 2864 954 2926 satis
971 2864 1027 2925 erit
1044 2863 1092 2942 (ut
1102 2865 1216 2940 scilicet
1229 2865 1370 2923 rationem

185 2979 352 3053 reddamus,
369 2997 422 3038 eur
442 2995 490 3038 20.
510 2976 634 3038 homines
650 2976 805 3059 exrstant),
821 2977 933 3040 causam
951 2991 1062 3038 naturae
1078 2975 1211 3036 humanae
1222 2973 1252 3034 in
1262 2991 1370 3052 genere

185 3090 352 3164 ostendere;
373 3089 423 3150 sed
443 3089 559 3166 iusuper
578 3088 688 3150 necesse
710 3089 783 3166 erit,
803 3089 915 3151 causam
936 3089 1104 3165 ostendere,
1124 3105 1177 3149 cur
1192 3104 1253 3148 non
1269 3086 1370 3162 plures

184 3220 239 3263 nec
266 3201 435 3278 pauciores,
462 3220 548 3278 quam
577 3219 625 3262 20.
654 3200 795 3277 existant;
823 3199 1061 3278 quandoquidem
1082 3200 1152 3279 (per
1172 3200 1224 3258 111.
1244 3198 1369 3276 Natam)

185 3311 413 3389 uniuscujusque
434 3313 523 3375 debet
543 3311 699 3374 necessario
721 3311 782 3374 dari
804 3310 906 3388 causa,
927 3329 979 3372 cur
999 3311 1113 3373 existat.
1136 3313 1179 3372 At
1198 3310 1262 3372 lraec
1282 3309 1371 3370 causa

184 3426 252 3504 (per
271 3427 379 3486 Notata
399 3427 436 3487 ll.
458 3440 485 3486 et
504 3425 570 3508 111.)
591 3445 650 3487 uon
673 3425 771 3502 potest
791 3425 821 3485 in
842 3424 903 3503 ipsa
924 3439 1027 3484 natura
1053 3424 1178 3485 humana
1205 3421 1369 3498 contineri,

186 3537 422 3614 quandoquidem
440 3555 508 3600 vera
519 3537 645 3600 hominis
656 3537 790 3599 delinitio
801 3555 951 3598 numerum
962 3534 1141 3600 vicenarium
1150 3553 1211 3596 non
1221 3533 1372 3611 involvit;

186 3652 319 3726 adeoque
340 3648 406 3730 (per
423 3651 532 3710 Notum
552 3651 619 3731 IV.)
642 3649 742 3726 causa,
771 3667 823 3710 cur
842 3648 872 3708 hi
894 3647 1000 3727 viginti
1020 3647 1153 3709 homines
1172 3646 1317 3721 existunt,
1338 3660 1372 3706 et

186 3760 399 3838 consequenter
426 3779 477 3822 cur
504 3760 704 3839 unusquisque
733 3760 850 3837 existit,
876 3762 966 3821 debet
985 3759 1140 3821 necessario
1161 3774 1244 3821 extra
1265 3777 1371 3820 unum·

187 3892 331 3952 quemque
353 3873 430 3949 dari;
452 3889 482 3934 et
503 3889 658 3950 propterea
679 3873 812 3935 absolute
834 3874 1085 3950 concludendum,
1105 3890 1192 3933 omne
1211 3870 1260 3948 id,
1283 3871 1372 3947 cujus

187 4001 296 4047 naturae
319 3988 399 4062 plura
419 3985 571 4048 individua
589 3985 710 4046 existere
724 3983 862 4062 possunt,
879 3987 985 4046 debere
1002 3983 1373 4061 necessario,utexislant,

187 4095 299 4157 causam
325 4110 473 4156 externam
501 4095 616 4157 habere.
643 4098 706 4176 Jam
735 4095 874 4173 quoniam
904 4098 940 4157 ad
964 4112 1095 4158 naturam
1115 4095 1279 4158 substantie
1300 4095 1372 4176 (per

179 4210 245 4284 jam
261 4207 368 4285 oflensa
387 4211 419 4268 ἐκ
440 4207 490 4270 stoc
509 4205 615 4289 Senot.)
632 4209 763 4285 pertinet
779 4207 919 4286 existere,
937 4211 1026 4271 debet
1041 4209 1105 4287 ejus
1118 4208 1253 4272 definitio
1267 4227 1371 4270 neces-

186 4319 284 4381 sariam
305 4320 484 4382 existentiam
506 4321 672 4398 involvere,
691 4337 720 4382 et
742 4320 956 4399 consequenter
976 4339 1013 4382 ex
1033 4320 1094 4382 sola
1115 4320 1180 4397 ejus
1196 4319 1370 4382 definitione
