<?xml version="1.0" encoding="UTF-8"?>
<!DOCTYPE html PUBLIC "-//W3C//DTD XHTML 1.0 Transitional//EN"
    "http://www.w3.org/TR/xhtml1/DTD/xhtml1-transitional.dtd">
<html xmlns="http://www.w3.org/1999/xhtml" xml:lang="en" lang="en">
 <head>
  <title>
</title>
<meta http-equiv="Content-Type" content="text/html;charset=utf-8" />
  <meta name='ocr-system' content='tesseract 3.04.00' />
  <meta name='ocr-capabilities' content='ocr_page ocr_carea ocr_par ocr_line ocrx_word'/>
</head>
<body>
  <div class='ocr_page' id='page_1' title='image "benedictidespin02landgoog_0623.png"; bbox 0 0 2934 4900; ppageno 0'>
   <div class='ocr_carea' id='block_1_1' title="bbox 333 276 1281 360">
    <p class='ocr_par' dir='ltr' id='par_1_1' title="bbox 333 276 1281 360">
     <span class='ocr_line' id='line_1_1' title="bbox 333 276 1281 360; baseline 0.011 -22"><span class='ocrx_word' id='word_1_1' title='bbox 333 276 825 356; x_wconf 86' lang='lat' dir='ltr'>Theologico·Politici</span> <span class='ocrx_word' id='word_1_2' title='bbox 867 279 941 356; x_wconf 89' lang='lat' dir='ltr'>Cap.</span> <span class='ocrx_word' id='word_1_3' title='bbox 961 280 1040 343; x_wconf 88' lang='lat' dir='ltr'><strong>XIX.</strong></span> <span class='ocrx_word' id='word_1_4' title='bbox 1221 293 1281 360; x_wconf 82' lang='lat'>599</span> 
     </span>
    </p>
   </div>
   <div class='ocr_carea' id='block_1_2' title="bbox 78 453 1370 4353">
    <p class='ocr_par' dir='ltr' id='par_1_2' title="bbox 78 453 1370 4353">
     <span class='ocr_line' id='line_1_2' title="bbox 78 453 1281 534; baseline 0.002 -18"><span class='ocrx_word' id='word_1_5' title='bbox 78 453 218 534; x_wconf 87' lang='lat' dir='ltr'>negorio</span> <span class='ocrx_word' id='word_1_6' title='bbox 227 500 238 533; x_wconf 92' lang='lat'>,</span> <span class='ocrx_word' id='word_1_7' title='bbox 258 453 279 514; x_wconf 84' lang='lat' dir='ltr'>st</span> <span class='ocrx_word' id='word_1_8' title='bbox 300 454 473 516; x_wconf 87' lang='lat' dir='ltr'>sententiam</span> <span class='ocrx_word' id='word_1_9' title='bbox 494 453 620 517; x_wconf 75' lang='lat' dir='ltr'>alterius</span> <span class='ocrx_word' id='word_1_10' title='bbox 635 458 789 532; x_wconf 71' lang='lat' dir='ltr'>expectare</span> <span class='ocrx_word' id='word_1_11' title='bbox 810 470 960 532; x_wconf 86' lang='lat' dir='ltr'>tenentur,</span> <span class='ocrx_word' id='word_1_12' title='bbox 981 456 1034 534; x_wconf 92' lang='lat' dir='ltr'>qui</span> <span class='ocrx_word' id='word_1_13' title='bbox 1054 456 1129 534; x_wconf 87' lang='lat' dir='ltr'>ipsas</span> <span class='ocrx_word' id='word_1_14' title='bbox 1156 460 1281 534; x_wconf 85' lang='lat' dir='ltr'>doceat,</span> 
     </span>
     <span class='ocr_line' id='line_1_3' title="bbox 80 567 1281 646; baseline 0.005 -18"><span class='ocrx_word' id='word_1_15' title='bbox 80 569 229 645; x_wconf 88' lang='lat' dir='ltr'>numid,</span> <span class='ocrx_word' id='word_1_16' title='bbox 250 571 333 646; x_wconf 92' lang='lat' dir='ltr'>quod</span> <span class='ocrx_word' id='word_1_17' title='bbox 355 568 427 630; x_wconf 90' lang='lat' dir='ltr'>utile</span> <span class='ocrx_word' id='word_1_18' title='bbox 445 567 598 645; x_wconf 87' lang='lat' dir='ltr'>judicant,</span> <span class='ocrx_word' id='word_1_19' title='bbox 618 568 698 644; x_wconf 88' lang='lat' dir='ltr'>pium</span> <span class='ocrx_word' id='word_1_20' title='bbox 720 568 755 630; x_wconf 86' lang='lat' dir='ltr'>stt</span> <span class='ocrx_word' id='word_1_21' title='bbox 774 579 813 630; x_wconf 70' lang='lat' dir='ltr'>&#39;an</span> <span class='ocrx_word' id='word_1_22' title='bbox 835 569 971 646; x_wconf 89' lang='lat' dir='ltr'>impium;</span> <span class='ocrx_word' id='word_1_23' title='bbox 991 569 1041 632; x_wconf 92' lang='lat' dir='ltr'>sed</span> <span class='ocrx_word' id='word_1_24' title='bbox 1061 585 1163 632; x_wconf 87' lang='lat' dir='ltr'>contra</span> <span class='ocrx_word' id='word_1_25' title='bbox 1184 569 1281 634; x_wconf 83' lang='lat' dir='ltr'>omnia</span> 
     </span>
     <span class='ocr_line' id='line_1_4' title="bbox 80 678 1282 759; baseline 0.002 -20"><span class='ocrx_word' id='word_1_26' title='bbox 80 679 197 756; x_wconf 73' lang='lat' dir='ltr'>potius</span> <span class='ocrx_word' id='word_1_27' title='bbox 217 697 255 740; x_wconf 81' lang='lat' dir='ltr'>en</span> <span class='ocrx_word' id='word_1_28' title='bbox 275 678 354 740; x_wconf 88' lang='lat' dir='ltr'>illius</span> <span class='ocrx_word' id='word_1_29' title='bbox 376 681 495 741; x_wconf 89' lang='lat' dir='ltr'>decreto</span> <span class='ocrx_word' id='word_1_30' title='bbox 516 681 605 756; x_wconf 87' lang='lat' dir='ltr'>fient,</span> <span class='ocrx_word' id='word_1_31' title='bbox 626 679 678 756; x_wconf 86' lang='lat' dir='ltr'>qui</span> <span class='ocrx_word' id='word_1_32' title='bbox 695 680 746 758; x_wconf 89' lang='lat' dir='ltr'>jus</span> <span class='ocrx_word' id='word_1_33' title='bbox 766 681 856 742; x_wconf 88' lang='lat' dir='ltr'>habet</span> <span class='ocrx_word' id='word_1_34' title='bbox 874 681 1026 759; x_wconf 89' lang='lat' dir='ltr'>judicandi</span> <span class='ocrx_word' id='word_1_35' title='bbox 1046 696 1077 742; x_wconf 90' lang='lat' dir='ltr'>et</span> <span class='ocrx_word' id='word_1_36' title='bbox 1097 681 1282 757; x_wconf 87' lang='lat' dir='ltr'>decretandi,</span> 
     </span>
     <span class='ocr_line' id='line_1_5' title="bbox 85 791 1281 871; baseline 0.003 -19"><span class='ocrx_word' id='word_1_37' title='bbox 85 791 168 868; x_wconf 88' lang='lat' dir='ltr'>quid</span> <span class='ocrx_word' id='word_1_38' title='bbox 195 791 275 868; x_wconf 89' lang='lat' dir='ltr'>pium</span> <span class='ocrx_word' id='word_1_39' title='bbox 302 792 350 854; x_wconf 89' lang='lat' dir='ltr'>vel</span> <span class='ocrx_word' id='word_1_40' title='bbox 378 791 518 868; x_wconf 88' lang='lat' dir='ltr'>impium,</span> <span class='ocrx_word' id='word_1_41' title='bbox 539 793 583 852; x_wconf 86' lang='lat' dir='ltr'>fas</span> <span class='ocrx_word' id='word_1_42' title='bbox 606 791 748 870; x_wconf 83' lang='lat' dir='ltr'>nefasque</span> <span class='ocrx_word' id='word_1_43' title='bbox 768 791 813 855; x_wconf 89' lang='lat' dir='ltr'>sit.</span> <span class='ocrx_word' id='word_1_44' title='bbox 854 793 950 871; x_wconf 85' lang='lat' dir='ltr'>Cujus</span> <span class='ocrx_word' id='word_1_45' title='bbox 969 794 1010 856; x_wconf 91' lang='lat' dir='ltr'>rei</span> <span class='ocrx_word' id='word_1_46' title='bbox 1032 795 1164 870; x_wconf 85' lang='lat' dir='ltr'>exempla</span> <span class='ocrx_word' id='word_1_47' title='bbox 1185 791 1281 856; x_wconf 87' lang='lat' dir='ltr'>omnia</span> 
     </span>
     <span class='ocr_line' id='line_1_6' title="bbox 85 902 1284 982; baseline -0.002 -16"><span class='ocrx_word' id='word_1_48' title='bbox 85 902 234 966; x_wconf 79' lang='lat' dir='ltr'>viderunt</span> <span class='ocrx_word' id='word_1_49' title='bbox 262 903 375 980; x_wconf 75' lang='lat' dir='ltr'>secula,</span> <span class='ocrx_word' id='word_1_50' title='bbox 407 921 531 981; x_wconf 91' lang='lat' dir='ltr'>quorum</span> <span class='ocrx_word' id='word_1_51' title='bbox 561 922 652 966; x_wconf 91' lang='lat' dir='ltr'>unum</span> <span class='ocrx_word' id='word_1_52' title='bbox 685 918 817 979; x_wconf 87' lang='lat' dir='ltr'>tanturn,</span> <span class='ocrx_word' id='word_1_53' title='bbox 848 907 932 982; x_wconf 90' lang='lat' dir='ltr'>quod</span> <span class='ocrx_word' id='word_1_54' title='bbox 958 904 1044 966; x_wconf 84' lang='lat' dir='ltr'>instar</span> <span class='ocrx_word' id='word_1_55' title='bbox 1072 904 1200 968; x_wconf 87' lang='lat' dir='ltr'>omniurn</span> <span class='ocrx_word' id='word_1_56' title='bbox 1221 904 1284 980; x_wconf 81' lang='lat' dir='ltr'>esi,</span> 
     </span>
     <span class='ocr_line' id='line_1_7' title="bbox 88 1014 1283 1098; baseline -0.001 -22"><span class='ocrx_word' id='word_1_57' title='bbox 88 1017 232 1078; x_wconf 87' lang='lat' dir='ltr'>adseram.</span> <span class='ocrx_word' id='word_1_58' title='bbox 272 1015 349 1098; x_wconf 86' lang='lat' dir='ltr'><strong>Quia</strong></span> <span class='ocrx_word' id='word_1_59' title='bbox 381 1018 520 1078; x_wconf 88' lang='lat' dir='ltr'>Romano</span> <span class='ocrx_word' id='word_1_60' title='bbox 547 1015 686 1077; x_wconf 87' lang='lat' dir='ltr'>Pontifici</span> <span class='ocrx_word' id='word_1_61' title='bbox 706 1016 765 1077; x_wconf 93' lang='lat' dir='ltr'>hoc</span> <span class='ocrx_word' id='word_1_62' title='bbox 783 1015 833 1092; x_wconf 83' lang='lat' dir='ltr'>jus</span> <span class='ocrx_word' id='word_1_63' title='bbox 856 1015 989 1078; x_wconf 85' lang='lat' dir='ltr'>absolute</span> <span class='ocrx_word' id='word_1_64' title='bbox 1017 1014 1183 1078; x_wconf 87' lang='lat' dir='ltr'>concessum</span> <span class='ocrx_word' id='word_1_65' title='bbox 1202 1015 1283 1092; x_wconf 87' lang='lat' dir='ltr'>suit,</span> 
     </span>
     <span class='ocr_line' id='line_1_8' title="bbox 88 1127 1282 1207; baseline 0.001 -18"><span class='ocrx_word' id='word_1_66' title='bbox 88 1132 212 1191; x_wconf 85' lang='lat' dir='ltr'>tandem</span> <span class='ocrx_word' id='word_1_67' title='bbox 239 1146 341 1190; x_wconf 85' lang='lat' dir='ltr'>omnes</span> <span class='ocrx_word' id='word_1_68' title='bbox 370 1128 511 1204; x_wconf 90' lang='lat' dir='ltr'>paulatim</span> <span class='ocrx_word' id='word_1_69' title='bbox 539 1130 637 1207; x_wconf 80' lang='lat' dir='ltr'>Reges</span> <span class='ocrx_word' id='word_1_70' title='bbox 668 1127 721 1190; x_wconf 92' lang='lat' dir='ltr'>sub</span> <span class='ocrx_word' id='word_1_71' title='bbox 743 1128 889 1205; x_wconf 86' lang='lat' dir='ltr'>potestate</span> <span class='ocrx_word' id='word_1_72' title='bbox 910 1128 1016 1191; x_wconf 88' lang='lat' dir='ltr'>habere</span> <span class='ocrx_word' id='word_1_73' title='bbox 1037 1129 1165 1206; x_wconf 84' lang='lat' dir='ltr'>incepit,</span> <span class='ocrx_word' id='word_1_74' title='bbox 1186 1130 1282 1190; x_wconf 90' lang='lat' dir='ltr'>donec</span> 
     </span>
     <span class='ocr_line' id='line_1_9' title="bbox 89 1239 1284 1320; baseline 0.002 -18"><span class='ocrx_word' id='word_1_75' title='bbox 89 1240 184 1302; x_wconf 89' lang='lat' dir='ltr'>etiam</span> <span class='ocrx_word' id='word_1_76' title='bbox 212 1244 249 1302; x_wconf 90' lang='lat' dir='ltr'>ad</span> <span class='ocrx_word' id='word_1_77' title='bbox 276 1241 415 1302; x_wconf 87' lang='lat' dir='ltr'>summum</span> <span class='ocrx_word' id='word_1_78' title='bbox 443 1239 556 1317; x_wconf 90' lang='lat' dir='ltr'>imperii</span> <span class='ocrx_word' id='word_1_79' title='bbox 585 1240 729 1320; x_wconf 87' lang='lat' dir='ltr'>fastigium</span> <span class='ocrx_word' id='word_1_80' title='bbox 759 1241 936 1318; x_wconf 60' lang='lat' dir='ltr'>ascenderim</span> <span class='ocrx_word' id='word_1_81' title='bbox 964 1258 995 1303; x_wconf 91' lang='lat' dir='ltr'>et</span> <span class='ocrx_word' id='word_1_82' title='bbox 1022 1241 1163 1320; x_wconf 90' lang='lat' dir='ltr'>quicquid</span> <span class='ocrx_word' id='word_1_83' title='bbox 1184 1240 1284 1318; x_wconf 86' lang='lat' dir='ltr'>postea</span> 
     </span>
     <span class='ocr_line' id='line_1_10' title="bbox 91 1350 1282 1431; baseline 0.001 -17"><span class='ocrx_word' id='word_1_84' title='bbox 91 1354 276 1430; x_wconf 80' lang='lat' dir='ltr'>monarche,</span> <span class='ocrx_word' id='word_1_85' title='bbox 295 1368 327 1414; x_wconf 91' lang='lat' dir='ltr'>et</span> <span class='ocrx_word' id='word_1_86' title='bbox 348 1353 496 1429; x_wconf 83' lang='lat' dir='ltr'>precipue</span> <span class='ocrx_word' id='word_1_87' title='bbox 517 1350 681 1414; x_wconf 75' lang='lat' dir='ltr'>Germania</span> <span class='ocrx_word' id='word_1_88' title='bbox 701 1351 832 1414; x_wconf 81' lang='lat' dir='ltr'>Caesares</span> <span class='ocrx_word' id='word_1_89' title='bbox 838 1397 848 1428; x_wconf 93' lang='lat'>,</span> <span class='ocrx_word' id='word_1_90' title='bbox 870 1353 970 1415; x_wconf 92' lang='lat' dir='ltr'>conati</span> <span class='ocrx_word' id='word_1_91' title='bbox 991 1353 1075 1431; x_wconf 85' lang='lat' dir='ltr'>sunt,</span> <span class='ocrx_word' id='word_1_92' title='bbox 1092 1353 1155 1430; x_wconf 84' lang='lat' dir='ltr'>ejus</span> <span class='ocrx_word' id='word_1_93' title='bbox 1175 1353 1282 1416; x_wconf 82' lang='lat' dir='ltr'>autho·</span> 
     </span>
     <span class='ocr_line' id='line_1_11' title="bbox 91 1464 1283 1542; baseline 0.002 -16"><span class='ocrx_word' id='word_1_94' title='bbox 91 1466 211 1527; x_wconf 88' lang='lat' dir='ltr'>ritatem</span> <span class='ocrx_word' id='word_1_95' title='bbox 223 1467 271 1528; x_wconf 85' lang='lat' dir='ltr'>vel</span> <span class='ocrx_word' id='word_1_96' title='bbox 289 1465 437 1527; x_wconf 85' lang='lat' dir='ltr'>tantillum</span> <span class='ocrx_word' id='word_1_97' title='bbox 458 1465 637 1542; x_wconf 86' lang='lat' dir='ltr'>diminuere,</span> <span class='ocrx_word' id='word_1_98' title='bbox 655 1464 728 1526; x_wconf 88' lang='lat' dir='ltr'>nihil</span> <span class='ocrx_word' id='word_1_99' title='bbox 749 1481 977 1542; x_wconf 89' lang='lat' dir='ltr'>promoverunt,</span> <span class='ocrx_word' id='word_1_100' title='bbox 988 1466 1037 1528; x_wconf 91' lang='lat' dir='ltr'>sed</span> <span class='ocrx_word' id='word_1_101' title='bbox 1048 1482 1150 1528; x_wconf 87' lang='lat' dir='ltr'>contra</span> <span class='ocrx_word' id='word_1_102' title='bbox 1162 1468 1283 1528; x_wconf 90' lang='lat' dir='ltr'>eandem</span> 
     </span>
     <span class='ocr_line' id='line_1_12' title="bbox 92 1577 1283 1656; baseline -0.001 -16"><span class='ocrx_word' id='word_1_103' title='bbox 92 1597 133 1640; x_wconf 89' lang='lat' dir='ltr'>eo</span> <span class='ocrx_word' id='word_1_104' title='bbox 154 1577 219 1655; x_wconf 89' lang='lat' dir='ltr'>ipso</span> <span class='ocrx_word' id='word_1_105' title='bbox 240 1577 339 1640; x_wconf 87' lang='lat' dir='ltr'>multis</span> <span class='ocrx_word' id='word_1_106' title='bbox 359 1577 486 1639; x_wconf 86' lang='lat' dir='ltr'>numeris</span> <span class='ocrx_word' id='word_1_107' title='bbox 507 1593 662 1639; x_wconf 80' lang='lat' dir='ltr'>auxerunt.</span> <span class='ocrx_word' id='word_1_108' title='bbox 683 1577 794 1638; x_wconf 88' lang='lat' dir='ltr'>Verum</span> <span class='ocrx_word' id='word_1_109' title='bbox 816 1577 892 1638; x_wconf 91' lang='lat' dir='ltr'>enim</span> <span class='ocrx_word' id='word_1_110' title='bbox 913 1596 986 1642; x_wconf 86' lang='lat' dir='ltr'>vero</span> <span class='ocrx_word' id='word_1_111' title='bbox 1007 1579 1066 1640; x_wconf 94' lang='lat' dir='ltr'>hoc</span> <span class='ocrx_word' id='word_1_112' title='bbox 1086 1579 1180 1655; x_wconf 87' lang='lat' dir='ltr'>idern,</span> <span class='ocrx_word' id='word_1_113' title='bbox 1201 1578 1283 1656; x_wconf 92' lang='lat' dir='ltr'>quod</span> 
     </span>
     <span class='ocr_line' id='line_1_13' title="bbox 93 1671 1370 1768; baseline -0.002 -16"><span class='ocrx_word' id='word_1_114' title='bbox 93 1691 194 1752; x_wconf 78' lang='lat' dir='ltr'>nullut</span> <span class='ocrx_word' id='word_1_115' title='bbox 214 1690 376 1752; x_wconf 84' lang='lat' dir='ltr'>Monarcha</span> <span class='ocrx_word' id='word_1_116' title='bbox 397 1708 453 1750; x_wconf 90' lang='lat' dir='ltr'>nec</span> <span class='ocrx_word' id='word_1_117' title='bbox 473 1691 550 1750; x_wconf 87' lang='lat' dir='ltr'>seno</span> <span class='ocrx_word' id='word_1_118' title='bbox 572 1708 625 1750; x_wconf 89' lang='lat' dir='ltr'>nec</span> <span class='ocrx_word' id='word_1_119' title='bbox 646 1689 728 1768; x_wconf 86' lang='lat' dir='ltr'>igne,</span> <span class='ocrx_word' id='word_1_120' title='bbox 748 1689 941 1751; x_wconf 89' lang='lat' dir='ltr'>Ecclefiastici</span> <span class='ocrx_word' id='word_1_121' title='bbox 962 1690 1024 1752; x_wconf 93' lang='lat' dir='ltr'>solo</span> <span class='ocrx_word' id='word_1_122' title='bbox 1042 1705 1158 1752; x_wconf 87' lang='lat' dir='ltr'>tantum</span> <span class='ocrx_word' id='word_1_123' title='bbox 1172 1692 1283 1751; x_wconf 89' lang='lat' dir='ltr'>calamo</span> <span class='ocrx_word' id='word_1_124' title='bbox 1363 1671 1370 1683; x_wconf 58' lang='lat'>⁸</span> 
     </span>
     <span class='ocr_line' id='line_1_14' title="bbox 93 1801 1283 1879; baseline 0.001 -16"><span class='ocrx_word' id='word_1_125' title='bbox 93 1804 193 1864; x_wconf 87' lang='lat' dir='ltr'>facere</span> <span class='ocrx_word' id='word_1_126' title='bbox 212 1818 396 1879; x_wconf 83' lang='lat' dir='ltr'>potuerunt3</span> <span class='ocrx_word' id='word_1_127' title='bbox 416 1819 451 1863; x_wconf 93' lang='lat' dir='ltr'>ut</span> <span class='ocrx_word' id='word_1_128' title='bbox 470 1804 519 1864; x_wconf 89' lang='lat' dir='ltr'>vel</span> <span class='ocrx_word' id='word_1_129' title='bbox 539 1801 608 1862; x_wconf 90' lang='lat' dir='ltr'>hinc</span> <span class='ocrx_word' id='word_1_130' title='bbox 629 1817 744 1863; x_wconf 89' lang='lat' dir='ltr'>tantum</span> <span class='ocrx_word' id='word_1_131' title='bbox 765 1801 894 1879; x_wconf 84' lang='lat' dir='ltr'>ejusdem</span> <span class='ocrx_word' id='word_1_132' title='bbox 916 1802 963 1865; x_wconf 84' lang='lat' dir='ltr'>vis</span> <span class='ocrx_word' id='word_1_133' title='bbox 984 1817 1015 1864; x_wconf 90' lang='lat' dir='ltr'>et</span> <span class='ocrx_word' id='word_1_134' title='bbox 1035 1802 1172 1879; x_wconf 89' lang='lat' dir='ltr'>potentia</span> <span class='ocrx_word' id='word_1_135' title='bbox 1198 1801 1283 1864; x_wconf 85' lang='lat' dir='ltr'>facile</span> 
     </span>
     <span class='ocr_line' id='line_1_15' title="bbox 95 1912 1283 1992; baseline 0.003 -18"><span class='ocrx_word' id='word_1_136' title='bbox 95 1912 295 1992; x_wconf 88' lang='lat' dir='ltr'>dignoscatur,</span> <span class='ocrx_word' id='word_1_137' title='bbox 316 1928 347 1973; x_wconf 92' lang='lat' dir='ltr'>et</span> <span class='ocrx_word' id='word_1_138' title='bbox 366 1928 523 1989; x_wconf 79' lang='lat' dir='ltr'>preterea,</span> <span class='ocrx_word' id='word_1_139' title='bbox 543 1932 630 1990; x_wconf 89' lang='lat' dir='ltr'>quam</span> <span class='ocrx_word' id='word_1_140' title='bbox 652 1913 763 1975; x_wconf 88' lang='lat' dir='ltr'>necesse</span> <span class='ocrx_word' id='word_1_141' title='bbox 785 1914 819 1976; x_wconf 86' lang='lat' dir='ltr'>fit</span> <span class='ocrx_word' id='word_1_142' title='bbox 841 1914 956 1976; x_wconf 86' lang='lat' dir='ltr'>summis</span> <span class='ocrx_word' id='word_1_143' title='bbox 978 1915 1191 1992; x_wconf 82' lang='lat' dir='ltr'>potestatibus,</span> <span class='ocrx_word' id='word_1_144' title='bbox 1207 1915 1283 1978; x_wconf 81' lang='lat' dir='ltr'>banc</span> 
     </span>
     <span class='ocr_line' id='line_1_16' title="bbox 94 2024 1283 2108; baseline 0.002 -22"><span class='ocrx_word' id='word_1_145' title='bbox 94 2024 151 2086; x_wconf 84' lang='lat' dir='ltr'>fibi</span> <span class='ocrx_word' id='word_1_146' title='bbox 181 2024 391 2087; x_wconf 82' lang='lat' dir='ltr'>authoritatem</span> <span class='ocrx_word' id='word_1_147' title='bbox 422 2025 577 2088; x_wconf 87' lang='lat' dir='ltr'>reservare.</span> <span class='ocrx_word' id='word_1_148' title='bbox 618 2025 751 2108; x_wconf 88' lang='lat' dir='ltr'>Quodsi</span> <span class='ocrx_word' id='word_1_149' title='bbox 772 2027 859 2088; x_wconf 87' lang='lat' dir='ltr'>etiarn</span> <span class='ocrx_word' id='word_1_150' title='bbox 891 2046 944 2104; x_wconf 88' lang='lat' dir='ltr'>ea,</span> <span class='ocrx_word' id='word_1_151' title='bbox 977 2046 1042 2104; x_wconf 86' lang='lat' dir='ltr'>quae</span> <span class='ocrx_word' id='word_1_152' title='bbox 1073 2027 1103 2089; x_wconf 92' lang='lat' dir='ltr'>in</span> <span class='ocrx_word' id='word_1_153' title='bbox 1136 2026 1283 2104; x_wconf 83' lang='lat' dir='ltr'>superiore</span> 
     </span>
     <span class='ocr_line' id='line_1_17' title="bbox 96 2136 1284 2219; baseline 0.001 -22"><span class='ocrx_word' id='word_1_154' title='bbox 96 2136 205 2213; x_wconf 87' lang='lat' dir='ltr'>Capite</span> <span class='ocrx_word' id='word_1_155' title='bbox 215 2136 400 2213; x_wconf 82' lang='lat' dir='ltr'>notavimus,</span> <span class='ocrx_word' id='word_1_156' title='bbox 419 2136 597 2199; x_wconf 88' lang='lat' dir='ltr'>considerare</span> <span class='ocrx_word' id='word_1_157' title='bbox 616 2137 753 2214; x_wconf 87' lang='lat' dir='ltr'>velimus,</span> <span class='ocrx_word' id='word_1_158' title='bbox 774 2139 955 2218; x_wconf 85' lang='lat' dir='ltr'>videbimus,</span> <span class='ocrx_word' id='word_1_159' title='bbox 974 2141 1032 2201; x_wconf 91' lang='lat' dir='ltr'>boc</span> <span class='ocrx_word' id='word_1_160' title='bbox 1054 2139 1147 2218; x_wconf 90' lang='lat' dir='ltr'>ipsum</span> <span class='ocrx_word' id='word_1_161' title='bbox 1166 2138 1284 2219; x_wconf 89' lang='lat' dir='ltr'>religio·</span> 
     </span>
     <span class='ocr_line' id='line_1_18' title="bbox 96 2249 1283 2328; baseline 0 -18"><span class='ocrx_word' id='word_1_162' title='bbox 96 2250 145 2311; x_wconf 80' lang='lat' dir='ltr'>nis</span> <span class='ocrx_word' id='word_1_163' title='bbox 174 2266 206 2310; x_wconf 90' lang='lat' dir='ltr'>et</span> <span class='ocrx_word' id='word_1_164' title='bbox 236 2249 356 2326; x_wconf 86' lang='lat' dir='ltr'>pietatis</span> <span class='ocrx_word' id='word_1_165' title='bbox 386 2249 567 2311; x_wconf 89' lang='lat' dir='ltr'>incremento</span> <span class='ocrx_word' id='word_1_166' title='bbox 598 2268 658 2311; x_wconf 92' lang='lat' dir='ltr'>non</span> <span class='ocrx_word' id='word_1_167' title='bbox 690 2269 791 2328; x_wconf 86' lang='lat' dir='ltr'>parunt</span> <span class='ocrx_word' id='word_1_168' title='bbox 823 2252 910 2312; x_wconf 87' lang='lat' dir='ltr'>etiam</span> <span class='ocrx_word' id='word_1_169' title='bbox 942 2254 1124 2314; x_wconf 89' lang='lat' dir='ltr'>conducere:</span> <span class='ocrx_word' id='word_1_170' title='bbox 1155 2250 1283 2314; x_wconf 85' lang='lat' dir='ltr'>vidimus</span> 
     </span>
     <span class='ocr_line' id='line_1_19' title="bbox 97 2362 1285 2439; baseline -0.002 -15"><span class='ocrx_word' id='word_1_171' title='bbox 97 2362 176 2424; x_wconf 90' lang='lat' dir='ltr'>enim</span> <span class='ocrx_word' id='word_1_172' title='bbox 195 2362 297 2439; x_wconf 88' lang='lat' dir='ltr'>supra,</span> <span class='ocrx_word' id='word_1_173' title='bbox 317 2362 398 2438; x_wconf 87' lang='lat' dir='ltr'>ipsos</span> <span class='ocrx_word' id='word_1_174' title='bbox 416 2362 596 2439; x_wconf 83' lang='lat' dir='ltr'>Prophetas,</span> <span class='ocrx_word' id='word_1_175' title='bbox 614 2362 749 2439; x_wconf 84' lang='lat' dir='ltr'>quamvis</span> <span class='ocrx_word' id='word_1_176' title='bbox 768 2363 869 2427; x_wconf 88' lang='lat' dir='ltr'>divina</span> <span class='ocrx_word' id='word_1_177' title='bbox 879 2363 989 2426; x_wconf 88' lang='lat' dir='ltr'>virtute</span> <span class='ocrx_word' id='word_1_178' title='bbox 1008 2363 1163 2438; x_wconf 80' lang='lat' dir='ltr'>preditos,</span> <span class='ocrx_word' id='word_1_179' title='bbox 1174 2379 1285 2438; x_wconf 88' lang='lat' dir='ltr'>tamen,</span> 
     </span>
     <span class='ocr_line' id='line_1_20' title="bbox 98 2474 1285 2553; baseline -0.003 -15"><span class='ocrx_word' id='word_1_180' title='bbox 98 2476 169 2553; x_wconf 86' lang='lat' dir='ltr'>quia</span> <span class='ocrx_word' id='word_1_181' title='bbox 188 2475 297 2552; x_wconf 88' lang='lat' dir='ltr'>privati</span> <span class='ocrx_word' id='word_1_182' title='bbox 318 2474 375 2538; x_wconf 91' lang='lat' dir='ltr'>viri</span> <span class='ocrx_word' id='word_1_183' title='bbox 396 2491 496 2551; x_wconf 87' lang='lat' dir='ltr'>erant,</span> <span class='ocrx_word' id='word_1_184' title='bbox 515 2475 652 2537; x_wconf 91' lang='lat' dir='ltr'>libertate</span> <span class='ocrx_word' id='word_1_185' title='bbox 673 2474 723 2537; x_wconf 89' lang='lat' dir='ltr'>sua</span> <span class='ocrx_word' id='word_1_186' title='bbox 745 2476 900 2551; x_wconf 88' lang='lat' dir='ltr'>monendi,</span> <span class='ocrx_word' id='word_1_187' title='bbox 919 2476 1106 2553; x_wconf 86' lang='lat' dir='ltr'>increpandi,</span> <span class='ocrx_word' id='word_1_188' title='bbox 1126 2492 1157 2537; x_wconf 91' lang='lat' dir='ltr'>et</span> <span class='ocrx_word' id='word_1_189' title='bbox 1178 2492 1285 2552; x_wconf 83' lang='lat' dir='ltr'>expro-</span> 
     </span>
     <span class='ocr_line' id='line_1_21' title="bbox 98 2586 1285 2667; baseline -0.002 -18"><span class='ocrx_word' id='word_1_190' title='bbox 98 2587 205 2665; x_wconf 90' lang='lat' dir='ltr'>bandi,</span> <span class='ocrx_word' id='word_1_191' title='bbox 225 2588 361 2649; x_wconf 84' lang='lat' dir='ltr'>homines</span> <span class='ocrx_word' id='word_1_192' title='bbox 379 2587 472 2666; x_wconf 78' lang='lat' dir='ltr'>magis</span> <span class='ocrx_word' id='word_1_193' title='bbox 493 2586 646 2651; x_wconf 85' lang='lat' dir='ltr'>irritavisse</span> <span class='ocrx_word' id='word_1_194' title='bbox 667 2607 754 2665; x_wconf 90' lang='lat' dir='ltr'>quam</span> <span class='ocrx_word' id='word_1_195' title='bbox 776 2586 946 2663; x_wconf 71' lang='lat' dir='ltr'>comitisa,</span> <span class='ocrx_word' id='word_1_196' title='bbox 968 2586 1019 2665; x_wconf 90' lang='lat' dir='ltr'>qui</span> <span class='ocrx_word' id='word_1_197' title='bbox 1039 2603 1136 2649; x_wconf 89' lang='lat' dir='ltr'>tamen</span> <span class='ocrx_word' id='word_1_198' title='bbox 1158 2607 1174 2648; x_wconf 88' lang='lat' dir='ltr'>a</span> <span class='ocrx_word' id='word_1_199' title='bbox 1194 2587 1285 2667; x_wconf 89' lang='lat' dir='ltr'>Regi-</span> 
     </span>
     <span class='ocr_line' id='line_1_22' title="bbox 99 2697 1285 2778; baseline -0.004 -17"><span class='ocrx_word' id='word_1_200' title='bbox 99 2705 155 2761; x_wconf 81' lang='lat' dir='ltr'>bus</span> <span class='ocrx_word' id='word_1_201' title='bbox 175 2700 282 2767; x_wconf 86' lang='lat' dir='ltr'>moniti</span> <span class='ocrx_word' id='word_1_202' title='bbox 303 2700 352 2762; x_wconf 88' lang='lat' dir='ltr'>vel</span> <span class='ocrx_word' id='word_1_203' title='bbox 372 2698 502 2778; x_wconf 89' lang='lat' dir='ltr'>castigati</span> <span class='ocrx_word' id='word_1_204' title='bbox 524 2699 611 2761; x_wconf 90' lang='lat' dir='ltr'>facile</span> <span class='ocrx_word' id='word_1_205' title='bbox 631 2700 831 2760; x_wconf 70' lang='lat' dir='ltr'>flectebantur.</span> <span class='ocrx_word' id='word_1_206' title='bbox 872 2697 1005 2774; x_wconf 90' lang='lat' dir='ltr'>Deinde,</span> <span class='ocrx_word' id='word_1_207' title='bbox 1025 2698 1104 2774; x_wconf 88' lang='lat' dir='ltr'>ipsos</span> <span class='ocrx_word' id='word_1_208' title='bbox 1124 2700 1223 2775; x_wconf 83' lang='lat' dir='ltr'>Reges</span> <span class='ocrx_word' id='word_1_209' title='bbox 1245 2700 1285 2757; x_wconf 93' lang='lat' dir='ltr'>ob</span> 
     </span>
     <span class='ocr_line' id='line_1_23' title="bbox 98 2805 1284 2888; baseline -0.006 -15"><span class='ocrx_word' id='word_1_210' title='bbox 98 2814 157 2873; x_wconf 94' lang='lat' dir='ltr'>boc</span> <span class='ocrx_word' id='word_1_211' title='bbox 177 2826 309 2888; x_wconf 90' lang='lat' dir='ltr'>tantum,</span> <span class='ocrx_word' id='word_1_212' title='bbox 329 2813 412 2888; x_wconf 90' lang='lat' dir='ltr'>quod</span> <span class='ocrx_word' id='word_1_213' title='bbox 432 2809 501 2888; x_wconf 84' lang='lat' dir='ltr'>ipsu</span> <span class='ocrx_word' id='word_1_214' title='bbox 522 2810 580 2871; x_wconf 91' lang='lat' dir='ltr'>hoc</span> <span class='ocrx_word' id='word_1_215' title='bbox 598 2810 649 2881; x_wconf 86' lang='lat' dir='ltr'>jus</span> <span class='ocrx_word' id='word_1_216' title='bbox 669 2828 731 2871; x_wconf 93' lang='lat' dir='ltr'>non</span> <span class='ocrx_word' id='word_1_217' title='bbox 753 2809 888 2870; x_wconf 86' lang='lat' dir='ltr'>absolute</span> <span class='ocrx_word' id='word_1_218' title='bbox 909 2811 1118 2885; x_wconf 88' lang='lat' dir='ltr'>competebat,</span> <span class='ocrx_word' id='word_1_219' title='bbox 1139 2805 1284 2883; x_wconf 83' lang='lat' dir='ltr'>saepiffine</span> 
     </span>
     <span class='ocr_line' id='line_1_24' title="bbox 99 2918 1284 3003; baseline -0.003 -18"><span class='ocrx_word' id='word_1_220' title='bbox 99 2923 285 3003; x_wconf 86' lang='lat' dir='ltr'>aReligione</span> <span class='ocrx_word' id='word_1_221' title='bbox 305 2920 471 2998; x_wconf 85' lang='lat' dir='ltr'>descivisse,</span> <span class='ocrx_word' id='word_1_222' title='bbox 493 2938 610 2983; x_wconf 89' lang='lat' dir='ltr'>etcum</span> <span class='ocrx_word' id='word_1_223' title='bbox 632 2919 699 2997; x_wconf 78' lang='lat' dir='ltr'>ipsis</span> <span class='ocrx_word' id='word_1_224' title='bbox 721 2922 782 2981; x_wconf 87' lang='lat' dir='ltr'>sere</span> <span class='ocrx_word' id='word_1_225' title='bbox 804 2935 901 2982; x_wconf 86' lang='lat' dir='ltr'>totum</span> <span class='ocrx_word' id='word_1_226' title='bbox 922 2920 1079 2997; x_wconf 91' lang='lat' dir='ltr'>populum;</span> <span class='ocrx_word' id='word_1_227' title='bbox 1098 2918 1284 2996; x_wconf 85' lang='lat' dir='ltr'>quodetiam</span> 
     </span>
     <span class='ocr_line' id='line_1_25' title="bbox 99 3030 1286 3111; baseline -0.003 -14"><span class='ocrx_word' id='word_1_228' title='bbox 99 3036 131 3097; x_wconf 90' lang='lat' dir='ltr'>in</span> <span class='ocrx_word' id='word_1_229' title='bbox 151 3034 322 3096; x_wconf 83' lang='lat' dir='ltr'>Christianis</span> <span class='ocrx_word' id='word_1_230' title='bbox 343 3033 471 3111; x_wconf 88' lang='lat' dir='ltr'>imperiis</span> <span class='ocrx_word' id='word_1_231' title='bbox 493 3036 533 3094; x_wconf 93' lang='lat' dir='ltr'>ob</span> <span class='ocrx_word' id='word_1_232' title='bbox 555 3036 678 3095; x_wconf 88' lang='lat' dir='ltr'>eandem</span> <span class='ocrx_word' id='word_1_233' title='bbox 699 3031 813 3095; x_wconf 86' lang='lat' dir='ltr'>causam</span> <span class='ocrx_word' id='word_1_234' title='bbox 834 3032 979 3109; x_wconf 79' lang='lat' dir='ltr'>sepissime</span> <span class='ocrx_word' id='word_1_235' title='bbox 1001 3030 1152 3111; x_wconf 84' lang='lat' dir='ltr'>contigih&#39;e</span> <span class='ocrx_word' id='word_1_236' title='bbox 1164 3030 1286 3093; x_wconf 86' lang='lat' dir='ltr'>constat.</span> 
     </span>
     <span class='ocr_line' id='line_1_26' title="bbox 100 3140 1285 3227; baseline -0.003 -20"><span class='ocrx_word' id='word_1_237' title='bbox 100 3147 143 3207; x_wconf 85' lang='lat' dir='ltr'>At</span> <span class='ocrx_word' id='word_1_238' title='bbox 162 3144 211 3206; x_wconf 95' lang='lat' dir='ltr'>hic</span> <span class='ocrx_word' id='word_1_239' title='bbox 232 3142 328 3205; x_wconf 88' lang='lat' dir='ltr'>forsan</span> <span class='ocrx_word' id='word_1_240' title='bbox 349 3163 394 3205; x_wconf 89' lang='lat' dir='ltr'>me</span> <span class='ocrx_word' id='word_1_241' title='bbox 416 3144 521 3221; x_wconf 84' lang='lat' dir='ltr'>aliquis</span> <span class='ocrx_word' id='word_1_242' title='bbox 541 3145 674 3225; x_wconf 82' lang='lat' dir='ltr'>rogabit,</span> <span class='ocrx_word' id='word_1_243' title='bbox 692 3144 832 3227; x_wconf 84' lang='lat' dir='ltr'>Quisnam</span> <span class='ocrx_word' id='word_1_244' title='bbox 854 3143 981 3224; x_wconf 89' lang='lat' dir='ltr'>ergo,s1</span> <span class='ocrx_word' id='word_1_245' title='bbox 1003 3144 1040 3221; x_wconf 93' lang='lat' dir='ltr'>ii,</span> <span class='ocrx_word' id='word_1_246' title='bbox 1062 3144 1113 3221; x_wconf 89' lang='lat' dir='ltr'>qui</span> <span class='ocrx_word' id='word_1_247' title='bbox 1133 3140 1285 3217; x_wconf 88' lang='lat' dir='ltr'>imperium</span> 
     </span>
     <span class='ocr_line' id='line_1_27' title="bbox 99 3252 1284 3333; baseline -0.003 -14"><span class='ocrx_word' id='word_1_248' title='bbox 99 3272 219 3333; x_wconf 88' lang='lat' dir='ltr'>tenent,</span> <span class='ocrx_word' id='word_1_249' title='bbox 246 3256 329 3332; x_wconf 90' lang='lat' dir='ltr'>impii</span> <span class='ocrx_word' id='word_1_250' title='bbox 357 3255 413 3317; x_wconf 85' lang='lat' dir='ltr'>esse</span> <span class='ocrx_word' id='word_1_251' title='bbox 433 3257 545 3333; x_wconf 86' lang='lat' dir='ltr'>velint,</span> <span class='ocrx_word' id='word_1_252' title='bbox 572 3257 714 3333; x_wconf 89' lang='lat' dir='ltr'>pietatem</span> <span class='ocrx_word' id='word_1_253' title='bbox 738 3256 805 3333; x_wconf 86' lang='lat' dir='ltr'>jure</span> <span class='ocrx_word' id='word_1_254' title='bbox 827 3255 1015 3319; x_wconf 80' lang='lat' dir='ltr'>vindicabit?</span> <span class='ocrx_word' id='word_1_255' title='bbox 1044 3274 1080 3317; x_wconf 86' lang='lat' dir='ltr'>an</span> <span class='ocrx_word' id='word_1_256' title='bbox 1108 3271 1170 3316; x_wconf 89' lang='lat' dir='ltr'>tum</span> <span class='ocrx_word' id='word_1_257' title='bbox 1196 3252 1284 3316; x_wconf 89' lang='lat' dir='ltr'>etiam</span> 
     </span>
     <span class='ocr_line' id='line_1_28' title="bbox 100 3367 1284 3448; baseline -0.003 -17"><span class='ocrx_word' id='word_1_258' title='bbox 100 3370 187 3431; x_wconf 90' lang='lat' dir='ltr'>iidem</span> <span class='ocrx_word' id='word_1_259' title='bbox 208 3368 273 3446; x_wconf 85' lang='lat' dir='ltr'>ejus</span> <span class='ocrx_word' id='word_1_260' title='bbox 293 3369 467 3444; x_wconf 85' lang='lat' dir='ltr'>interpretes</span> <span class='ocrx_word' id='word_1_261' title='bbox 490 3368 616 3430; x_wconf 87' lang='lat' dir='ltr'>habendi</span> <span class='ocrx_word' id='word_1_262' title='bbox 638 3368 730 3429; x_wconf 79' lang='lat' dir='ltr'>sunt?</span> <span class='ocrx_word' id='word_1_263' title='bbox 751 3369 862 3429; x_wconf 89' lang='lat' dir='ltr'>Verum</span> <span class='ocrx_word' id='word_1_264' title='bbox 884 3386 939 3448; x_wconf 90' lang='lat' dir='ltr'>ego</span> <span class='ocrx_word' id='word_1_265' title='bbox 962 3370 1065 3429; x_wconf 73' lang='lat' dir='ltr'>contri</span> <span class='ocrx_word' id='word_1_266' title='bbox 1085 3367 1177 3445; x_wconf 90' lang='lat' dir='ltr'>ipsum</span> <span class='ocrx_word' id='word_1_267' title='bbox 1195 3384 1284 3446; x_wconf 91' lang='lat' dir='ltr'>rogo,</span> 
     </span>
     <span class='ocr_line' id='line_1_29' title="bbox 101 3479 1285 3565; baseline -0.003 -21"><span class='ocrx_word' id='word_1_268' title='bbox 101 3480 197 3565; x_wconf 89' lang='lat' dir='ltr'>Quid,</span> <span class='ocrx_word' id='word_1_269' title='bbox 217 3481 239 3542; x_wconf 84' lang='lat' dir='ltr'>st</span> <span class='ocrx_word' id='word_1_270' title='bbox 258 3480 451 3542; x_wconf 84' lang='lat' dir='ltr'>Ecclesrastici</span> <span class='ocrx_word' id='word_1_271' title='bbox 472 3481 538 3561; x_wconf 90' lang='lat' dir='ltr'>(qui</span> <span class='ocrx_word' id='word_1_272' title='bbox 559 3481 647 3542; x_wconf 89' lang='lat' dir='ltr'>etiam</span> <span class='ocrx_word' id='word_1_273' title='bbox 667 3482 801 3542; x_wconf 89' lang='lat' dir='ltr'>homines</span> <span class='ocrx_word' id='word_1_274' title='bbox 823 3482 941 3542; x_wconf 90' lang='lat' dir='ltr'>suntet</span> <span class='ocrx_word' id='word_1_275' title='bbox 962 3480 1084 3557; x_wconf 86' lang='lat' dir='ltr'>privati,</span> <span class='ocrx_word' id='word_1_276' title='bbox 1106 3480 1213 3558; x_wconf 87' lang='lat' dir='ltr'>quibus</span> <span class='ocrx_word' id='word_1_277' title='bbox 1234 3479 1285 3541; x_wconf 86' lang='lat' dir='ltr'>sua</span> 
     </span>
     <span class='ocr_line' id='line_1_30' title="bbox 102 3589 1286 3674; baseline -0.007 -17"><span class='ocrx_word' id='word_1_278' title='bbox 102 3611 215 3657; x_wconf 88' lang='lat' dir='ltr'>tanturn</span> <span class='ocrx_word' id='word_1_279' title='bbox 236 3594 355 3674; x_wconf 87' lang='lat' dir='ltr'>negotia</span> <span class='ocrx_word' id='word_1_280' title='bbox 377 3612 477 3655; x_wconf 90' lang='lat' dir='ltr'>curare</span> <span class='ocrx_word' id='word_1_281' title='bbox 498 3593 656 3673; x_wconf 90' lang='lat' dir='ltr'>incumbit)</span> <span class='ocrx_word' id='word_1_282' title='bbox 663 3594 732 3669; x_wconf 87' lang='lat' dir='ltr'>,vel</span> <span class='ocrx_word' id='word_1_283' title='bbox 754 3592 816 3669; x_wconf 85' lang='lat' dir='ltr'>alii,</span> <span class='ocrx_word' id='word_1_284' title='bbox 837 3611 927 3669; x_wconf 90' lang='lat' dir='ltr'>penes</span> <span class='ocrx_word' id='word_1_285' title='bbox 948 3610 1025 3669; x_wconf 88' lang='lat' dir='ltr'>quos</span> <span class='ocrx_word' id='word_1_286' title='bbox 1041 3591 1091 3668; x_wconf 89' lang='lat' dir='ltr'>jus</span> <span class='ocrx_word' id='word_1_287' title='bbox 1112 3592 1187 3652; x_wconf 88' lang='lat' dir='ltr'>circa</span> <span class='ocrx_word' id='word_1_288' title='bbox 1208 3589 1286 3651; x_wconf 83' lang='lat' dir='ltr'>sacra</span> 
     </span>
     <span class='ocr_line' id='line_1_31' title="bbox 103 3703 1286 3784; baseline -0.004 -15"><span class='ocrx_word' id='word_1_289' title='bbox 103 3708 158 3769; x_wconf 88' lang='lat' dir='ltr'>esse</span> <span class='ocrx_word' id='word_1_290' title='bbox 178 3710 259 3784; x_wconf 85' lang='lat' dir='ltr'>vuit,</span> <span class='ocrx_word' id='word_1_291' title='bbox 280 3707 362 3784; x_wconf 88' lang='lat' dir='ltr'>impii</span> <span class='ocrx_word' id='word_1_292' title='bbox 380 3706 435 3768; x_wconf 85' lang='lat' dir='ltr'>esse</span> <span class='ocrx_word' id='word_1_293' title='bbox 453 3707 562 3783; x_wconf 88' lang='lat' dir='ltr'>velint;</span> <span class='ocrx_word' id='word_1_294' title='bbox 580 3727 617 3769; x_wconf 90' lang='lat' dir='ltr'>an</span> <span class='ocrx_word' id='word_1_295' title='bbox 635 3722 696 3768; x_wconf 89' lang='lat' dir='ltr'>tum</span> <span class='ocrx_word' id='word_1_296' title='bbox 715 3708 804 3767; x_wconf 89' lang='lat' dir='ltr'>etiam</span> <span class='ocrx_word' id='word_1_297' title='bbox 822 3705 948 3784; x_wconf 89' lang='lat' dir='ltr'>ejusdem</span> <span class='ocrx_word' id='word_1_298' title='bbox 966 3707 1140 3783; x_wconf 88' lang='lat' dir='ltr'>interpretes</span> <span class='ocrx_word' id='word_1_299' title='bbox 1159 3703 1286 3765; x_wconf 91' lang='lat' dir='ltr'>habendi</span> 
     </span>
     <span class='ocr_line' id='line_1_32' title="bbox 104 3808 1286 3897; baseline -0.003 -16"><span class='ocrx_word' id='word_1_300' title='bbox 104 3820 191 3881; x_wconf 77' lang='lat' dir='ltr'>sunt?</span> <span class='ocrx_word' id='word_1_301' title='bbox 222 3819 343 3881; x_wconf 89' lang='lat' dir='ltr'>Certum</span> <span class='ocrx_word' id='word_1_302' title='bbox 375 3808 492 3897; x_wconf 79' lang='lat' dir='ltr'>quidem</span> <span class='ocrx_word' id='word_1_303' title='bbox 521 3812 579 3896; x_wconf 82' lang='lat' dir='ltr'>esi,</span> <span class='ocrx_word' id='word_1_304' title='bbox 606 3821 708 3897; x_wconf 91' lang='lat' dir='ltr'>quod,</span> <span class='ocrx_word' id='word_1_305' title='bbox 729 3818 751 3879; x_wconf 85' lang='lat' dir='ltr'>sr</span> <span class='ocrx_word' id='word_1_306' title='bbox 772 3818 810 3894; x_wconf 90' lang='lat' dir='ltr'>ii,</span> <span class='ocrx_word' id='word_1_307' title='bbox 831 3818 882 3895; x_wconf 89' lang='lat' dir='ltr'>qui</span> <span class='ocrx_word' id='word_1_308' title='bbox 909 3818 1059 3895; x_wconf 88' lang='lat' dir='ltr'>imperium</span> <span class='ocrx_word' id='word_1_309' title='bbox 1089 3832 1208 3893; x_wconf 90' lang='lat' dir='ltr'>tenent,</span> <span class='ocrx_word' id='word_1_310' title='bbox 1228 3834 1286 3893; x_wconf 88' lang='lat' dir='ltr'>qua</span> 
     </span>
     <span class='ocr_line' id='line_1_33' title="bbox 101 3929 1286 4011; baseline -0.005 -14"><span class='ocrx_word' id='word_1_311' title='bbox 101 3934 200 4011; x_wconf 87' lang='lat' dir='ltr'>juvat,</span> <span class='ocrx_word' id='word_1_312' title='bbox 220 3933 261 3993; x_wconf 89' lang='lat' dir='ltr'>ire</span> <span class='ocrx_word' id='word_1_313' title='bbox 281 3934 391 4009; x_wconf 82' lang='lat' dir='ltr'>velint,</span> <span class='ocrx_word' id='word_1_314' title='bbox 411 3931 472 3996; x_wconf 88' lang='lat' dir='ltr'>srve</span> <span class='ocrx_word' id='word_1_315' title='bbox 489 3932 539 4010; x_wconf 86' lang='lat' dir='ltr'>jus</span> <span class='ocrx_word' id='word_1_316' title='bbox 561 3932 636 3993; x_wconf 91' lang='lat' dir='ltr'>circa</span> <span class='ocrx_word' id='word_1_317' title='bbox 657 3932 735 3993; x_wconf 89' lang='lat' dir='ltr'>sacra</span> <span class='ocrx_word' id='word_1_318' title='bbox 755 3930 883 3992; x_wconf 91' lang='lat' dir='ltr'>habeant</span> <span class='ocrx_word' id='word_1_319' title='bbox 903 3929 963 3994; x_wconf 87' lang='lat' dir='ltr'>five</span> <span class='ocrx_word' id='word_1_320' title='bbox 984 3930 1094 4005; x_wconf 88' lang='lat' dir='ltr'>minus,</span> <span class='ocrx_word' id='word_1_321' title='bbox 1114 3930 1210 3991; x_wconf 88' lang='lat' dir='ltr'>omnia</span> <span class='ocrx_word' id='word_1_322' title='bbox 1228 3946 1286 3991; x_wconf 87' lang='lat' dir='ltr'>tam</span> 
     </span>
     <span class='ocr_line' id='line_1_34' title="bbox 105 4040 1286 4120; baseline -0.001 -16"><span class='ocrx_word' id='word_1_323' title='bbox 105 4044 178 4105; x_wconf 86' lang='lat' dir='ltr'>sacra</span> <span class='ocrx_word' id='word_1_324' title='bbox 205 4062 291 4120; x_wconf 89' lang='lat' dir='ltr'>quam</span> <span class='ocrx_word' id='word_1_325' title='bbox 319 4045 441 4120; x_wconf 87' lang='lat' dir='ltr'>profana</span> <span class='ocrx_word' id='word_1_326' title='bbox 469 4044 500 4105; x_wconf 93' lang='lat' dir='ltr'>in</span> <span class='ocrx_word' id='word_1_327' title='bbox 529 4043 659 4105; x_wconf 84' lang='lat' dir='ltr'>deterius</span> <span class='ocrx_word' id='word_1_328' title='bbox 685 4057 789 4120; x_wconf 85' lang='lat' dir='ltr'>ruenr;</span> <span class='ocrx_word' id='word_1_329' title='bbox 817 4057 848 4103; x_wconf 89' lang='lat' dir='ltr'>et</span> <span class='ocrx_word' id='word_1_330' title='bbox 875 4042 963 4119; x_wconf 88' lang='lat' dir='ltr'>longe</span> <span class='ocrx_word' id='word_1_331' title='bbox 991 4040 1136 4117; x_wconf 85' lang='lat' dir='ltr'>citius,s1</span> <span class='ocrx_word' id='word_1_332' title='bbox 1159 4040 1209 4117; x_wconf 91' lang='lat' dir='ltr'>qui</span> <span class='ocrx_word' id='word_1_333' title='bbox 1231 4040 1286 4103; x_wconf 91' lang='lat' dir='ltr'>viri</span> 
     </span>
     <span class='ocr_line' id='line_1_35' title="bbox 106 4152 1283 4237; baseline -0.003 -20"><span class='ocrx_word' id='word_1_334' title='bbox 106 4156 210 4233; x_wconf 81' lang='lat' dir='ltr'>privati</span> <span class='ocrx_word' id='word_1_335' title='bbox 229 4154 366 4217; x_wconf 88' lang='lat' dir='ltr'>seditiose</span> <span class='ocrx_word' id='word_1_336' title='bbox 384 4155 434 4233; x_wconf 79' lang='lat' dir='ltr'>jus</span> <span class='ocrx_word' id='word_1_337' title='bbox 454 4156 588 4219; x_wconf 89' lang='lat' dir='ltr'>divinum</span> <span class='ocrx_word' id='word_1_338' title='bbox 608 4156 757 4219; x_wconf 81' lang='lat' dir='ltr'>vindicare</span> <span class='ocrx_word' id='word_1_339' title='bbox 780 4154 882 4219; x_wconf 88' lang='lat' dir='ltr'>velint.</span> <span class='ocrx_word' id='word_1_340' title='bbox 904 4155 1091 4237; x_wconf 88' lang='lat' dir='ltr'>Quapropter</span> <span class='ocrx_word' id='word_1_341' title='bbox 1108 4152 1166 4214; x_wconf 90' lang='lat' dir='ltr'>hoc</span> <span class='ocrx_word' id='word_1_342' title='bbox 1184 4152 1283 4215; x_wconf 88' lang='lat' dir='ltr'>iisdem</span> 
     </span>
     <span class='ocr_line' id='line_1_36' title="bbox 103 4264 1285 4353; baseline -0.004 -22"><span class='ocrx_word' id='word_1_343' title='bbox 103 4270 149 4351; x_wconf 88' lang='lat' dir='ltr'>jus</span> <span class='ocrx_word' id='word_1_344' title='bbox 174 4271 347 4353; x_wconf 86' lang='lat' dir='ltr'>denegando</span> <span class='ocrx_word' id='word_1_345' title='bbox 375 4267 447 4334; x_wconf 85' lang='lat' dir='ltr'>nihil</span> <span class='ocrx_word' id='word_1_346' title='bbox 477 4268 610 4335; x_wconf 81' lang='lat' dir='ltr'>absolute</span> <span class='ocrx_word' id='word_1_347' title='bbox 639 4282 848 4347; x_wconf 85' lang='lat' dir='ltr'>promovetur,</span> <span class='ocrx_word' id='word_1_348' title='bbox 876 4266 926 4329; x_wconf 91' lang='lat' dir='ltr'>sed</span> <span class='ocrx_word' id='word_1_349' title='bbox 946 4281 1049 4330; x_wconf 84' lang='lat' dir='ltr'>contra</span> <span class='ocrx_word' id='word_1_350' title='bbox 1070 4266 1174 4329; x_wconf 86' lang='lat' dir='ltr'>malum</span> <span class='ocrx_word' id='word_1_351' title='bbox 1197 4264 1285 4348; x_wconf 82' lang='lat' dir='ltr'>tnagis</span> 
     </span>
    </p>
   </div>
   <div class='ocr_carea' id='block_1_3' title="bbox 0 0 1491 4900">
    <p class='ocr_par' dir='ltr' id='par_1_3' title="bbox 0 0 1491 4900">
     <span class='ocr_line' id='line_1_37' title="bbox 0 0 1491 4900; baseline 0 0"><span class='ocrx_word' id='word_1_352' title='bbox 0 0 1491 4900; x_wconf 95' lang='lat' dir='ltr'> </span> 
     </span>
    </p>
   </div>
  </div>
 </body>
</html>
