2934 4900
352 329 999 411 Theologico·PoliticiCap.ll.
1211 342 1268 403 397

92 522 217 568 eatenus
243 505 297 567 esse
324 508 501 585 elegantem,
521 486 777 581 compendiosum,
807 504 953 579 severum,
973 505 1088 579 rudem,
1111 502 1272 578 prolixum,

92 634 125 678 et
147 617 311 679 obscurum.

135 730 421 806 Repraesentationes
458 730 639 807 propheticae
682 746 712 789 ct
751 729 988 807 hieroglyphica,
1027 728 1159 805 quamvis
1198 726 1272 787 idem

91 842 303 920 significarent,
331 843 481 905 variabant
502 858 615 918 tamen;
637 860 702 903 nam
722 842 815 902 Esaiae
838 842 920 902 aliter
941 842 996 902 Dei
1018 842 1108 920 gloria
1135 842 1274 917 templum

92 956 261 1031 relinquens
281 955 485 1032 repraesentata
505 956 685 1035 suit„quam
706 954 864 1015 Ezechieli.
898 954 1007 1015 Rabini
1035 970 1131 1015 autem
1156 956 1274 1029 volunt,

93 1084 249 1145 utramque
269 1068 553 1144 repraesentationem
574 1070 693 1163 eandem
714 1066 831 1142 prorsus
854 1065 952 1142 fuisse,
973 1082 1002 1127 at
1023 1066 1222 1141 Ezechielem,
1241 1082 1274 1127 ut

93 1182 248 1256 rusticum,
269 1199 331 1241 eam
352 1181 436 1257 supra
464 1183 583 1241 modum
610 1179 742 1240 miratum
764 1177 865 1253 fuisse,
885 1194 915 1239 et
937 1178 1004 1239 idco
1028 1178 1116 1254 ipsam
1138 1178 1274 1239 omnibus

94 1292 315 1353 circumstantiis
346 1291 532 1367 enarravisse3
563 1308 704 1365 attamen,
736 1290 788 1351 nisa
820 1290 883 1366 ejus
915 1292 956 1350 rei
985 1306 1090 1351 certam
1111 1290 1274 1350 habuerunt

94 1404 300 1480 traditionem,
330 1408 412 1481 quod
442 1404 557 1464 minime
588 1407 694 1479 credo,
723 1422 782 1463 rem
814 1405 899 1478 plane
926 1404 1051 1481 fingunt.
1080 1404 1155 1461 Nam
1175 1400 1274 1461 Esaias

93 1516 269 1591 Seraphines
300 1516 377 1576 senis
407 1516 475 1589 alis,
513 1515 651 1575 Ezechiel
682 1519 754 1577 vitro
785 1514 889 1575 bestias
921 1514 1070 1591 quaternis
1100 1514 1152 1574 alis
1184 1513 1273 1587 vidit;

94 1626 196 1688 Esaias
227 1626 302 1689 vidit
332 1628 427 1688 Deum
458 1627 594 1689 vestitum
626 1643 656 1687 et
687 1626 717 1686 in
749 1626 823 1687 solio
852 1626 933 1705 regio
955 1628 1117 1700 sedentem,
1139 1624 1275 1684 Ezechiel

95 1754 192 1799 autem
226 1738 311 1799 instar
340 1739 432 1816 ignis;
463 1754 587 1815 uterque
618 1738 676 1799 fine
708 1738 800 1798 dubio
829 1740 924 1798 Deum
955 1736 1031 1800 vidit
1063 1752 1153 1813 prout
1183 1736 1275 1811 ipsum
1324 1710 1331 1725 ⁹

93 1850 243 1929 imaginari
274 1851 395 1910 solebat.
427 1850 586 1911 Variabant
618 1866 757 1925 praetcrea
789 1849 1060 1925 repraesentationes
1093 1867 1152 1909 non
1185 1850 1273 1908 modo

94 1978 227 2036 tantum,
257 1961 306 2022 sed
337 1962 423 2023 etiam
455 1960 678 2038 perspicuitate;
719 1980 783 2021 nam
822 1961 1094 2037 repraesentationes
1128 1959 1275 2021 Zachariae

96 2074 279 2134 obscuriores
311 2088 409 2148 erant,
440 2092 526 2150 quam
557 2088 591 2134 ut
621 2076 657 2133 ab
690 2074 754 2148 ipso
787 2072 894 2149 absque
933 2071 1131 2149 explicatione
1163 2069 1276 2147 possent

96 2185 237 2265 intelligi,
268 2200 302 2246 ut
332 2204 370 2245 ex
401 2184 523 2259 ipsarum
554 2185 720 2246 narratione
753 2186 882 2261 constat;
912 2183 1042 2246 Danidlis
1072 2198 1168 2244 autem
1191 2182 1277 2242 etiam

96 2299 251 2373 explicata
282 2314 336 2356 nec
367 2298 403 2357 ab
434 2274 498 2372 ipso
530 2298 679 2373 Propheta
710 2313 873 2373 potuerunt
895 2296 1027 2375 intelligi.
1048 2296 1139 2377 Quod
1160 2295 1277 2371 quidem

96 2430 158 2472 non
190 2410 316 2490 contigit
346 2424 468 2486 propter
499 2410 538 2471 rei
570 2412 732 2474 revelanda
766 2410 964 2472 difficultatem
1003 2410 1054 2488 (de
1085 2411 1172 2470 rebus
1203 2408 1278 2470 enim

94 2525 230 2586 humanis
256 2539 369 2585 tantum
397 2526 546 2602 agebatur,
572 2543 639 2601 quae
669 2524 789 2601 quidem
817 2523 924 2584 limites
952 2524 1084 2584 humanae
1106 2522 1278 2598 capacitatis

96 2655 158 2696 urna
190 2639 353 2710 excedunt,
382 2636 434 2697 nisi
465 2636 534 2712 quia
565 2639 671 2700 futurae
702 2637 804 2715 sunt),
835 2636 884 2698 sed
915 2651 1028 2697 tantum
1059 2636 1127 2712 quia
1149 2635 1279 2696 Danielis

96 2746 267 2826 imaginatio
298 2766 358 2808 non
390 2767 473 2824 aeque
503 2751 623 2810 valebat
656 2751 691 2810 ad
729 2749 965 2824 prophetandum
1003 2747 1153 2826 vigilando
1185 2765 1218 2806 ac
1250 2746 1279 2806 in

101 2857 226 2934 somnis;
247 2861 329 2935 quod
350 2861 466 2935 quidem
488 2860 556 2922 inde
577 2877 713 2937 apparet,
735 2863 816 2936 quod
837 2860 931 2920 statim
952 2860 982 2920 in
994 2858 1080 2919 initio
1092 2857 1280 2920 revelationis

101 2971 142 3030 ita
164 2970 334 3045 perterritus
354 2970 428 3045 fuit,
449 2987 483 3032 ut
505 2973 564 3032 fere
585 2974 620 3033 de
642 2971 700 3032 suis
721 2971 833 3034 viribus
855 2970 1027 3046 desperaret.
1048 2971 1145 3052 Quare
1161 2984 1282 3044 propter

102 3081 318 3161 imaginationis
349 3097 379 3143 et
410 3083 515 3145 virium
546 3083 776 3145 imbecillitatem
807 3101 852 3144 res
883 3083 934 3158 ipsi
966 3085 1121 3144 admodum
1153 3080 1281 3142 obscurae

102 3195 314 3270 repraesentata
335 3195 471 3273 fuerunt,
499 3215 595 3273 neque
624 3215 673 3257 eas
695 3197 782 3258 etiam
811 3195 971 3272 explicatas
992 3194 1151 3273 intelligere
1173 3192 1281 3269 potuit.

102 3307 142 3366 Et
169 3307 217 3367 hic
248 3310 425 3384 notandum,
455 3310 545 3370 verba
576 3329 592 3368 a
623 3308 747 3369 Daniele
778 3307 878 3370 audita
910 3307 958 3384 (ut
985 3306 1070 3382 supra
1092 3305 1282 3383 ostendimus)
1337 3305 1339 3310 ’

103 3418 269 3497 imaginaria
297 3435 410 3480 tantum
440 3419 539 3496 fuisse;
560 3439 648 3496 quare
670 3439 731 3482 non
753 3420 854 3481 mirum
877 3436 939 3495 est,
961 3420 1039 3482 illurn
1061 3435 1122 3481 tum
1144 3419 1284 3495 temporis

105 3532 304 3605 perturbatum
334 3531 430 3592 omnia
458 3529 505 3590 illa
533 3534 622 3594 verba
650 3535 725 3593 adeo
755 3531 874 3593 confuse
903 3547 933 3592 et
954 3531 1076 3592 obscure
1097 3530 1284 3609 imaginatum

106 3642 210 3718 fuisse,
247 3658 281 3703 ut
319 3642 391 3703 nihil
429 3662 467 3703 ex
505 3643 540 3704 iis
577 3660 682 3720 postea
720 3645 880 3723 intelligere
920 3644 1060 3720 potuerit.
1099 3643 1158 3726 Qui
1189 3657 1284 3704 autem

106 3753 224 3828 dicunt,
253 3755 348 3815 Deum
379 3754 499 3816 noluisse
529 3755 645 3817 Danieli
684 3776 743 3818 rem
776 3759 850 3818 clare
882 3759 1027 3831 revelare,
1058 3755 1195 3820 videntur
1225 3775 1284 3816 non

106 3864 201 3943 legisse
233 3869 321 3929 verba
352 3868 475 3947 Angeli,
507 3868 558 3945 qui
589 3868 716 3946 expresse
750 3869 824 3930 dixit
856 3869 939 3948 (vide
967 3889 1030 3946 cap.
1063 3885 1107 3928 10.
1135 3867 1176 3930 vs.
1208 3869 1286 3946 14),

101 3978 275 4056 sercemffe,
296 3987 330 4038 ut
348 3982 497 4040 Danielem
517 3983 676 4057 intelligere
688 3981 820 4058 faceres,
841 3986 912 4060 quid
923 3985 979 4058 sua
996 3983 1097 4060 populo
1117 3985 1148 4038 in
1165 3980 1285 4058 posteri·

108 4102 168 4148 tate
198 4091 309 4150 dierum
340 4096 523 4168 contingeret.
554 4094 651 4175 Quare
682 4112 729 4154 res
759 4094 813 4154 illae
846 4092 974 4154 obscurae
1006 4090 1186 4166 manserunt,
1218 4089 1286 4166 quia

108 4201 205 4262 nullus
233 4217 295 4264 turn
318 4203 458 4280 temporis
486 4204 699 4281 reperiebatur,
727 4205 779 4282 qui
807 4219 920 4266 tantum
942 4201 1157 4282 imaginationis
1177 4201 1287 4264 virttue

111 4315 251 4391 polleret,
272 4329 305 4376 ut
326 4314 378 4390 ipsi
400 4316 504 4377 clarius
532 4316 652 4380 revelari
680 4315 803 4392 posent.
831 4315 966 4392 Denique
988 4314 1158 4390 Prophetae,
1180 4311 1287 4388 quibus
