2934 4900
247 330 305 403 30⁶
602 328 841 387 Tractatus
881 324 1068 387 Politice

245 523 314 581 cos,
342 505 449 581 quibus
476 505 553 567 suam
581 520 610 566 et
638 504 767 566 omnium
794 504 913 566 salutem
942 503 1115 581 committit;
1137 504 1179 563 ita
1200 518 1235 563 ut
1254 501 1430 578 imperium,

245 620 326 694 quod
347 617 479 679 absolute
500 618 720 679 Monarchicum
742 616 797 678 elle
817 618 961 691 creditur,
982 616 1017 677 fit
1038 634 1137 679 revera
1158 614 1187 675 in
1210 614 1293 690 praxi
1314 614 1433 674 Aristo·

245 729 399 805 craticum;
420 748 480 789 non
502 728 619 807 quidem
639 728 837 804 manifestum,
855 700 904 791 sed
924 731 1034 804 latens,
1051 745 1081 790 et
1099 744 1255 805 propterea
1272 727 1435 802 pessimum.

245 841 294 902 Ad
322 842 403 917 quod
431 840 561 917 accedit,
590 844 672 918 quod
700 844 784 917 Rex,
810 860 899 918 puer,
921 860 1011 920 aeger,
1033 857 1084 903 aut
1104 841 1253 902 senestute
1273 855 1436 918 gravatus,

247 952 377 1029 precario
407 971 457 1013 rex
489 952 543 1029 sit,
575 954 624 1015 sed
655 954 675 1013 ii
697 971 797 1015 revera
829 953 964 1015 summam
997 954 1170 1029 potestatem
1202 952 1347 1027 habeant,
1379 949 1434 1025 qui

245 1065 353 1126 summa
380 1064 492 1141 imperii
520 1066 639 1145 negotia
667 1064 880 1143 administrant,
903 1069 950 1129 vel
974 1065 1025 1144 qui
1046 1066 1122 1145 Regi
1143 1064 1210 1127 sunt
1230 1063 1376 1140 proximi;
1401 1080 1435 1121 ιιι

241 1176 300 1253 jam
332 1191 460 1253 taceam,
491 1180 572 1255 quod
603 1181 686 1254 Rex,
717 1178 834 1240 libidini
857 1178 1025 1255 obnoxius,
1047 1178 1144 1239 omnia
1164 1177 1241 1253 saepe
1262 1178 1435 1237 moderetur

245 1308 282 1351 ex
301 1290 422 1352 libidine
443 1290 530 1351 unius
550 1306 601 1351 aut
622 1289 742 1351 alterius
770 1290 882 1366 pellicis
909 1308 960 1352 aut
979 1290 1095 1352 cinaedi.
1136 1289 1310 1363 Audieram,
1332 1286 1434 1363 inquit

245 1402 376 1478 Orsines,
397 1402 426 1463 in
447 1404 514 1463 Asta
536 1402 605 1463 olim
625 1402 750 1482 regnasse
770 1403 922 1481 foeminas;
942 1404 1000 1464 boc
1022 1422 1093 1466 vero
1113 1422 1224 1466 novum
1242 1402 1435 1481 est,regnare

243 1516 411 1576 castratum:
433 1514 555 1576 Curtius
574 1515 624 1575 lib.
645 1515 682 1575 X.
705 1514 780 1592 Cap.
804 1532 831 1576 1.

285 1627 311 1707 §.
332 1628 386 1688 Vl.
426 1627 476 1687 Est
512 1642 652 1703 praeterea
686 1628 745 1688 hoc
776 1644 906 1705 certum,
937 1631 1019 1705 quod
1052 1628 1167 1690 Civitas
1199 1629 1309 1703 semper
1339 1626 1435 1705 magis

242 1755 364 1817 propter
383 1738 464 1802 cives
486 1758 572 1815 quarn
594 1754 714 1815 propter
733 1739 832 1800 hostes
853 1740 1050 1815 periclitetur:
1072 1739 1125 1801 rari
1148 1740 1258 1817 quippe
1278 1739 1362 1799 boni.
1385 1740 1433 1797 Ex

243 1868 305 1929 quo
336 1850 481 1927 sequitur,
512 1852 593 1927 quod
621 1850 663 1927 is,
692 1851 722 1911 in
752 1870 839 1927 quem
867 1867 964 1913 totum
990 1852 1107 1928 Imperii
1124 1853 1188 1932 ·Jus
1216 1853 1344 1912 delatum
1374 1849 1433 1919 eil,

244 1963 335 2043 magis
355 1962 435 2025 cives
456 1981 542 2038 quam
563 1963 660 2025 hostes
682 1964 792 2040 semper
809 1964 939 2040 timebit,
957 1980 987 2025 et
1005 1965 1219 2041 consequenter
1236 1963 1288 2023 sibi
1306 1982 1434 2035 cavere,

244 2091 274 2137 et
294 2074 418 2136 subditis
440 2093 499 2135 non
521 2076 688 2151 consulere,
715 2075 765 2137 sed
787 2075 911 2137 insidiari
933 2077 1105 2154 conabitur,
1133 2076 1170 2137 iis
1192 2075 1357 2152 praecipue,
1379 2074 1431 2151 qui

244 2186 384 2261 sapientia
406 2185 489 2261 clari,
510 2188 558 2249 vel
579 2186 692 2249 divitiis
715 2188 902 2263 potentiores
924 2189 1000 2250 sunt.

284 2297 399 2377 §.Vll
439 2298 565 2359 Accedit
591 2314 747 2376 praeterea,
776 2304 858 2377 quod
885 2304 985 2381 Reges
1012 2302 1089 2363 filios
1116 2302 1203 2362 etiam
1231 2302 1299 2376 plus
1324 2300 1428 2360 timent

245 2426 330 2485 quam
357 2422 470 2484 aurant,
497 2423 527 2471 et
555 2426 591 2470 eo
620 2410 726 2490 magis,
755 2430 816 2488 quo
842 2412 923 2490 pacis
944 2413 1072 2491 bellique
1094 2430 1171 2476 artes
1192 2412 1283 2492 magis
1304 2414 1430 2485 callent,

245 2535 275 2580 et
296 2519 419 2582 subditis
440 2522 479 2580 ob
501 2521 627 2584 virtutes
649 2522 815 2586 diledliores
836 2525 911 2586 sunt.
933 2529 1022 2588 Unde
1043 2529 1091 2602 fit,
1120 2545 1153 2589 ut
1171 2545 1224 2588 eos
1241 2527 1284 2587 ita
1302 2530 1426 2587 educare

243 2629 394 2707 studeant,
421 2644 455 2690 ut
482 2629 565 2691 causa
594 2630 715 2693 timendi
744 2632 825 2694 absrt.
868 2636 934 2716 Qua
956 2635 986 2695 in
1007 2655 1037 2696 re
1059 2636 1192 2698 officiarii
1222 2636 1427 2713 promptillime

244 2743 321 2822 Regi
341 2743 559 2820 obsequuntur,
587 2760 617 2805 ct
646 2745 771 2808 studium
792 2747 974 2810 adhibebunt
995 2747 1134 2810 summum
1141 2794 1151 2825 ,
1172 2765 1206 2810 ut
1227 2751 1342 2827 Regem
1363 2747 1426 2808 suc-

245 2855 380 2917 cessorem
400 2859 500 2918 rudem
521 2857 664 2934 habeant,
686 2877 772 2936 quem
794 2876 854 2920 arte
877 2862 997 2921 tradate
1017 2862 1132 2937 possint.

285 2967 312 3048 §.
334 2968 414 3028 Vlll.
454 2969 501 3028 Ex
522 2968 630 3045 quibus
651 2970 788 3031 omnibus
809 2970 949 3048 sequitur,
970 2974 1082 3052 Regem
1103 2991 1140 3033 eo
1160 2972 1254 3034 minus
1271 2971 1315 3033 sui
1332 2971 1428 3052 juris,

246 3093 275 3138 et
296 3077 477 3140 subditorum
505 3078 707 3142 conditionem
736 3101 774 3142 eo
802 3083 977 3144 miseriorem
1005 3083 1078 3159 else,
1100 3102 1161 3161 quo
1182 3083 1272 3162 magis
1294 3082 1427 3144 absolute

246 3191 385 3255 Civitatis
411 3193 465 3272 Jus
486 3191 516 3252 in
537 3195 661 3255 eundem
688 3195 878 3270 transfertur;
900 3213 988 3272 atque
1010 3198 1084 3257 adeo
1106 3195 1217 3256 necesse
1238 3196 1295 3272 est,
1317 3197 1355 3256 ad
1377 3195 1428 3254 im·

246 3304 357 3381 perium
387 3304 609 3366 Monarchicum
641 3305 695 3366 rite
726 3305 949 3381 stabiliendum,
985 3307 1175 3367 fundamenta
1202 3305 1300 3382 jacere
1331 3306 1432 3376 firma,

246 3416 355 3493 quibus
374 3417 599 3494 superstruatur:
631 3437 667 3478 ex
696 3419 805 3496 quibus
825 3419 996 3480 Monarcbae
1018 3419 1175 3496 securitas,
1196 3433 1227 3480 et
1248 3417 1430 3479 multitudini

246 3549 305 3605 pax
332 3529 484 3606 sequatur3
513 3548 546 3589 ae
574 3530 712 3606 proinde,
743 3546 778 3592 ut
805 3530 968 3592 Monarcha
994 3547 1058 3592 tum
1080 3531 1201 3592 maxime
1223 3529 1359 3606 suijuris
1380 3530 1431 3603 sit,

246 3659 311 3701 cunr
338 3640 461 3700 maxime
488 3640 685 3702 multitudinis
713 3642 799 3704 saluti
827 3642 964 3704 consulit.
1005 3644 1147 3725 Quanam
1172 3658 1269 3704 autem
1290 3642 1354 3702 baec
1375 3644 1429 3701 lm-

247 3751 319 3828 perii
349 3751 533 3812 Monarchici
566 3753 756 3815 fundamenta
786 3753 858 3830 srnt,
890 3754 1013 3832 primum
1044 3755 1173 3819 breviter
1200 3771 1380 3830 proponam,
1401 3767 1429 3812 et

247 3863 353 3924 deinde
374 3863 476 3926 ordine
498 3883 531 3925 ca
554 3866 712 3928 ostendam.

288 3973 315 4054 §.
336 3973 386 4035 lX.
428 3977 508 4036 Urbs
530 3994 587 4036 una
608 3993 660 4038 aut
682 3979 779 4052 plures
799 3981 962 4040 condenda
984 3994 1014 4040 et
1035 3977 1198 4040 muniendae
1217 3976 1428 4053 sunt‚quarum

248 4104 350 4148 omlnes
381 4084 477 4164 cives,
508 4086 567 4150 five
596 4087 618 4149 ii
646 4089 720 4150 intra
750 4089 872 4165 moenia,
900 4088 959 4154 sive
981 4107 1065 4152 extra
1084 4104 1207 4166 propter
1227 4071 1428 4168 agriculturam

248 4197 400 4272 habitent,
427 4200 530 4258 codem
559 4198 700 4261 Civitatis
723 4199 790 4275 jure
818 4203 981 4279 gaudeant;
1010 4221 1044 4262 ea
1070 4217 1168 4262 tamen
1188 4201 1379 4276 conditione,
1398 4215 1428 4260 ut

250 4327 433 4384 unaquaque
455 4325 565 4371 cerrum
587 4312 695 4376 civium
716 4331 866 4374 numerum
881 4317 918 4374 ad
934 4315 978 4375 sui
994 4331 1024 4376 et
1040 4333 1221 4376 communem
1236 4314 1425 4376 defensionen
