2934 4900
217 333 274 408 358
575 332 817 392 Tractatus
858 330 1046 391 Politici

216 510 301 583 here,
322 522 352 569 et
373 509 587 585 consequenter
607 506 760 584 imperium
788 507 937 569 beneficiis
959 507 1049 587 magis
1070 526 1156 584 quam
1178 523 1259 569 metu
1280 508 1414 587 agitare,

214 621 356 697 suumque
383 638 532 681 numerum
561 637 682 699 augere:
712 619 823 697 quippe
852 638 912 697 quo
940 621 1039 695 plures
1067 636 1188 680 numero
1218 619 1345 695 suerint,
1369 640 1412 680 eo

217 734 316 809 plures
345 731 418 810 (per
444 731 514 792 Art.
535 734 564 791 6.
586 730 674 807 hujus
696 732 782 811 Cap.)
812 750 849 792 ex
870 730 923 793 suo
944 732 1082 793 Concilio
1103 733 1259 793 Senatores
1281 732 1416 811 eligent,

215 859 245 905 et
266 844 481 921 consequenter
501 844 573 924 (per
591 844 662 905 Art.
683 844 811 922 eundem)
833 846 899 921 plus
917 844 992 921 juris
1013 844 1042 905 in
1064 844 1187 920 imperio
1210 845 1414 905 obtinebunt.
1449 892 1450 895 ,

215 958 279 1019 Nec
309 956 420 1031 obstat,
449 958 548 1033 quod,
576 958 645 1017 dum
674 975 857 1033 unaquaeque
886 959 956 1017 urbs
984 955 1035 1017 stbi
1064 956 1207 1031 consulit,
1229 955 1416 1033 reliquisque

215 1068 349 1143 invidet,
370 1067 476 1144 saepius
498 1067 575 1128 inter
585 1067 614 1127 se
626 1066 811 1143 discordent,
833 1083 863 1129 et
884 1083 1001 1145 tempus
1022 1068 1201 1144 disputando
1223 1068 1419 1129 consumant.

214 1181 307 1256 Nam,
335 1179 373 1256 st,
406 1182 474 1241 dum
507 1180 635 1240 Romani
667 1181 846 1255 deliberant,
879 1180 954 1255 perit
986 1180 1172 1258 Sagunthus;
1204 1182 1272 1241 dum
1302 1196 1419 1240 contra
1449 1204 1450 1257 p

215 1294 302 1369 pauci
323 1310 361 1353 ex
382 1291 446 1353 solo
469 1292 522 1354 suo
545 1291 652 1353 affectu
674 1293 770 1353 omnia
793 1295 970 1368 decernunt,
999 1292 1076 1367 perit
1096 1291 1218 1353 libertas
1238 1309 1416 1352 commune·
1449 1261 1450 1277 ἵ

214 1424 273 1482 que
293 1407 422 1480 bonum;
443 1403 511 1464 sunt
533 1422 658 1481 namque
678 1404 804 1464 humana
826 1404 942 1482 ingenia
963 1402 1133 1478 hebetiora,
1156 1422 1242 1480 quam
1260 1418 1293 1464 ut
1310 1403 1416 1463 omnia

213 1516 307 1577 statim
337 1532 490 1592 penetrare
522 1517 644 1591 poffint3
674 1515 724 1576 sed
756 1514 954 1591 consulendo,
981 1515 1149 1590 audiendo,
1171 1530 1201 1574 et
1223 1514 1410 1591 disputando

215 1642 378 1697 acuuntur,
405 1642 453 1704 et,
482 1629 550 1688 dum
580 1626 678 1687 omnia
707 1642 824 1687 tentant
850 1627 960 1703 media,
982 1646 1033 1703 ea,
1055 1645 1120 1704 quae
1143 1628 1268 1702 volunt,
1288 1628 1414 1687 tandem

215 1740 390 1815 inveniunt,
411 1758 476 1816 quae
499 1757 602 1800 omnes
622 1741 769 1815 probant,
790 1754 820 1799 et
843 1742 879 1801 de
901 1739 1009 1817 quibus
1031 1758 1116 1801 nemo
1135 1756 1221 1801 antea
1239 1739 1412 1819 cogitasset.

214 1854 306 1934 Quod
335 1851 354 1910 st
384 1851 450 1928 quis
479 1864 609 1929 regerat,
637 1850 696 1911 ltoc
725 1852 939 1912 Hollnndotum
969 1851 1121 1927 imperium
1143 1871 1202 1913 non
1224 1852 1276 1913 diu
1296 1854 1414 1930 absque

216 1963 351 2039 Comite,
372 1964 420 2026 vel
440 1962 578 2037 Vitario,
600 1962 652 2039 qui
673 1962 769 2024 vicem
790 1962 919 2024 Comitis
940 1964 1103 2041 suppleret,
1132 1962 1252 2039 stetisse;
1274 1965 1333 2025 hoc
1356 1964 1412 2025 fibi

216 2074 384 2150 responsum
413 2074 537 2149 babeat,
569 2077 651 2151 quod
683 2074 823 2135 Hollandi
857 2077 893 2136 ad
925 2076 1115 2137 obtinendam
1147 2076 1314 2137 libertatem
1337 2076 1409 2137 satis

216 2184 268 2245 stbi
289 2199 486 2261 putaverunt,
507 2185 654 2246 Comitem
675 2186 823 2263 deserete,
842 2202 871 2247 et
890 2186 1005 2263 Imperii
1027 2205 1135 2263 corpus
1157 2188 1254 2263 capite
1278 2190 1406 2249 obtrun-

216 2316 294 2372 care;
315 2315 369 2359 nec
391 2300 428 2359 de
449 2300 552 2359 eodem
574 2300 761 2361 reformando
782 2300 965 2378 cogitarunt,
985 2300 1034 2360 sed
1056 2300 1153 2360 omnia
1175 2298 1239 2376 ejus
1261 2302 1405 2374 membra,

216 2410 261 2473 uti
283 2426 368 2472 antea
390 2411 550 2473 constituta
571 2413 701 2488 fuerant,
722 2412 919 2490 reliquerunt,
941 2412 1038 2474 itaut
1060 2412 1225 2474 Hollandiae
1243 2414 1406 2476 comitatus

216 2523 274 2585 fine
296 2525 431 2601 Comite,
453 2526 546 2589 veluti
567 2544 675 2604 corpus
697 2527 756 2588 line
779 2528 893 2603 capite,
915 2525 1067 2604 ipsumque
1089 2528 1243 2604 Imperium
1266 2529 1325 2590 stne
1348 2549 1403 2590 no-

216 2638 291 2698 minc
323 2638 467 2698 manserit.
509 2639 609 2715 Atque
643 2640 718 2698 adeo
750 2638 866 2698 minime
895 2638 1013 2713 mirum,
1035 2640 1117 2714 quod
1138 2637 1248 2698 subditi
1270 2641 1406 2717 plerique

217 2750 437 2828 ignoraverint,
458 2769 548 2827 penes
570 2770 647 2827 quos
667 2750 775 2811 summa
804 2749 872 2810 esset
894 2749 1006 2826 imperii
1027 2749 1167 2825 potestas.
1207 2751 1247 2811 Et
1270 2753 1406 2828 quamvis

213 2863 272 2923 hoc
292 2881 352 2923 non
374 2861 462 2938 esset,
490 2863 647 2938 litamen,
670 2863 721 2940 qui
744 2862 896 2939 imperium
918 2881 1017 2927 revera
1039 2865 1198 2938 tenebant,
1219 2865 1308 2942 longe
1332 2885 1405 2940 pau·

215 2973 310 3035 ciores
337 2990 436 3050 erant,
464 2993 550 3052 quam
579 2990 613 3035 ut
635 2975 852 3037 multitudinem
873 2993 987 3054 regere,
1009 2989 1038 3035 et
1061 2991 1201 3051 potentes
1222 2977 1403 3038 adversarios

215 3086 378 3162 opprimere
405 3085 530 3162 pollent.
571 3089 661 3149 Unde
692 3088 816 3162 saelum,
844 3104 879 3148 ut
907 3088 936 3148 hi
966 3087 1041 3164 saepe
1063 3087 1182 3162 impune
1203 3087 1239 3148 iis
1260 3087 1404 3163 infidiati,

215 3213 246 3258 et
275 3200 392 3259 tandem
425 3213 556 3260 evertere
588 3200 749 3274 potuerint.
790 3200 894 3262 Subita
925 3200 1025 3276 itaque
1058 3199 1186 3277 ejusdem
1219 3199 1403 3276 Reipublicae

215 3308 325 3372 eversio
347 3328 408 3371 non
430 3328 467 3370 ex
489 3329 526 3370 eo
549 3326 613 3371 orta
636 3312 692 3386 eli,
714 3315 796 3389 quod
819 3328 934 3387 tempus
955 3312 984 3370 in
1006 3310 1269 3373 deliberationibus
1291 3312 1404 3373 inutili-

214 3438 259 3482 ter
279 3421 511 3497 consumeretur,
532 3420 581 3482 sed
603 3441 640 3482 ert
661 3423 786 3482 desormi
808 3422 934 3498 ejusdem
956 3421 1068 3500 imperii
1090 3423 1182 3499 statu,
1203 3439 1233 3484 et
1254 3424 1403 3500 paucitate

214 3533 386 3612 regentium.

255 3644 281 3724 §.
303 3645 369 3704 XV.
410 3645 459 3704 Est
488 3661 627 3722 praeterea
655 3647 713 3705 hoc
743 3627 981 3706 Aristocraricum
1011 3645 1179 3721 imperium,
1202 3649 1283 3722 quod
1304 3649 1402 3722 plures

215 3758 301 3816 nrbes
329 3770 449 3831 tenent,
479 3756 561 3816 alteri
588 3758 815 3833 praeferendum,
837 3755 905 3833 quia
928 3775 987 3817 non
1010 3775 1087 3832 opus
1110 3757 1167 3834 est,
1188 3756 1271 3818 utin
1294 3775 1401 3833 praece-

214 3865 445 3941 denti,cavere,
467 3884 504 3926 ne
522 3867 689 3929 universum
708 3867 871 3944 supremum
894 3867 957 3944 ejus
980 3867 1147 3929 Concilium
1169 3867 1267 3930 subito
1290 3869 1401 3946 impetu

147 4007 151 4014 ·
214 3976 413 4054 opprimatur,
443 3979 683 4055 quandoquidem
713 3980 785 4058 (per
805 3979 874 4039 Art.
896 3997 925 4055 9.
947 3979 1033 4056 nujus
1056 3981 1143 4059 Cap.)
1171 3979 1264 4042 eidem
1287 3999 1400 4044 convo-

214 4091 310 4150 cando
332 4091 442 4150 nullum
463 4104 579 4166 tempus
600 4109 655 4152 nec
675 4093 761 4152 locus
784 4090 957 4170 destgnatur.
999 4093 1074 4152 Sunt
1095 4107 1233 4167 praeterea
1260 4107 1400 4168 potentes

214 4198 295 4260 cives
317 4199 346 4260 in
367 4200 425 4259 hoc
446 4200 568 4276 imperio
590 4201 686 4262 minus
708 4201 839 4262 timendi.
860 4204 950 4277 Nam,
967 4201 1017 4262 ubi
1039 4204 1136 4278 plures
1156 4204 1243 4264 urbes
1264 4203 1396 4265 libertate

214 4311 357 4388 gaudent,
378 4328 437 4370 non
460 4310 566 4371 sufficit
588 4311 630 4388 ei,
651 4311 701 4388 qui
723 4311 798 4374 viam
819 4315 854 4372 ad
873 4312 1023 4388 imperium
1044 4313 1176 4391 affectat,
1193 4317 1294 4374 urbem
1313 4333 1393 4375 unam
