2934 4900
620 269 802 332 Ethices
832 269 959 330 Parsll.

599 463 992 529 namonsranrro

237 561 386 622 Voluntas
413 575 443 620 et
471 559 634 622 intelleslus
662 556 736 618 nihil
764 572 869 634 praeter
896 557 972 634 ipsas
993 557 1150 638 singulares
1170 557 1336 620 volitiones
1356 573 1399 620 et

197 673 278 733 ideas
304 671 370 733 sunt
399 671 470 751 (per
496 673 586 750 Prop.
614 673 663 750 48,
691 669 779 746 hujus
806 684 834 731 et
861 669 985 749 es'usdem
1014 669 1132 749 Sahal).
1173 672 1216 732 At
1236 671 1398 750 singularis

198 783 306 846 volitio
327 799 358 844 et
379 783 442 844 idea
465 783 535 862 (per
555 783 643 862 Prop.
661 783 801 863 praeced.)
822 801 911 844 unum
932 799 962 844 et
982 782 1059 844 idem
1080 783 1162 858 sunt;
1182 800 1253 863 ergo
1276 785 1392 845 volun-

198 911 243 956 tas
264 909 295 956 et
314 894 480 956 intellectus
501 913 590 956 unum
612 909 642 954 et
663 893 740 955 idem
762 893 838 955 sunt.
881 895 915 971 Q.
938 895 975 956 E.
995 895 1036 955 D.

666 1069 921 1115 SCHOLIUM.

238 1183 293 1246 His
325 1181 454 1258 causant,
486 1201 550 1260 quae
583 1181 776 1244 communiter
806 1181 911 1242 erroris
942 1179 999 1242 esse
1029 1161 1182 1257 statuitur,
1213 1181 1394 1243 sustulimus.

197 1297 290 1371 Supra
318 1308 415 1356 autem
444 1293 640 1371 ostendimus,
669 1293 822 1356 falsitatem
851 1293 880 1353 in
909 1293 970 1354 sola
999 1292 1184 1369 privatione,
1210 1311 1296 1369 quarn
1317 1292 1395 1353 ideae

200 1405 341 1466 mutilatae
362 1419 393 1465 et
414 1401 543 1465 confusae
565 1401 746 1480 involvunt,
767 1402 929 1463 consistere.
970 1402 1067 1483 Quare
1089 1401 1155 1462 idea
1176 1400 1266 1478 salsa,
1286 1418 1396 1478 quate·

200 1535 256 1578 nus
276 1514 344 1577 falsa
366 1515 422 1592 est,
443 1513 649 1576 certitudinem
671 1533 731 1574 non
753 1513 894 1576 involvit.
921 1513 996 1574 Cum
1017 1511 1118 1588 itaque
1139 1511 1277 1587 dicimus,
1296 1511 1397 1573 horni-

200 1648 265 1691 nem
286 1627 316 1690 in
338 1628 414 1689 falsis
432 1627 630 1705 acquiescere,
647 1645 701 1688 nec
720 1629 756 1688 de
775 1626 811 1685 iis
829 1625 978 1701 dubitare,
996 1644 1057 1687 non
1076 1624 1145 1686 ideo
1164 1623 1258 1701 ipsum
1280 1640 1396 1686 certum

201 1741 269 1816 elie,
290 1740 340 1802 sed
362 1755 475 1801 tantum
496 1758 557 1801 non
579 1737 713 1800 dubitare
736 1736 875 1812 dicimus,
896 1739 943 1798 vel
964 1739 1046 1813 quod
1068 1735 1098 1796 in
1119 1735 1196 1796 salsis
1217 1734 1397 1813 acquiescit,

201 1851 269 1929 quia
291 1853 376 1914 nullae
398 1851 491 1913 causae
512 1853 636 1928 dantur,
658 1869 724 1928 quae
746 1848 892 1924 efficiant,
913 1864 946 1910 ut
968 1847 1056 1924 ipsius
1077 1847 1248 1928 imaginatio
1270 1850 1395 1911 naeue-

202 1981 251 2027 tur
271 1967 297 2026 *.
337 1967 404 2048 Qua
436 1968 473 2027 de
503 1983 532 2026 re
563 1963 632 2026 vide
662 1962 812 2025 Scholium
843 1961 1057 2038 propositionis
1087 1981 1137 2043 44
1168 1962 1258 2040 hujus
1289 1964 1397 2025 Partis.

202 2077 402 2161 Quantumvis
423 2077 513 2156 igitur
533 2077 623 2138 homo
646 2075 721 2136 falsrs
742 2074 888 2136 adhaerere
910 2073 1107 2151 supponatur,
1127 2093 1275 2153 nunquam
1295 2092 1397 2137 tamen

202 2189 295 2267 ipsum
324 2205 434 2251 certum
464 2188 517 2249 esse
547 2188 686 2251 dicemus.
727 2189 803 2248 Nam
831 2205 884 2264 per
911 2187 1118 2250 certitudinem
1139 2187 1212 2265 quid
1233 2187 1397 2264 pofitivum

204 2300 391 2380 intelligimus
423 2301 504 2379 (uide
534 2300 624 2380 Prop.
645 2275 695 2379 43¹.
716 2296 805 2376 nujus
835 2318 897 2359 cum
927 2297 1050 2376 ejusdem
1079 2297 1204 2380 Scins),
1231 2317 1294 2361 non
1320 2317 1396 2362 vero

202 2411 398 2476 dubitationis
418 2409 625 2489 privationem.
666 2411 709 2471 rit
730 2428 783 2488 per
803 2409 989 2473 certitudinis
1010 2409 1206 2488 privationem
1238 2410 1396 2474 falstatem

201 2526 399 2606 intelligimus.
440 2526 497 2587 Sed
525 2527 561 2586 ad
590 2522 755 2587 uberiorem
783 2524 1010 2601 explicationem
1038 2522 1232 2600 praecedentis
1257 2525 1396 2602 Proposi-

201 2636 294 2699 tionis
314 2638 446 2715 quadam
467 2638 612 2698 monenda
634 2633 799 2711 supersunt.
836 2636 972 2712 Superest
992 2634 1114 2711 deinde,
1133 2651 1169 2699 ut
1190 2638 1227 2698 td
1247 2636 1396 2714 objedlio-

202 2766 270 2825 nes,
292 2766 357 2825 quae
378 2748 408 2808 in
430 2746 553 2809 nostram
575 2746 650 2807 hanc
672 2746 833 2808 doslrinam
855 2747 946 2824 objici
975 2746 1112 2825 possunt,
1132 2748 1342 2826 respondeam3
1362 2766 1395 2812 et

202 2858 347 2936 denique,
378 2873 411 2919 ut
440 2876 554 2919 omnem
577 2876 728 2921 amoveam
750 2857 937 2935 scrupulum,
959 2877 1055 2935 operae
1077 2859 1204 2936 pretium
1225 2859 1282 2921 effe
1303 2861 1397 2935 duri,

201 2969 289 3046 hujus
311 2968 450 3032 doslrinae
473 2969 609 3047 quasdam
631 2969 777 3031 utilitates
798 2970 934 3033 indicare.
976 2970 1139 3054 Quasdam,
1166 2971 1301 3050 inquam;
1329 2992 1395 3034 nam

202 3078 357 3157 praecipuae
379 3099 416 3141 ex
437 3080 490 3156 iis,
518 3100 584 3158 quae
605 3080 635 3142 in
657 3082 761 3160 quinta
781 3082 865 3143 Parte
886 3083 1035 3159 dicemus,
1055 3081 1160 3145 melius
1185 3082 1394 3163 intelligentur.

243 3192 357 3270 Incipio
379 3192 617 3271 igituraprimo,
638 3194 838 3273 Lectoresque
859 3214 984 3272 moneo,
1005 3211 1040 3259 ut
1061 3212 1195 3258 accurate
1215 3195 1396 3277 distinguant

202 3305 279 3366 inter
298 3306 411 3381 ideam,
439 3304 497 3367 srve
519 3306 632 3368 Mentis
654 3324 852 3385 conceptum,
879 3324 909 3370 et
931 3309 1007 3370 inter
1027 3308 1171 3388 Imagines
1192 3327 1300 3386 rerum,
1321 3329 1395 3387 quas

203 3416 399 3495 imaginamur.
421 3416 537 3479 Deinde
559 3418 669 3479 necesse
690 3419 752 3495 est,
773 3436 806 3481 ut
828 3419 1006 3499 distinguant
1028 3420 1104 3482 inter
1124 3420 1204 3483 ideas
1224 3438 1256 3483 et
1275 3424 1395 3497 Verba,

203 3528 312 3607 quibus
333 3547 378 3590 res
399 3528 600 3607 fignificamus.
621 3532 697 3591 Nam
720 3530 790 3608 quia
811 3531 874 3593 haec
896 3532 969 3608 tria,
989 3532 1129 3612 imagines
1150 3532 1394 3609 scilicet,verba,

203 3656 234 3701 et
262 3638 334 3701 ideae
346 3684 355 3715 ,
376 3659 392 3701 a
413 3640 512 3702 multis
534 3642 581 3703 vel
601 3643 686 3718 plane
708 3645 953 3720 confunduntur,
981 3646 1029 3707 vel
1056 3663 1116 3705 non
1145 3644 1214 3707 satis
1242 3662 1393 3721 accurate,

204 3752 252 3813 vel
280 3750 407 3829 denique
437 3772 498 3814 non
527 3751 596 3815 satis
624 3770 710 3816 caute
740 3754 977 3835 distinguuntur,
997 3756 1065 3817 ideo
1085 3757 1160 3818 hanc
1180 3760 1217 3818 de
1238 3760 1393 3819 voluntate

203 3862 381 3939 dodrinam,
402 3864 476 3927 scitu
497 3866 615 3941 prorsus
636 3867 839 3944 necessariam,
860 3884 919 3930 tam
940 3871 978 3931 ad
1000 3867 1228 3945 speculationem
1249 3889 1337 3947 quam
1358 3874 1393 3932 ad

203 3972 294 4034 vitam
315 3973 459 4049 sapienter
480 3975 701 4053 instituendam,
724 3980 812 4055 plane
834 3978 1014 4060 ignorarunt.
1057 3976 1194 4061 Quippe,
1214 3978 1266 4056 qui
1287 3997 1393 4056 putant

203 4086 284 4149 ideas
312 4086 463 4148 consistere
491 4087 521 4149 in
550 4088 744 4168 imaginibus,
774 4110 840 4167 quae
869 4092 898 4152 in
928 4091 1014 4153 nobis
1035 4110 1074 4152 ex
1094 4108 1249 4167 corpomm
1271 4094 1393 4154 occursu

236 4290 249 4319 ’
283 4288 375 4341 Paulus
391 4300 440 4341 etc.
456 4316 490 4327 *-
506 4288 554 4341 Ed.
570 4290 625 4341 Pna
639 4286 792 4353 fluctuatur.
