2934 4900
246 341 305 400 310
603 323 844 383 Tractatus
884 320 1073 381 Politici

246 498 297 559 nisi
326 498 516 574 praesentibus
544 498 679 559 omnibus
708 498 860 559 membris:
889 500 970 574 quod
999 497 1019 557 ii
1048 497 1153 575 aliquis
1174 498 1284 573 morbi,
1305 514 1358 559 aut
1382 500 1435 558 alia

246 613 281 672 de
303 610 387 670 causa
409 610 502 671 adesse
523 626 665 687 nequeat,
683 610 808 687 aliquem
827 629 864 670 eit
883 613 983 671 eadem
1000 610 1124 686 familia,
1141 610 1192 687 qui
1210 611 1313 671 eodem
1331 610 1435 669 officio

247 722 379 795 funerus,
410 722 458 782 vel
489 720 539 797 qui
572 720 600 781 iti
633 722 798 799 catalogum
831 720 1029 799 eligendorum
1060 723 1170 782 relatus
1200 722 1256 797 eil,
1284 722 1315 782 in
1344 720 1436 797 ipsius

245 836 342 895 locum
363 833 476 893 mittere
498 833 595 893 debet.
637 833 769 914 Quodsi
791 850 845 892 nec
865 833 923 893 lioc
945 832 1067 906 fecerit,
1093 832 1143 893 sed
1163 836 1245 909 quod
1265 832 1435 893 Concilium

245 958 366 1020 propter
393 942 457 1018 ejus
486 940 644 1002 absentiam
673 960 731 1001 rem
761 940 887 1017 aliquam
920 940 1125 1002 consulendam
1155 940 1184 1002 in
1212 942 1287 1001 diem
1319 941 1436 1001 differre

246 1058 365 1117 coaetus
393 1053 496 1128 suerit,
524 1052 632 1113 summi
659 1051 757 1129 aliqua
788 1051 920 1128 pecuniae
950 1051 1073 1112 sensibili
1094 1053 1257 1113 muletetur.
1297 1053 1359 1113 Sed
1380 1053 1436 1111 hoc

244 1167 480 1247 intelligendum,
511 1168 630 1243 quando
662 1163 784 1243 quaestio
812 1165 853 1226 est
880 1168 917 1226 de
939 1183 986 1240 re,
1007 1184 1073 1241 quae
1104 1164 1248 1243 integrum
1278 1166 1436 1241 Imperium

246 1278 373 1355 spesiat,
400 1276 539 1338 videlicet
566 1278 603 1337 de
630 1277 708 1336 bello
738 1292 769 1336 et
796 1294 885 1352 pace,
913 1279 950 1337 de
974 1275 1040 1352 jure
1068 1274 1168 1352 aliquo
1196 1277 1368 1354 abrogando
1392 1276 1438 1335 vel

248 1391 444 1465 instituend0,
465 1393 502 1451 de
523 1388 716 1465 commercio,
737 1404 795 1449 etc.
815 1389 873 1449 Sed
894 1388 915 1447 si
936 1387 1058 1465 quaestio
1079 1387 1114 1447 sit
1136 1390 1173 1450 de
1193 1406 1241 1464 re,
1261 1406 1327 1465 qiiae
1349 1405 1436 1448 unani

248 1517 298 1563 aut
320 1504 437 1563 alteram
458 1503 556 1562 urbem
579 1500 707 1576 speetet,
733 1502 770 1561 dc
790 1498 895 1561 libellis
917 1498 1115 1576 supplicibus,
1136 1514 1210 1575 etc„
1231 1499 1301 1560 satis
1322 1499 1397 1572 erit,
1418 1496 1436 1554 si

248 1614 340 1690 major
359 1612 488 1674 Concilii
509 1631 575 1689 pars
596 1612 677 1673 adiit.

289 1726 315 1807 §.
337 1727 444 1785 XXlll.
487 1728 531 1788 Ut
553 1726 629 1785 inter
650 1722 774 1785 familias
796 1724 948 1800 aequalitas
966 1723 995 1784 in
1014 1724 1207 1799 omnibus‚et
1217 1726 1292 1785 ordo
1302 1723 1437 1795 sedendi,

248 1839 454 1915 proponendi,
482 1853 513 1899 et
540 1837 657 1899 dicendi
685 1838 843 1912 habeatur,
871 1837 952 1899 vices
980 1836 1128 1899 servandae
1157 1836 1239 1911 suiit,
1267 1852 1301 1897 ut
1321 1836 1436 1914 singule

251 1951 367 2030 fingulis
395 1950 564 2011 sessionibus
592 1948 778 2025 praefideant,
805 1963 837 2009 et
866 1968 931 2025 quae
958 1949 1012 2010 liae
1039 1948 1156 2009 sessione
1175 1948 1284 2024 prima,
1304 1947 1436 2025 sequenti

250 2063 352 2123 ultima
373 2062 417 2122 sit.
457 2063 515 2124 Sed
537 2080 653 2137 eorum,
675 2060 726 2137 qui
749 2060 878 2137 ejusdem
899 2061 1014 2122 familiae
1035 2062 1119 2137 sunt,
1138 2061 1163 2122 is
1185 2061 1294 2137 primus
1314 2061 1366 2137 fit,
1388 2060 1435 2137 qui

251 2175 331 2251 prior
351 2177 459 2235 elesius
480 2172 578 2235 suerit.

291 2286 317 2366 §.
339 2286 447 2346 XXIV.
489 2286 557 2345 Hoc
585 2282 752 2345 Concilium
780 2299 884 2360 quater
910 2287 947 2344 ad
968 2284 1116 2346 minimum
1136 2284 1167 2345 in
1188 2304 1266 2346 anno
1287 2302 1434 2348 convoce-

250 2412 311 2472 tur,
333 2412 366 2458 ut
387 2396 529 2458 rationem
552 2394 807 2458 administrationis
828 2395 1116 2472 Imperiiaministris
1137 2398 1272 2478 exigant,
1293 2415 1328 2461 ut
1345 2416 1433 2461 rerum

250 2509 354 2569 statum
381 2508 519 2583 noscant,
548 2525 578 2569 et
605 2507 626 2568 si
654 2507 726 2584 quid
747 2524 887 2584 piaeteiea
909 2509 1094 2571 statuendum
1115 2511 1167 2586 sit,
1187 2512 1319 2574 videant.
1361 2515 1433 2572 Nan

251 2621 325 2681 adeo
356 2639 490 2699 magnum
522 2620 631 2684 civium
663 2639 814 2682 numerum
845 2621 973 2699 negotiis
1003 2621 1130 2698 publicis
1161 2623 1306 2685 continuo
1335 2639 1434 2686 vacare

251 2732 420 2808 imposibile
449 2732 583 2807 videtur;
611 2731 677 2807 sed,
706 2732 774 2808 quia
796 2732 916 2811 negotia
937 2732 1056 2809 publica
1077 2733 1192 2796 interim
1214 2736 1341 2796 exerceri
1362 2733 1435 2796 nihi·

249 2844 377 2905 lominus
406 2847 532 2920 debent,
562 2845 631 2906 ideo
658 2863 695 2904 eit
715 2845 773 2904 lioc
796 2843 934 2905 Concilio
964 2845 1177 2925 quinquaginta
1199 2863 1250 2908 aur
1269 2849 1367 2923 plures
1389 2845 1434 2907 eli-

252 2957 338 3037 gendi
360 2957 442 3034 sunt,
464 2956 515 3034 qui
536 2956 635 3018 soluto
658 2954 795 3016 Concilio
817 2956 882 3032 ejus
902 2957 997 3018 vicem
1019 2956 1186 3034 suppleant,
1207 2958 1317 3035 quique
1338 2957 1436 3036 quoti-

253 3071 300 3132 die
322 3069 490 3150 congregari
512 3071 640 3131 debeant
656 3069 686 3129 in
707 3068 863 3141 cubiculo,
885 3071 969 3145 quod
989 3068 1085 3147 Regio
1107 3069 1142 3131 sit
1163 3071 1436 3149 proximum3atque

254 3185 327 3244 adeo
350 3183 485 3259 quotidie
507 3201 603 3243 curam
624 3182 753 3242 habeant
775 3181 883 3256 aeraiii,
904 3179 1034 3256 urbium,
1055 3183 1314 3260 munimentorum,
1335 3189 1435 3247 educa·

253 3293 344 3355 rionis
365 3295 416 3354 lilii
439 3295 549 3373 Regis,
577 3311 607 3356 et
628 3294 762 3356 absolute
790 3314 891 3356 eorum
913 3294 1043 3356 omniurn
1063 3296 1158 3375 magni
1178 3297 1306 3357 Concilii
1327 3299 1436 3357 officio·

254 3425 333 3482 tuin,
366 3425 430 3483 quae
464 3409 553 3468 modo
586 3408 835 3484 enumeravimus,
867 3422 1060 3485 praeterquam
1087 3408 1175 3485 illud,
1195 3412 1277 3486 quod
1297 3412 1334 3471 de
1354 3413 1435 3470 rebus

254 3518 358 3594 novis,
379 3520 415 3579 de
438 3517 545 3594 quibus
566 3519 637 3579 nihil
659 3523 807 3580 decretum
829 3520 886 3595 est,
908 3520 1057 3581 consulere
1078 3539 1138 3582 non
1160 3523 1274 3596 pollini.

295 3629 321 3710 §.
342 3631 438 3690 XXV.
480 3630 669 3710 Congregato
700 3631 855 3708 Concilio,
875 3648 1032 3709 antequam
1054 3632 1163 3709 aliquid
1183 3633 1213 3693 in
1234 3651 1271 3694 eo
1291 3651 1433 3710 propona-

255 3756 318 3816 tur,
349 3740 478 3818 quinque
511 3757 562 3803 aut
593 3742 642 3803 sex
669 3759 725 3804 aut
756 3745 854 3818 plures
884 3743 1048 3823 Juiisperiti
1076 3763 1114 3804 ex
1141 3744 1276 3821 familiis,
1304 3765 1370 3822 quae
1391 3745 1433 3804 illi

255 3851 372 3912 sessione
394 3851 495 3914 ordine
516 3853 575 3913 loci
597 3854 708 3930 priores
726 3854 807 3931 sunt,
826 3858 937 3934 Regem
956 3858 1078 3928 adeant,
1098 3871 1132 3917 ut
1149 3855 1264 3916 libellos
1282 3855 1433 3932 supplices,

255 3965 303 4025 vel
324 3963 478 4039 epistolas,
506 3963 525 4024 si
548 3983 622 4041 quas
642 3966 768 4042 liabent,
797 3969 930 4041 tradant,
951 3982 985 4028 ut
1004 3985 1097 4027 rerum
1118 3967 1222 4027 statum
1242 3966 1390 4042 indicent,
1408 3981 1433 4026 et

256 4075 383 4152 denique
413 4092 446 4137 ut
475 4096 512 4137 ex
541 4077 605 4154 ipso
631 4077 815 4157 intelligant,
836 4078 908 4156 quid
927 4080 958 4140 in
978 4079 1031 4141 suo
1053 4080 1189 4142 Concilio
1209 4098 1375 4156 proponere
1391 4081 1432 4156 ju·

256 4191 339 4263 beat;
362 4207 421 4264 quo
444 4206 567 4267 accepto
590 4190 756 4252 Concilium
777 4207 929 4267 repetant,
949 4208 993 4268 et,
1011 4192 1062 4270 qui
1084 4193 1185 4254 ordine
1205 4193 1264 4253 loci
1285 4191 1366 4268 prior
1385 4193 1431 4266 est,

257 4318 315 4362 reni
337 4299 540 4364 consulendam
562 4303 681 4380 aperiat.
713 4305 778 4363 Nec
795 4305 832 4366 de
853 4321 883 4366 re
902 4303 1036 4385 suffragia
1057 4305 1149 4365 statim
1170 4305 1353 4387 colligenda,
1372 4323 1429 4384 quae
