2934 4900
209 327 268 401 562
683 323 923 387 Tractentur

207 500 295 576 pedo
319 499 386 564 Deo
414 497 606 575 promisentnt
627 498 658 560 in
680 497 816 561 omnibus
837 499 975 576 obedite,
996 517 1059 576 quo
1080 499 1130 562 sue
1150 497 1288 562 libertate
1310 513 1396 560 netu·

207 611 261 672 teli
290 610 369 688 qunfi
399 608 560 688 cellenunt,
587 609 694 687 jusque
723 611 806 672 suurn
837 610 867 672 in
899 612 994 674 Deum
1016 611 1239 687 transtulerunt,
1257 610 1347 674 licuti
1367 611 1395 673 in

208 724 284 786 statu
305 723 385 788 civili
404 723 467 786 lieri
487 724 623 788 diximus.
664 727 723 788 Sed
744 727 780 788 de
800 725 847 788 hir
867 725 898 788 in
923 724 1117 803 sequentibus
1137 725 1283 803 prolixius
1305 745 1395 806 agam.

207 839 317 899 Verum
343 837 440 900 inituri
466 836 562 900 adhuc
588 837 703 914 potest,
730 839 814 915 quod
843 837 959 901 summe
981 839 1143 915 potestates
1165 857 1250 916 reque
1272 857 1309 898 ac
1329 837 1395 900 sub·

205 949 263 1012 diti
291 949 351 1012 lroe
377 948 445 1026 jure
475 949 580 1013 divino
610 965 766 1026 tenentur;
798 968 872 1027 quat
906 967 1002 1012 tamen
1034 951 1163 1013 diximus
1190 949 1242 1028 jus
1262 953 1396 1012 naturale

207 1062 349 1138 retinete,
369 1079 401 1124 et
420 1063 457 1125 iit
478 1063 575 1124 omnia
590 1063 657 1140 jure
677 1061 774 1124 licere.
816 1063 914 1144 Quare
935 1065 972 1126 ad
993 1063 1067 1126 hanc
1091 1063 1233 1142 integram
1254 1081 1395 1126 amoven-

208 1178 275 1238 dam
294 1173 512 1252 difficultatem,
541 1194 608 1252 que
637 1189 779 1237 nontam
801 1193 839 1236 ex
859 1175 974 1238 ratione
995 1175 1086 1238 stetur
1108 1195 1194 1254 quam
1215 1175 1288 1252 jutis
1310 1191 1397 1238 netu·

207 1289 277 1350 telin
297 1288 407 1364 oritur,
427 1289 515 1364 dico,
534 1290 617 1364 quod
644 1287 845 1366 unusquisque
866 1288 896 1349 in
917 1287 993 1351 statu
1015 1289 1138 1350 naturali
1159 1291 1260 1350 eedem
1281 1288 1397 1350 tutione

210 1416 328 1463 tenetur
343 1399 409 1476 jure
430 1401 595 1475 Revelato,
615 1418 649 1460 oc
670 1415 789 1462 tenetur
809 1419 847 1462 ex
868 1400 1022 1463 didnmine
1041 1400 1115 1463 sante
1127 1399 1266 1462 Rntionit
1277 1399 1397 1473 vivete3

209 1530 313 1588 nempe
334 1512 404 1589 quin
423 1510 476 1588 ipfi
496 1510 598 1572 utilius
620 1511 712 1572 estet
733 1510 912 1574 adsalutem
934 1511 1138 1589 necellnriunr3
1159 1510 1396 1588 quodfinollet,

209 1643 277 1688 cum
307 1623 362 1687 suo
392 1622 524 1702 periculo
554 1623 634 1684 lieet.
675 1624 779 1700 Atque
806 1625 881 1686 adeo
911 1642 949 1684 ex
970 1623 1033 1685 solo
1057 1623 1195 1702 proprio,
1215 1641 1276 1686 non
1299 1639 1398 1686 tutem

209 1754 249 1796 ex
279 1735 398 1798 tuerint
429 1736 548 1796 decreto
579 1734 699 1811 vivere,
729 1752 826 1812 neque
859 1734 985 1811 aliquem
1006 1738 1156 1797 mortalem
1173 1735 1321 1814 judicem,
1343 1755 1399 1797 nec

205 1846 280 1924 jure
291 1845 458 1925 Religionis
475 1846 639 1924 vindicem,
656 1846 813 1926 agnoscere
836 1863 962 1909 tenetur.
993 1849 1095 1925 Atque
1114 1847 1173 1909 hoc
1189 1847 1241 1924 jur
1260 1848 1398 1910 summam

210 1958 385 2034 potelletem
412 1956 560 2020 retinuille
581 1958 712 2036 affirm03
731 1977 798 2036 quae
819 1960 937 2036 quidem
958 1959 1092 2022 homines
1113 1959 1262 2022 consulere
1284 1959 1402 2036 potest,

211 2086 242 2132 tt
269 2069 412 2131 neminem
439 2067 570 2144 judicem
597 2069 752 2148 agnoscere
779 2085 915 2147 tenetur,
936 2088 991 2132 nec
1011 2071 1102 2132 ullum
1122 2071 1271 2132 mortalem
1293 2086 1401 2146 praeter

207 2183 240 2246 se
259 2182 383 2258 alicuine
399 2181 475 2258 jurio
493 2182 658 2260 vindicem,
677 2181 729 2245 nin
749 2182 947 2259 Prophetnm,
967 2183 1019 2259 qui
1038 2181 1169 2258 exprelle
1187 2200 1204 2242 e
1221 2183 1288 2244 Deo
1299 2179 1401 2244 ninus

206 2296 316 2371 tuerit,
336 2295 447 2373 quique
468 2295 498 2356 id
525 2295 702 2357 indubitatis
722 2294 810 2374 lignis
832 2294 1000 2357 ostenderit.
1042 2296 1085 2356 At
1107 2313 1161 2356 nec
1183 2309 1256 2356 tunc
1276 2293 1398 2371 quidem

208 2405 373 2482 hominem,
393 2406 443 2470 sed
463 2407 559 2469 Deum
579 2405 672 2483 ipsum
690 2404 820 2483 judicem
842 2405 997 2486 agnoscere
1018 2404 1278 2489 cogitur.Quodss
1291 2405 1401 2469 summa

210 2518 340 2595 potestte
370 2518 464 2580 nollet
493 2519 560 2579 Deo
591 2517 622 2579 in
650 2518 716 2595 iure
745 2518 798 2581 suo
819 2520 951 2583 revelato
972 2519 1111 2595 obedire,
1132 2518 1162 2581 id
1183 2517 1236 2593 ipli
1256 2536 1322 2579 cum
1344 2517 1399 2579 suo

210 2630 341 2707 periculo
362 2644 394 2691 et
416 2632 523 2691 damno
542 2628 630 2705 licet,
651 2630 732 2692 nullo
755 2629 864 2693 scilicet
889 2630 954 2707 jure
981 2630 1063 2693 civili
1083 2632 1132 2693 vel
1157 2630 1282 2693 naturali
1309 2648 1399 2707 repu-

209 2757 329 2822 gnante.
369 2744 422 2823 Jus
439 2742 515 2803 enlm
531 2739 631 2805 Ciuile
654 2743 692 2802 ab
712 2740 777 2818 ciue
799 2744 918 2807 decreto
939 2758 1055 2805 tentum
1077 2743 1277 2823 pendet31ut
1299 2758 1400 2803 tutem

209 2855 351 2916 Naturale
382 2855 493 2929 pendet
523 2872 539 2915 n
569 2852 684 2931 legibus
713 2854 854 2929 Nature,
885 2872 950 2931 qure
972 2872 1033 2917 non
1053 2854 1221 2933 Religioni,
1239 2854 1400 2917 humanum

209 2980 325 3029 tentum
344 2966 418 3028 utile
439 2965 624 3041 intendenti,
646 2965 696 3029 sed
716 2965 815 3031 ordini
837 2966 978 3031 universe
1000 2968 1140 3043 Nature,
1156 2967 1215 3029 hoe
1233 2967 1274 3029 est
1285 2982 1399 3029 aeterno

208 3058 268 3139 Dei
296 3080 417 3139 decreto
448 3076 537 3138 nobit
566 3077 741 3156 incognito,
772 3081 999 3140 accommodate
1031 3076 1108 3140 sunt.
1157 3079 1247 3163 Quod
1278 3080 1399 3157 quidem

209 3189 272 3251 Alii
302 3188 455 3253 obscurius
487 3187 651 3265 concepille
684 3190 840 3265 videntur,
871 3191 923 3267 qui
950 3190 1062 3253 scilicet
1082 3190 1230 3267 statuunt,
1250 3190 1400 3253 hominem

209 3316 313 3363 eontra
333 3302 518 3363 voluntatem
539 3300 596 3361 Dei
617 3303 775 3365 revelatam
797 3301 932 3379 quidem,
953 3303 1002 3365 sed
1023 3320 1084 3364 non
1105 3318 1208 3365 contra
1228 3301 1294 3381 ejus
1313 3318 1399 3364 reter-

210 3432 279 3476 num
300 3416 466 3488 decretum,
495 3430 557 3490 quo
578 3414 677 3475 omnia
698 3414 981 3490 predeterminevit,
1003 3413 1084 3491 polle
1105 3432 1236 3491 peccate.
1278 3416 1310 3477 Si
1330 3418 1400 3492 quis

210 3524 385 3601 antemium
406 3540 511 3603 roget,
530 3525 630 3607 Quid,
649 3525 671 3587 li
691 3525 800 3589 summa
822 3526 951 3603 potestas
973 3525 1082 3603 aliquid
1103 3527 1399 3607 contrareligionern,

210 3652 242 3698 et
272 3635 491 3713 obedientiam,
520 3656 607 3714 quam
638 3638 705 3699 Deo
738 3637 869 3714 exprello
900 3642 987 3715 paeto
1019 3637 1218 3716 promisrmue,
1250 3639 1399 3716 imperet?
1462 3720 1463 3727 ἵ

209 3748 313 3812 divino
344 3766 382 3809 an
411 3748 541 3811 humano
571 3749 694 3825 imperio
726 3751 1012 3827 obtemperandum?
1043 3752 1101 3812 Sed
1131 3752 1200 3829 quia
1232 3754 1269 3813 de
1299 3752 1348 3813 lris
1369 3753 1400 3813 in

209 3858 400 3936 sequentibus
430 3861 576 3935 prolixius
602 3880 704 3940 Qum,
736 3860 784 3923 hic
816 3862 944 3925 breviter
974 3879 1088 3927 tantum
1118 3862 1204 3939 dico,
1223 3864 1291 3925 Deo
1313 3863 1401 3939 supra

210 3971 308 4033 omnia
336 3972 550 4050 obediendum,
577 3975 697 4050 quando
728 3990 835 4037 certam
857 3990 888 4035 et
908 3974 1103 4037 indubitatem
1124 3974 1265 4037 hebemus
1285 3976 1399 4038 revele-

209 4084 332 4147 tionem.
371 4086 431 4148 Sed
451 4087 521 4165 quin
539 4088 617 4151 circe
637 4087 808 4167 religionem
830 4088 953 4151 maxime
973 4106 1066 4151 errare
1087 4088 1182 4151 solent
1203 4088 1357 4165 homines,
1369 4103 1400 4149 et

209 4214 264 4273 pro
294 4197 477 4277 ingeniorum
508 4198 676 4265 diverfitate
706 4202 799 4262 multa
830 4220 935 4280 magno
967 4202 1122 4264 certamine
1143 4204 1269 4281 fingere,
1290 4217 1325 4263 ut
1346 4220 1398 4263 ex·
1459 4210 1461 4218 ⁴

210 4308 350 4382 perientin
372 4310 439 4382 plut
460 4328 546 4386 quant
568 4311 637 4371 satis
658 4311 795 4389 testntnr;
817 4328 928 4374 certum
950 4314 1007 4391 est,
1030 4316 1130 4393 quod,
1149 4312 1269 4375 sinemo
1281 4313 1397 4375 summe
