2934 4900
368 302 422 362 De
462 300 692 365 Servitute
733 300 927 363 Humana.
1183 316 1238 381 241

48 478 173 557 jungere
194 495 225 540 et
242 479 307 555 jura
336 480 442 541 habere
473 481 655 559 communio,
683 481 740 543 hoc
763 480 822 557 est,
851 498 887 541 ne
909 498 1008 542 revera
1026 479 1092 557 juro
1113 480 1241 541 habeant

53 592 232 667 communia,
254 594 336 669 quod
357 592 398 651 est
418 592 584 654 absurdum.

398 752 727 815 PROPOSITIO
768 754 903 815 LXXIII.

94 864 200 936 Homo,
231 865 283 939 qui
311 864 436 923 Ratione
466 864 596 941 ducitur,
626 869 720 941 magis
749 870 781 925 in
813 866 943 925 Ciuitate
949 910 959 941 ,
980 866 1031 925 ubi
1050 884 1087 925 ex
1107 868 1243 925 communi

56 975 164 1033 decrem
194 978 290 1050 vivit,
319 994 404 1051 quom
431 980 465 1035 in
484 976 657 1053 solitudine,
677 977 729 1036 ubi
741 977 799 1055 fibi
812 977 872 1054 soli
892 976 1082 1056 obtemperat,
1101 978 1176 1039 iiber
1195 978 1241 1055 est.

454 1137 854 1181 neuonsrnnrtu

94 1231 212 1305 Homo,
240 1231 292 1307 qui
319 1231 448 1291 Ratione
477 1229 612 1305 ducitur,
641 1248 702 1291 non
731 1230 849 1291 ducitur
869 1231 957 1291 Metu
980 1231 1015 1290 ad
1037 1233 1242 1304 obtemperan-

57 1344 120 1401 dum
152 1342 228 1420 (per
247 1342 336 1420 Prop.
354 1344 404 1417 63.
426 1341 544 1421 liujus);
576 1340 645 1417 sed,
676 1356 824 1417 quatenus
855 1341 937 1403 suurn
960 1340 1016 1401 etse
1037 1360 1075 1401 ex
1102 1342 1242 1401 Rationis

57 1452 208 1513 dictamine
237 1452 408 1515 conservare
435 1469 578 1529 conatur,
606 1454 665 1514 hoc
693 1452 734 1513 est
755 1454 828 1533 (per
847 1453 937 1514 Schoi.
958 1454 1047 1533 Prop.
1068 1456 1117 1513 66.
1139 1452 1239 1531 liujus)

58 1580 201 1638 quotenus
221 1564 311 1625 libere
331 1564 431 1628 uivere
453 1580 577 1626 conatur
587 1609 597 1640 ,
618 1564 781 1626 communis
800 1564 870 1628 vitae
889 1581 919 1626 et
940 1564 1077 1627 utilitatis
1099 1566 1240 1627 rationem

58 1693 153 1736 tenere
175 1676 249 1755 (per
267 1677 356 1756 Prop.
378 1693 425 1753 37.
446 1676 565 1757 hujus),
586 1694 617 1737 et
638 1678 852 1754 consequenter
874 1678 922 1757 (ut
940 1682 973 1737 in
993 1677 1083 1738 Schoi.
1105 1695 1133 1739 2.
1154 1680 1243 1756 Prop.

60 1804 105 1863 37.
123 1787 213 1863 injus
244 1789 423 1869 ostendimus)
454 1808 492 1850 ex
523 1789 672 1851 communi
695 1789 836 1853 CivitatIs
867 1793 987 1851 decreto
1019 1790 1119 1853 vivere
1151 1790 1243 1865 cupit.

60 1900 148 1975 Cupit
169 1918 240 1979 ergo
260 1900 365 1975 homo,
385 1900 437 1977 qui
458 1901 589 1962 Ratione
610 1900 742 1976 ducitur,
764 1916 797 1963 ut
817 1899 937 1961 liberius
956 1900 1060 1976 vivut,
1078 1900 1241 1960 communia

60 2008 197 2071 Civitatis
213 2010 280 2086 jura
299 2025 407 2070 tenere.
449 2011 483 2086 Q.
505 2012 542 2070 Ε.
562 2014 602 2071 D.

521 2172 776 2216 scfloutuu.

96 2269 166 2327 Haec
194 2282 225 2327 et
253 2262 368 2341 fimilia,
397 2285 462 2343 quae
491 2269 528 2329 de
557 2286 625 2329 vera
652 2268 781 2330 hominis
811 2268 945 2331 libertate
978 2271 1172 2347 ostendimus,
1204 2273 1240 2331 ad

61 2380 285 2456 Fortitudinem,
306 2380 364 2440 hoc
386 2380 427 2440 est
452 2380 524 2459 (per
543 2379 634 2440 Soliti.
655 2383 744 2461 Prop.
767 2392 815 2459 59.
831 2395 863 2462 p.
885 2383 928 2462 3.)
957 2385 993 2443 nd
1015 2382 1238 2444 Animosrtatem

61 2508 87 2550 et
105 2491 336 2553 Generosrtatem
356 2492 530 2553 referuntur.
571 2495 635 2553 Nec
658 2511 755 2568 operte
778 2493 902 2568 pretium
924 2496 1019 2569 duc0,
1044 2513 1145 2554 omnes
1167 2495 1238 2553 For-

62 2603 190 2665 titudinis
221 2604 417 2680 proprIetates
447 2603 495 2664 hic
526 2602 679 2680 separatim
710 2605 919 2681 demonstrare,
948 2621 978 2665 et
1007 2607 1099 2665 multo
1129 2605 1241 2678 mInus,

63 2719 138 2790 quod
164 2718 210 2778 vit
238 2718 324 2777 fortis
350 2717 493 2778 neminem
522 2717 594 2777 odio
621 2717 746 2793 habeat,
774 2718 881 2779 nemini
909 2718 1061 2795 irascatur,
1090 2718 1238 2792 invident,

64 2801 239 2906 indignetur,
265 2829 408 2890 neminem
437 2827 595 2904 despiciat,
617 2829 792 2904 mimmeque
814 2829 970 2906 superbiat.
1011 2831 1087 2890 Nam
1108 2829 1188 2904 haec,
1209 2844 1239 2889 et

69 2939 172 3014 omnia,
192 2958 258 3015 quae
280 2943 317 3001 ad
337 2957 434 3001 veram
456 2939 598 3002 vitamet
620 2941 806 3019 Religionem
828 2940 973 3018 speciant,
1002 2940 1087 3000 focile
1110 2959 1146 3001 ex
1167 2941 1239 3001 Pro-

70 3048 205 3119 poiitione
227 3065 274 3126 37.
296 3056 326 3112 et
347 3054 396 3130 46.
417 3050 506 3128 huJ'us
527 3051 622 3112 Partis
641 3052 876 3126 convincuntur;
905 3070 1007 3126 nempe
1029 3053 1110 3128 quod
1132 3051 1239 3111 Odium

68 3159 166 3220 Amore
196 3176 298 3223 contra
331 3161 507 3224 vincendum
538 3161 589 3238 Iit,
621 3177 651 3222 et
683 3165 765 3240 quod
797 3161 1014 3238 unusquisque,
1036 3162 1087 3238 qui
1109 3161 1239 3222 Ratione

69 3270 189 3347 ducitur,
210 3274 337 3348 bonum,
359 3277 440 3350 quod
462 3273 513 3333 sibi
535 3274 667 3350 appetit,
687 3273 807 3350 reliquis
828 3272 916 3334 etiam
938 3289 970 3336 ut
991 3274 1039 3350 stt,
1060 3275 1168 3349 cupiat.
1189 3276 1238 3336 Ad

68 3385 138 3454 quod
158 3383 272 3443 accedit
292 3383 339 3458 id,
360 3384 442 3461 quod
463 3384 493 3444 In
516 3384 635 3445 Scholio
664 3359 878 3460 Proposrtionis
900 3397 947 3458 50.
969 3385 1056 3461 hujus
1078 3385 1186 3462 Portis,
1207 3402 1237 3446 et

66 3493 120 3553 eliis
139 3495 168 3556 in
189 3496 264 3556 locis
286 3495 471 3559 notavimus:
501 3499 583 3573 quod
611 3496 721 3557 scilicet
743 3496 787 3559 vir
808 3496 895 3556 fortis
916 3496 974 3556 hoc
996 3495 1123 3572 apprime
1145 3497 1237 3556 conir-

67 3608 152 3682 deret,
180 3626 284 3684 nempe
313 3611 394 3684 quod
423 3609 520 3669 omnia
547 3629 584 3668 ex
613 3611 775 3672 neceffitate
804 3609 911 3672 dlvinae
934 3625 1043 3670 nnturae
1066 3610 1236 3686 sequantur,

67 3733 93 3774 rc
121 3717 243 3792 proinde
274 3718 417 3796 quicquid
448 3721 597 3782 molestum
630 3739 660 3782 et
691 3725 794 3784 maium
818 3721 872 3782 eise
895 3722 1026 3800 cogitat,
1046 3738 1076 3782 et
1097 3721 1236 3798 quicquid

68 3845 193 3900 preterea
226 3831 363 3906 impium,
393 3833 585 3910 horrendum,
617 3834 770 3910 injustum,
799 3851 828 3894 et
856 3850 941 3910 turpe
972 3835 1103 3908 viderur,
1135 3853 1171 3892 ex
1200 3851 1236 3892 eo

68 3939 164 4018 oritur,
186 3945 269 4018 quod
298 3960 343 4002 tes
371 3943 447 4018 ipsas
468 3947 653 4019 perturbate,
674 3945 825 4020 mutilare,
846 3961 877 4004 et
898 3944 1018 4005 contuse
1040 3943 1186 4018 concipit;
1208 3959 1238 4004 et

68 4050 112 4112 hac
131 4055 166 4114 de
187 4053 273 4115 causo
295 4053 424 4130 apprime
444 4073 569 4118 conatur
590 4077 652 4132 res,
673 4073 706 4119 ut
728 4058 757 4118 in
778 4057 805 4117 se
825 4058 908 4132 sunt,
927 4055 1096 4132 concipere,
1115 4071 1145 4114 et
1164 4073 1237 4117 verae

68 4165 237 4242 cognitionis
268 4167 475 4244 iupedimenta
506 4189 663 4246 amovere,
697 4187 729 4232 ut
762 4170 828 4230 sunt
860 4169 984 4244 Odium,
1016 4168 1077 4243 Ira,
1107 4167 1238 4242 Invidia,

67 4273 163 4354 Inisro,
184 4279 347 4354 Superbia,
369 4281 529 4356 etreliqua
551 4281 737 4358 hujusmodi,
759 4299 824 4356 quae
848 4280 876 4339 in
899 4278 1131 4354 procedentibus
1152 4293 1237 4337 nota-

1107 4374 1137 4424 ro
