2934 4900
484 253 814 316 Annotationes
841 248 881 312 in
905 253 1051 315 Trect.

733 427 805 489 XIII

664 569 711 637 (td
728 583 787 638 rte·
803 569 880 638 or)-

217 753 303 814 Rzo.
323 751 384 813 LB.
404 752 526 813 Munn.
552 749 644 834 Quod
659 749 709 811 hic
728 765 832 813 textus
853 751 963 812 nullum
984 751 1065 814 aliud
1085 767 1203 829 tempus
1224 749 1367 828 respiciat

177 881 264 942 quam
292 849 393 941 illud,
412 879 475 941 quo
504 861 653 944 Josephus
681 861 741 924 suit
772 861 913 926 venditur
925 907 935 938 ‚
965 879 1027 924 non
1059 879 1173 924 tantum
1203 880 1243 923 ex
1274 861 1367 940 ipfius

177 975 320 1039 orationis
350 990 497 1037 contextu
524 974 655 1053 constat,
686 975 737 1038 sed
768 975 856 1037 etiam
888 993 926 1036 ex
957 974 1018 1052 ipsa
1049 973 1137 1052 ipsius
1167 975 1252 1056 Judae
1276 990 1367 1036 aerate

176 1086 340 1168 colligitur,
367 1087 420 1165 qui
445 1103 508 1149 tum
538 1086 680 1164 temporis
710 1086 878 1168 vigeiimum
900 1087 1057 1148 secundnm
1081 1087 1177 1148 etatis
1199 1105 1310 1148 annum
1328 1090 1367 1149 ad

177 1202 315 1263 summum
334 1203 457 1279 egebat,
475 1199 497 1261 st
517 1219 555 1260 ex
574 1197 663 1276 ipfiut
683 1199 861 1276 praecedenti
882 1198 1001 1260 historia
1019 1199 1160 1260 calculum
1173 1199 1270 1259 facere
1281 1199 1365 1260 licet.

176 1315 253 1376 Nam
283 1330 322 1374 ert
351 1331 415 1390 cap.
446 1331 494 1390 29.
525 1310 569 1375 vs.
598 1313 703 1373 ultimo
736 1311 886 1372 Geneseos
917 1327 1058 1388 apparet,
1078 1313 1160 1388 quod
1176 1313 1254 1392 Juda
1276 1326 1367 1374 natus

177 1423 266 1487 fuerit
295 1442 374 1486 anno
404 1423 539 1500 decimo,
569 1443 586 1484 a
618 1442 680 1500 quo
710 1425 840 1504 Jacobus
871 1422 1036 1484 Patriarcha
1067 1424 1082 1457 *
1113 1423 1218 1486 servire
1250 1423 1367 1499 incepit

176 1539 316 1614 Labano,
335 1537 482 1618 Josephue
502 1553 599 1598 aurem
620 1536 735 1598 decimo
757 1553 872 1613 quarto.
885 1537 960 1597 Cum
972 1537 1072 1613 itaque
1083 1536 1114 1571 **
1131 1536 1192 1612 ipse
1202 1536 1367 1617 Josephue,

177 1668 243 1712 cum
263 1652 457 1727 venderetur,
476 1649 572 1710 aetatis
592 1649 736 1711 decimum
756 1648 909 1726 septimum
932 1649 1025 1727 egerit
1045 1667 1169 1724 annum,
1190 1666 1261 1727 ergo
1272 1649 1367 1728 Judes

178 1779 241 1826 tum
259 1763 401 1842 temporis
425 1781 519 1826 annos
540 1762 647 1842 viginti
668 1778 699 1824 et
720 1780 810 1824 unum
834 1777 920 1824 natus
941 1777 1021 1838 erat,
1049 1780 1109 1823 non
1139 1761 1274 1838 amplius.
1305 1761 1367 1845 Qui

177 1879 267 1959 igitur
286 1879 360 1940 hanc
380 1881 464 1960 Judae
486 1877 654 1939 diuturnam
672 1878 762 1938 domo
781 1875 940 1938 absentiam
952 1891 1019 1936 ante
1030 1875 1150 1957 Josephi
1161 1874 1366 1939 venditionem

178 1989 330 2071 contigiise
352 1992 475 2051 credunt
494 1989 559 2067 ξ’,
579 1988 631 2050 fibi
652 1987 783 2050 blandire
805 1988 939 2064 student,
951 2002 982 2048 et
993 1989 1029 2048 de
1040 1987 1195 2063 Scripturae
1206 1985 1366 2050 divinitate

179 2103 271 2183 magis
291 2101 409 2164 solliciti
429 2119 516 2180 quam
535 2100 609 2162 certi
630 2100 697 2163 sunt
717 2100 746 2180 †.

213 2263 227 2294 ⁹
243 2262 331 2324 LB‚M
348 2260 472 2312 omittunt
479 2260 652 2312 Patriarcita.
702 2259 731 2291 ⁸*
749 2260 799 2322 LB,
814 2260 858 2310 M:
876 2260 969 2326 igitur.
1018 2259 1062 2322 ἦ·
1080 2259 1129 2322 Lo,
1143 2260 1186 2310 Mt
1201 2261 1367 2312 contendunt.

211 2343 295 2410 '[LB,
311 2345 353 2394 M:
366 2343 481 2408 student,
498 2345 530 2394 dt
547 2344 686 2410 Scriptura
703 2375 712 2393 .
728 2375 737 2394 .
754 2375 762 2394 .
775 2342 901 2408 sollicitis
919 2374 928 2393 .
944 2374 952 2392 .
969 2373 978 2392 .
994 2343 1084 2392 certis.

737 2568 810 2629 xiv

668 2711 715 2776 (td
732 2726 791 2778 nm·
807 2710 884 2779 494)-

219 2892 305 2951 Rro.
325 2891 385 2952 LB.
405 2892 526 2953 Munn.
545 2892 622 2951 Nam
642 2892 725 2967 quod
746 2890 864 2967 quidam
887 2903 1011 2966 purant,
1031 2891 1174 2971 Jacobum
1197 2890 1225 2949 8.
1247 2890 1296 2952 vel
1320 2907 1366 2951 10.

179 3023 273 3065 annos
293 3005 369 3065 inter
389 3004 635 3081 Mesopotamiam
657 3020 687 3064 et
708 3004 793 3064 Berel
814 3001 1059 3082 peregrinaviise,
1080 3003 1230 3064 stultitiam
1241 3004 1366 3079 redolet,

179 3117 262 3193 quod
293 3134 365 3191 pace
404 3119 491 3177 Aben
528 3118 651 3196 ngzrae
691 3115 814 3177 dixerim
846 3116 871 3175 *.
900 3117 976 3175 Nam
1008 3133 1069 3175 non
1099 3129 1212 3175 tantum
1244 3132 1366 3191 propter

179 3227 366 3304 desidorium,
387 3247 448 3306 quo
469 3228 529 3289 fine
557 3226 650 3290 dubio
678 3230 852 3302 tenebatur,
873 3225 994 3290 videndi
1018 3226 1090 3305 [LB,
1112 3226 1161 3287 M:
1184 3227 1364 3301 provectiffi·

179 3359 232 3401 mae
260 3338 368 3423 aetatis]
401 3356 552 3417 parentes,
581 3340 631 3401 sed
659 3337 747 3400 etiam
781 3338 861 3421 [LB,
883 3341 934 3400 M:
956 3353 987 3399 et
1008 3339 1185 3417 praecipue],
1205 3354 1239 3400 ut
1259 3355 1364 3403 votum

178 3455 305 3517 solveret
328 3454 462 3534 [LB,M:
483 3456 565 3532 quod
585 3467 711 3516 voverat
732 3470 799 3512 cum
820 3452 936 3512 fratrem
958 3450 1086 3531 fugeret]
1106 3450 1188 3530 (vide
1207 3452 1282 3512 Gen.
1301 3470 1364 3529 cap.

179 3566 227 3626 28.
249 3565 291 3627 vs.
318 3581 363 3626 ro.
384 3581 414 3626 et
434 3584 500 3641 cap.
519 3581 566 3641 31.
587 3564 629 3628 vs.
644 3582 689 3641 13.
714 3564 787 3644 [LB,
809 3565 859 3625 M:
882 3578 911 3624 et
933 3580 997 3640 cap.
1009 3572 1057 3640 35.
1079 3561 1198 3647 vs.1]),
1223 3580 1364 3643 quantum

179 3678 281 3756 potuit
312 3678 461 3741 festinavit
494 3679 577 3755 [LB,
598 3680 648 3739 M:
681 3682 718 3739 ad
750 3680 832 3754 quod
861 3677 948 3738 etiarn
976 3676 1148 3739 solvendum
1169 3679 1250 3740 Deus
1272 3679 1365 3755 ipsum

179 3792 295 3853 monuit
327 3791 447 3870 (Genes.
481 3811 544 3868 cap.
567 3808 614 3868 31.
643 3791 686 3854 vs.
708 3808 736 3868 3.
765 3806 795 3851 et
828 3790 889 3869 13.)
918 3805 949 3850 et
969 3790 1109 3852 auxilium
1130 3790 1231 3867 suurn,
1251 3810 1313 3868 quo
1334 3792 1365 3853 in

180 3904 303 3982 patriam
331 3906 505 3981 duceretur,
533 3902 690 3986 promisrr].
718 3905 809 3987 Quod
829 3902 850 3963 ii
871 3918 967 3963 tamen
987 3903 1032 3964 hae
1065 3902 1241 3980 conjecture
1263 3904 1365 3979 potius

180 4035 267 4094 quam
299 4017 429 4078 rationes
461 4016 615 4093 videntur,
648 4034 700 4094 age
723 4017 918 4076 concedamus
925 4059 935 4091 ,
955 4017 1099 4096 Jacobum
1120 4016 1148 4077 8.
1168 4018 1227 4078 vel.
1251 4032 1298 4077 10.
1305 4062 1315 4093 ,
1336 4034 1365 4080 et

179 4128 199 4189 ii
223 4128 320 4203 placet
347 4130 445 4204 plures
473 4128 606 4205 insuper,
635 4145 728 4189 annos
757 4126 841 4190 brevi
860 4127 919 4188 hoc
939 4126 1059 4204 itinere,
1081 4126 1173 4204 pejori
1193 4128 1257 4187 fato
1279 4147 1365 4205 quam

179 4237 302 4301 Ulissem
333 4242 426 4300 atium
458 4241 505 4314 **,
538 4239 750 4316 consumpiiiie.
783 4242 850 4301 Hoc
882 4254 960 4300 certe
991 4257 1096 4319 negare
1126 4258 1186 4302 non
1207 4256 1367 4319 poterunt,
