2934 4900
569 335 624 395 De
654 334 753 396 Deo.
1210 334 1248 393 61

49 505 179 569 euenuae
211 524 300 583 quant
328 506 490 569 existentiae
518 510 601 570 Deus
627 528 665 569 ex
693 510 856 571 necestitate
885 509 942 570 Iuae
968 525 1080 571 neturae
1102 510 1142 571 est
1163 510 1249 571 cause

50 618 186 681 efficitur
206 616 279 698 (per
297 620 388 699 Prnp.
409 631 458 695 25.
478 633 507 679 et
530 620 602 700 16.);
629 622 794 697 quoderat
814 619 947 697 primurn.
989 621 1039 681 Ex
1059 640 1121 699 quo
1142 622 1248 697 etiarn,

52 734 138 806 quod
166 730 299 792 secundo
326 731 521 807 proponitur,
548 731 692 793 elurifflme
716 730 856 808 sequitur.
897 734 972 793 Nam
1003 732 1025 793 st
1053 750 1115 809 res,
1144 750 1248 811 quaea

53 844 122 905 Deo
150 842 345 904 determinata
374 842 517 917 nonest,
543 841 572 905 se
600 843 689 920 ipsam
718 844 908 907 determInnre
936 844 1048 922 ponet,
1069 847 1160 923 priua
1183 866 1249 924 pars

51 954 145 1032 hujus
165 956 236 1017 falsu
257 955 344 1031 effen
366 958 449 1033 quod
470 956 511 1017 est
531 956 704 1034 absurdum,
726 973 759 1019 ut
780 956 970 1020 ostendimur.

416 1115 745 1178 PROPOSITIO
776 1115 901 1177 XXVII.

92 1226 175 1302 Res,
203 1243 268 1303 que
286 1244 306 1286 a
326 1228 391 1286 Deo
418 1228 460 1286 ad
484 1228 600 1304 alr'qm'd
624 1229 799 1307 operandum
820 1229 1012 1289 determinata
1032 1230 1086 1309 est,
1100 1232 1137 1309 se
1155 1235 1272 1311 ipsam,

51 1340 310 1399 indeterminatam
330 1339 450 1399 reddere
469 1358 524 1398 non
541 1340 641 1419 peresi.

464 1485 861 1531 nunonsnnnrru

95 1581 171 1640 Haec
192 1579 361 1658 Propotirio
383 1595 466 1657 patet
485 1598 523 1640 ex
543 1580 703 1641 Axionnre
725 1580 826 1641 tertio.

407 1740 737 1802 PROPOSITIO
768 1739 908 1801 XXVIII.

95 1854 288 1931 Quodcunque
309 1852 476 1931 fingulare,
497 1851 560 1930 fine
588 1856 699 1929 quevis
720 1871 767 1911 res
773 1897 784 1929 ‚
804 1870 868 1929 que
880 1853 977 1933 finita
997 1853 1051 1932 est,
1072 1866 1100 1913 et
1119 1854 1252 1914 determi-

54 1979 156 2024 natam
177 1962 266 2025 habet
287 1965 483 2043 existentiam,
501 1984 557 2032 non
574 1964 664 2043 potest
683 1964 821 2042 exiliere,
842 1984 892 2024 nee
910 1966 953 2025 ad
969 1966 1143 2045 operandum
1159 1967 1253 2027 deter-

56 2080 185 2151 nt‘narr',
206 2076 262 2153 m'st
280 2078 324 2136 ad
339 2076 511 2155 exrstendum
532 2090 560 2136 er
579 2078 754 2155 operandum
781 2079 987 2138 determinetur
1006 2077 1045 2137 ab
1064 2078 1127 2137 alia
1147 2078 1255 2155 causa,

58 2206 120 2265 qne
141 2192 232 2248 etr'nrn
246 2191 345 2270 finita
365 2188 403 2266 esi
423 2202 451 2247 et
472 2190 693 2249 determinatam
712 2186 801 2249 habet
817 2188 1012 2267 ext'stenn'nm:
1029 2202 1057 2247 et
1073 2189 1179 2266 rursus
1196 2187 1256 2249 dec

57 2302 146 2377 tereste
167 2320 225 2359 non
242 2301 332 2379 potest
352 2304 440 2361 ettam
458 2300 596 2378 exrstere,
622 2319 711 2377 neque
730 2302 774 2361 nd
790 2301 964 2379 operandum
984 2304 1175 2362 determinari
1180 2301 1257 2378 ‚nist

57 2416 94 2474 ab
121 2416 204 2490 atta,
233 2432 297 2492 que
322 2418 409 2476 etiam
426 2413 515 2494 finita
534 2413 573 2493 est
592 2425 621 2473 er
640 2413 861 2473 determinatam
882 2410 968 2474 daber
988 2412 1183 2491 exrstenn'am,
1204 2412 1250 2473 de-

57 2513 235 2588 teentndrur
254 2527 298 2586 ad
314 2527 487 2605 exrflendum
508 2539 536 2586 et
556 2519 747 2606 sperandum,
766 2538 795 2584 et
809 2524 851 2603 fic
869 2528 902 2584 t'n
920 2527 1079 2606 infinitum.

464 2669 862 2715 nnuonrnnnrtn

97 2765 256 2849 Quicquid
284 2765 506 2828 determinatum
535 2765 576 2826 est
604 2769 640 2828 ad
669 2764 851 2827 existendum
878 2781 910 2826 et
937 2766 1133 2841 operandum,
1153 2783 1170 2826 n
1191 2765 1257 2825 Deo

58 2878 94 2938 sic
122 2877 352 2939 detenninnturn
381 2877 422 2938 est
450 2876 521 2959 (per
549 2879 638 2958 Prop.
668 2880 717 2940 26.
739 2891 768 2938 er
789 2879 894 2939 Coreli.
915 2880 1005 2957 Prnp.
1026 2875 1097 2958 αφ).
1139 2879 1182 2937 At
1210 2878 1259 2952 id,

59 2993 143 3066 quod
176 2989 294 3052 finitum
325 2990 366 3051 est
397 3007 427 3052 et
459 2989 678 3053 determinatam
710 2991 800 3052 habet
832 2990 1032 3064 existentiam,
1062 2993 1099 3050 nb
1127 2989 1259 3052 absolun

58 3122 165 3166 natura
194 3105 320 3182 alicujus
348 3105 405 3167 Dei
435 3103 570 3178 attributi
592 3105 716 3182 produci
739 3123 800 3166 non
821 3105 941 3182 potuir;
963 3103 1105 3180 quicquid
1125 3103 1202 3164 enim
1222 3123 1260 3164 ex

60 3215 198 3278 absoluta
228 3232 330 3278 natura
359 3215 483 3294 alicujus
512 3217 570 3278 Dei
591 3215 714 3278 artibuti
737 3215 886 3293 sequitur,
908 3216 937 3277 id
959 3214 1104 3278 infinitum
1125 3230 1155 3276 et
1176 3231 1259 3276 aeter-

59 3347 130 3388 num
165 3327 208 3388 est
238 3327 311 3409 (per
340 3331 430 3408 Prop.
462 3327 534 3410 un).
574 3329 689 3390 Debuit
721 3347 791 3407 ergo
823 3347 863 3390 ex
893 3329 978 3402 Deo,
1005 3329 1054 3390 vel
1075 3326 1176 3403 aliquo
1196 3326 1261 3404 ejus

61 3441 211 3502 attributo
233 3438 331 3516 sequi,
361 3457 507 3518 quatenus
531 3441 632 3519 aliquo
654 3443 746 3502 modo
766 3440 901 3502 affedum
922 3438 1136 3516 confidentem
1157 3455 1262 3516 praeter

61 3552 142 3612 enim
171 3551 357 3614 substantiam
386 3569 416 3613 et
445 3555 550 3614 nodos
578 3553 619 3613 niI
648 3556 733 3614 datur
764 3551 835 3633 (per
854 3552 971 3613 Axium.
996 3568 1020 3613 1.
1049 3566 1077 3612 et
1107 3553 1210 3620 Defin.
1232 3569 1261 3627 3.

63 3678 91 3723 et
113 3661 177 3744 5.);
198 3679 228 3724 et
249 3664 330 3724 modi
351 3663 422 3746 (per
445 3664 548 3726 Coroll.
570 3667 660 3744 Prop.
682 3661 746 3744 25.)
773 3663 846 3724 nihil
866 3663 931 3724 sunt
952 3662 1003 3724 nist
1024 3662 1081 3725 Dei
1102 3662 1262 3725 attributo·

63 3795 127 3836 rum
150 3775 332 3838 affestiones.
374 3776 417 3838 At
448 3793 486 3837 ex
516 3777 602 3852 Deo,
634 3777 682 3838 vel
713 3775 814 3852 aliquo
844 3775 907 3852 ejus
933 3776 1095 3851 attributo,
1116 3791 1262 3853 quatenus

65 3887 202 3949 effestutn
231 3886 272 3948 est
302 3886 540 3962 modificatione,
570 3907 635 3965 qnae
666 3903 772 3950 aeterna
800 3902 831 3948 et
861 3887 974 3949 infinita
995 3889 1053 3963 est,
1073 3886 1155 3964 sequi
1176 3875 1263 3948 eriam

66 4019 127 4061 non
157 4000 258 4076 potuit
286 3999 358 4081 (per
384 4001 474 4080 Prop.
495 3999 566 4082 αι).
608 3999 720 4062 Debuit
743 4019 814 4078 ergo
835 3997 934 4076 sequi,
956 4003 1003 4064 vel
1023 4003 1061 4062 ad
1081 3999 1261 4062 existendum

66 4130 97 4174 et
118 4115 300 4190 operandum
321 4111 522 4182 determinari,
543 4131 560 4173 a
580 4114 647 4174 Deo
667 4115 715 4174 vel
736 4112 837 4189 aliquo
857 4111 921 4189 eius
943 4113 1261 4190 attributo,qunrenns

69 4223 269 4288 modificatum
297 4223 338 4284 est
365 4224 600 4300 modificatione,
629 4243 695 4301 qnae
716 4224 799 4286 finita
821 4223 912 4286 estet
933 4224 1262 4287 determinatam'hnbet

69 4335 263 4397 existentium.
304 4335 396 4418 Quod
417 4351 478 4396 erat
499 4335 632 4413 primum.
672 4335 789 4398 Deinde
810 4336 871 4396 haec
892 4336 988 4400 rursus
1008 4337 1114 4412 cause,
1132 4335 1193 4400 five
1212 4337 1261 4398 hic
