2934 4900
304 328 803 408 Theologieo·Polirici
845 328 992 407 Capr.
1183 345 1241 409 421

30 502 192 581 quamvis
219 502 352 565 absolute
380 506 558 578 concedam,
578 502 676 565 omnia
697 522 734 565 ex
755 502 869 583 legibus
889 503 1102 567 universalibus
1124 504 1245 563 Natura·-

33 616 242 679 determinari
262 620 300 679 ad
320 616 501 679 existendum
522 632 554 677 et
574 618 755 693 operandum
776 632 855 677 certa
867 634 900 677 ac
912 616 1103 678 determinata
1114 615 1247 691 ratione,

35 728 124 790 dico
146 744 261 805 tamen,
280 729 334 791 has
351 729 432 809 leges
452 748 489 790 ex
510 728 622 805 placito
642 728 794 791 hominum
815 731 963 806 pendere:
999 730 1023 789 1.
1045 727 1113 805 quia
1135 728 1246 801 homo,

42 856 206 916 quatenus
232 859 299 918 pars
327 842 368 902 est
394 842 533 917 Naturae,
554 856 677 902 eatenus
698 855 810 917 partem
831 841 976 919 potentia
997 842 1118 903 Natura
1139 839 1247 902 consti-

40 952 133 1029 tuit;
154 972 220 1030 quae
241 953 331 1034 igitur
356 974 394 1015 ex
414 954 581 1015 necellitate
609 968 721 1015 naturae
752 954 886 1015 humanae
917 954 1095 1031 sequuntur,
1125 953 1184 1014 hoc
1206 953 1246 1013 est

44 1086 92 1126 ex
113 1068 230 1128 Natura
256 1065 336 1143 ipsa,
363 1083 511 1144 quatenus
539 1085 602 1127 eam
623 1084 676 1143 per
696 1081 829 1127 naturam
850 1065 1005 1127 humanam
1026 1065 1246 1128 determinatam

45 1178 257 1255 concipimus,
288 1199 339 1255 ca,
370 1178 480 1240 etiamli
521 1178 697 1255 necessario,
735 1178 898 1255 sequuntur
926 1194 1023 1239 tamen
1056 1180 1091 1238 ab
1121 1178 1247 1239 humana

46 1290 210 1368 potentia;
231 1310 338 1368 quare,
359 1292 537 1355 sandionem
558 1292 675 1353 iliarum
695 1292 792 1370 legum
814 1308 851 1351 ex
871 1290 1020 1351 hominum
1042 1289 1153 1366 placito
1174 1308 1246 1365 pen-

47 1408 142 1482 dere,
163 1405 276 1481 optime
298 1404 356 1467 dici
378 1406 492 1481 potest,
515 1404 584 1482 quia
613 1402 761 1480 praecipue
789 1422 805 1465 a
832 1402 968 1480 potentia
988 1404 1121 1464 humanae
1141 1400 1247 1463 mentis

47 1518 99 1579 ita
119 1520 246 1596 pendet,
268 1533 302 1580 ιιι
330 1517 523 1579 nihilominus
549 1519 675 1579 humana
695 1534 794 1593 mens,
816 1530 963 1593 quatenus
991 1533 1036 1577 res
1058 1514 1110 1575 sub
1132 1512 1246 1574 ratione

48 1630 119 1693 veri
147 1645 178 1690 et
204 1630 265 1690 falli
294 1629 438 1707 percipit,
465 1630 524 1691 stne
546 1630 625 1691 hisce
645 1628 762 1708 legibus
788 1627 932 1689 clarillrme
953 1624 1072 1703 concipi
1093 1625 1195 1702 polilt,
1217 1638 1247 1684 at

48 1760 117 1803 non
148 1742 208 1803 stne
227 1743 291 1821 lege
320 1740 490 1818 neceiiaria,
520 1757 555 1803 ut
582 1742 673 1802 modo
701 1740 791 1817 ipsam
813 1736 1008 1802 delinivimus.
1036 1738 1074 1799 Π,
1094 1737 1148 1797 has
1168 1737 1247 1815 leges

50 1874 94 1916 ex
115 1854 227 1931 placito
249 1854 402 1917 hominum
424 1857 551 1932 pendere
570 1854 659 1915 etiam
680 1853 759 1931 dlxi,
785 1853 854 1931 quia
875 1871 920 1914 res
941 1870 993 1930 per
1013 1850 1161 1928 proximas
1182 1848 1247 1913 suas

50 1968 157 2030 causas
179 1968 298 2030 delinire
319 1983 350 2030 et
371 1968 516 2044 explicare
548 1970 703 2044 debemus,
724 1982 756 2027 et
775 1966 824 2027 illa
845 1964 1015 2029 universalis
1035 1963 1248 2040 consideratio,

51 2084 95 2142 de
122 2082 186 2141 fato
211 2096 242 2141 et
270 2080 517 2142 concatenatione
545 2080 710 2156 causarum,
739 2079 855 2140 minime
884 2078 971 2140 nobis
990 2076 1128 2140 inservire
1150 2077 1248 2153 potest

49 2194 95 2255 ad
125 2192 234 2253 nostras
264 2190 462 2273 cogitationes
491 2190 567 2250 circa
597 2208 643 2251 res
674 2189 862 2265 particulares
889 2189 1055 2249 formandas
1081 2203 1169 2264 atque
1196 2204 1244 2247 or·

53 2304 210 2368 dinandas.
241 2306 349 2378 Adde,
380 2305 464 2381 quod
495 2322 551 2365 nos
581 2304 672 2381 ipsam
702 2321 796 2365 rerum
829 2302 1082 2365 coordinationem
1114 2316 1144 2363 et
1176 2322 1248 2363 con·

52 2417 292 2493 catenationem,
317 2416 376 2479 hoc
399 2416 440 2478 est
468 2420 622 2495 quomodo
644 2435 689 2479 res
709 2434 811 2480 revera
832 2416 974 2479 ordinatae
996 2432 1025 2479 et
1046 2432 1248 2479 concatenatae

52 2531 142 2607 sunt,
163 2533 249 2608 plane
278 2531 463 2611 ignoremus,
490 2533 626 2608 adeoque
654 2534 690 2593 ad
718 2531 801 2592 usum
823 2531 894 2594 vitae
916 2531 1035 2608 melius,
1056 2530 1115 2591 imo
1137 2529 1246 2592 necelie

51 2643 115 2720 est,
138 2661 185 2704 res
205 2658 240 2705 ut
262 2643 409 2720 possibiles
431 2643 622 2704 considerare.
663 2645 736 2704 Haec
757 2646 794 2704 de
813 2645 878 2723 lege
900 2643 1033 2704 absolute
1058 2642 1248 2704 considerata.

97 2758 208 2819 Verum
234 2755 402 2834 enimvero,
432 2755 572 2832 quoniam
599 2773 705 2816 nomen
733 2755 807 2834 legis
834 2773 888 2831 per
906 2755 1124 2817 transsationem
1145 2756 1181 2816 ad
1203 2772 1248 2816 res

49 2869 202 2932 naturales
229 2869 410 2945 applicatum
439 2866 574 2944 videtur,
603 2883 634 2928 et
662 2867 857 2929 communiter
885 2885 936 2944 per
963 2869 1055 2946 legem
1076 2865 1148 2927 nihil
1169 2865 1248 2929 aliud

50 2979 230 3060 intelligitur
256 2999 344 3056 quam
365 2963 558 3056 mandatum,
580 2981 662 3057 quod
683 2978 817 3042 homines
838 2995 869 3040 et
891 2979 1028 3055 perficere
1050 2993 1080 3038 et
1103 2977 1247 3058 negligere

52 3091 189 3171 poliunt,
217 3106 326 3166 utpote
355 3092 425 3168 quia
446 3091 612 3167 potentiam
633 3093 788 3152 humanam
810 3091 863 3154 sub
885 3091 972 3152 certis
993 3090 1152 3166 limitibus,
1172 3091 1247 3152 ultra

54 3223 134 3281 quos
159 3203 189 3264 se
218 3203 371 3280 extendit,
393 3203 582 3284 constringit,
609 3223 663 3275 nec
682 3191 794 3280 aliquid
815 3205 898 3280 supra
920 3203 997 3268 vires
1018 3204 1157 3282 imperat;
1178 3204 1246 3266 ideo

55 3319 121 3378 Lex
142 3315 346 3392 particularius
368 3315 532 3378 delinienda
565 3317 700 3393 videtur,
728 3333 833 3394 nempe
855 3319 935 3394 quod
957 3317 991 3377 itt
1012 3316 1086 3378 ratio
1108 3316 1247 3392 vivendi,

56 3447 144 3506 quam
174 3427 265 3490 homo
295 3427 348 3488 irbi
379 3431 428 3490 vel
460 3428 523 3489 aliis
555 3431 594 3490 ob
628 3429 754 3505 aliquem
784 3431 870 3490 linem
899 3429 1068 3505 praelcribit.
1091 3431 1247 3506 Attamen,

57 3540 195 3619 quoniam
224 3558 312 3604 verus
338 3540 404 3602 finis
431 3542 528 3620 legum
559 3541 661 3618 paucis
683 3543 799 3604 sanium
820 3555 921 3618 patere
941 3542 1033 3618 solet,
1054 3558 1084 3602 et
1105 3541 1246 3618 perpluri-

57 3673 133 3716 mum
153 3654 286 3715 homines
308 3656 432 3716 adeum
453 3654 675 3732 percipiendum
697 3655 758 3716 fere
780 3653 873 3731 inepti
896 3655 979 3731 sunt,
1006 3670 1037 3715 et
1058 3653 1130 3716 nihil
1151 3654 1246 3715 minus

58 3785 142 3844 quam
173 3785 211 3828 ex
243 3766 374 3828 Ratione
407 3766 529 3843 vivunt;
561 3766 629 3828 ideo
660 3766 855 3846 legissatores,
884 3782 918 3828 ut
946 3785 1046 3828 omnes
1069 3786 1152 3844 aeque
1174 3787 1245 3830 con·

59 3877 243 3958 stringerent,
265 3877 352 3940 alium
371 3880 476 3954 finem,
495 3879 583 3957 longe
604 3877 749 3941 diversum
772 3881 808 3940 ab
829 3897 885 3955 ιο,
905 3878 955 3956 qui
977 3897 1014 3938 ex
1034 3880 1130 3958 legum
1142 3895 1247 3942 natura

59 3991 216 4054 necessario
237 3991 388 4068 sequitur,
410 3990 557 4068 sapienter
575 3991 755 4068 statuerunt,
776 4009 879 4067 nempe
899 3993 995 4070 legum
1017 3991 1245 4071 propugnatori·

59 4106 114 4164 bus
142 4102 345 4180 promittendo
373 4103 421 4179 id,
449 4107 531 4180 quod
559 4105 665 4183 vulgus
685 4103 809 4164 maxime
830 4119 922 4180 amat,
944 4119 974 4192 et
996 4119 1098 4164 contra
1119 4103 1172 4180 iis,
1193 4103 1244 4181 qui

61 4235 108 4277 eas
127 4215 290 4292 violarent,
310 4215 474 4278 minitando
496 4216 541 4293 id,
563 4219 645 4293 quod
666 4216 790 4276 maxime
812 4217 915 4293 timet;
937 4216 1034 4293 sicque
1055 4216 1155 4278 conati
1177 4216 1244 4278 sunt

61 4329 194 4408 vulgum,
221 4343 360 4410 tanquam
388 4346 495 4410 equum
524 4329 615 4396 fraeno
622 4374 633 4406 ,
661 4331 761 4412 quoad
786 4328 850 4412 ejus
871 4328 932 4395 lieri
954 4329 1068 4412 potest,
1088 4329 1245 4409 cohibere;
