2934 4900
210 348 269 407 440
679 330 917 389 Tractatus

209 504 344 565 homines
361 508 397 565 ab
416 504 599 581 experientia
618 503 719 566 doceri
736 505 861 581 malunt,
880 524 965 580 quam
984 524 1087 567 omnes
1106 506 1169 567 strar
1188 507 1408 584 perceptiones

211 634 249 676 ex
282 616 384 691 paucis
414 616 611 677 axiomatibus
652 618 813 691 deducere,
845 630 875 676 et
906 616 1031 679 invicem
1064 633 1268 679 concatenare.
1310 622 1408 681 Unde

211 727 356 803 sequitur,
384 731 481 803 quod,
509 727 529 787 st
558 728 625 804 quis
653 728 813 789 doeirinam
843 728 968 805 aliquam
997 729 1138 807 integram
1168 730 1344 804 nationem,
1371 750 1407 790 ne

211 837 304 900 dicam
325 839 489 901 universum
510 840 666 901 humanum
687 858 797 919 genua,
822 842 944 915 docere,
966 856 997 901 et
1015 842 1050 901 ab
1072 840 1409 903 omnibusinomnibus

211 950 334 1030 intelligi
364 952 447 1025 vult,
482 952 508 1012 is
538 970 596 1013 rem
627 952 706 1013 suam
738 953 798 1015 sola
839 953 1020 1029 experientia
1058 955 1226 1015 confirmare
1259 970 1406 1031 tenetur,

211 1060 400 1136 rationesque
421 1060 486 1121 suas
507 1078 537 1121 et
558 1078 650 1123 rerum
671 1064 868 1123 docendarum
890 1062 1078 1124 definitiones
1099 1066 1136 1123 ad
1154 1079 1272 1139 captum
1285 1064 1408 1139 plebis,

213 1190 278 1249 quae
310 1172 462 1233 maximam
493 1173 611 1235 humani
641 1172 755 1252 generis
786 1188 897 1249 partem
929 1174 1099 1250 componit,
1131 1175 1254 1235 maxime
1284 1196 1408 1237 accom-

212 1287 347 1361 modare,
373 1302 433 1347 non
464 1300 561 1347 autem
590 1304 639 1346 eas
667 1301 879 1361 concatenare,
907 1302 1002 1361 neque
1023 1284 1229 1361 definitiones,
1251 1268 1346 1364 prout
1371 1294 1408 1351 ad

213 1398 342 1459 rationes
380 1400 485 1460 melius
522 1376 775 1461 concatenandum
814 1399 992 1473 inserviunt,
1031 1402 1161 1474 tradere;
1199 1400 1270 1461 alias
1306 1403 1408 1463 dodiis

212 1525 326 1571 tantum
358 1510 478 1587 scribet,
508 1512 566 1572 hoc
599 1511 655 1586 est,
687 1530 703 1571 a
735 1510 906 1587 paucissimis
937 1526 1052 1571 tanturn
1083 1510 1269 1587 hominibus,
1291 1512 1314 1572 sr
1336 1532 1407 1573 cum

213 1622 332 1698 reliquis
363 1638 586 1698 comparentur,
617 1622 728 1699 poterit
759 1622 893 1701 intelligi.
935 1624 1009 1683 Cum
1038 1622 1139 1698 itaque
1167 1638 1231 1683 tota
1250 1622 1406 1700 Scriptura

213 1734 243 1793 in
271 1734 353 1795 usuro
381 1735 501 1814 integrae
530 1736 662 1797 nationls
689 1734 787 1811 prius,
808 1750 837 1796 et
859 1738 976 1797 tandem
999 1735 1124 1796 universi
1145 1734 1264 1795 humani
1285 1738 1406 1814 generis

213 1848 342 1907 revelata
370 1846 475 1920 fucrit,
503 1845 659 1907 necessario
687 1866 738 1922 ea,
766 1866 832 1924 quae
859 1847 889 1908 in
911 1847 971 1924 ipsa
993 1848 1201 1922 continentur,
1223 1851 1260 1909 ad
1281 1866 1404 1925 captum

213 1958 308 2034 plebis
327 1958 450 2019 maxime
471 1960 682 2021 accommodari
704 1961 926 2035 debuerunt,et
938 1960 998 2019 sola
1009 1960 1192 2036 experientia
1203 1963 1404 2037 comprobari.

212 2071 288 2129 Rem
319 2070 425 2131 clarius
454 2070 644 2146 explicemur.
685 2073 759 2154 Qua
790 2072 939 2148 Scriptura
972 2074 1078 2133 docere
1110 2073 1193 2146 vult,
1224 2090 1289 2148 quae
1313 2072 1405 2133 solam

215 2179 444 2255 speculationem
474 2182 622 2258 spediant,
651 2183 714 2243 haec
747 2184 921 2259 porisfimum
953 2183 1035 2257 sunt,
1068 2200 1172 2258 nempe
1205 2184 1266 2244 dari
1287 2185 1405 2257 Deum,

212 2290 274 2353 live
294 2309 363 2367 ena,
384 2295 467 2367 quod
495 2294 591 2353 omnia
613 2294 701 2369 fecit,
723 2310 753 2355 et
776 2294 882 2355 summa
912 2294 1052 2371 sapientia
1073 2294 1171 2373 dirigit
1193 2309 1224 2355 et
1244 2295 1406 2371 sustentat;

214 2406 349 2480 ecquod
376 2404 526 2467 hominum
556 2404 690 2467 summam
717 2406 808 2468 habet
830 2424 943 2483 curam,
963 2424 1067 2483 nempe
1090 2424 1208 2480 eorum,
1229 2406 1281 2483 qui
1301 2406 1350 2482 pie
1374 2424 1405 2467 et

213 2517 332 2578 honeste
360 2518 481 2594 vivant;
507 2519 637 2596 reliquos
666 2535 762 2581 autem
791 2519 889 2580 multis
919 2518 1069 2594 suppliciis
1098 2518 1201 2594 punit,
1222 2533 1254 2579 et
1275 2539 1291 2579 a
1314 2520 1404 2580 bonis

214 2629 353 2708 segregat.
394 2631 495 2706 Atque
523 2631 586 2691 haec
614 2630 763 2707 Scriptura
791 2631 852 2692 sola
880 2630 1064 2707 experientia
1085 2633 1276 2707 comprobat,
1297 2649 1404 2706 nempe

214 2737 251 2797 iis
276 2755 349 2813 quas
376 2755 471 2798 narrat
495 2738 639 2814 historiis;
667 2758 721 2799 nec
751 2741 823 2800 ullas
850 2740 949 2800 harum
971 2757 1064 2800 rerum
1086 2738 1274 2800 definitiones
1295 2740 1404 2814 tradit,

213 2849 264 2910 sed
284 2849 381 2910 omnia
402 2852 492 2912 verba
513 2867 544 2912 et
565 2850 697 2912 rationes
719 2851 820 2926 captui
842 2851 936 2926 plebis
957 2853 1170 2912 accommodat.
1202 2851 1243 2910 Et
1265 2852 1403 2927 quamvis

216 2960 400 3036 experientia
420 2962 528 3022 nullam
548 2962 649 3022 harum
669 2979 764 3023 rerum
786 2963 888 3022 claram
911 2961 1112 3040 cognitionem
1134 2963 1200 3022 dare
1223 2961 1326 3035 pulsat,
1346 2981 1402 3022 nec

215 3077 340 3148 docere,
360 3073 433 3150 quid
453 3075 537 3134 Deus
558 3074 610 3150 lit,
630 3090 661 3134 et
681 3092 740 3150 qua
761 3073 876 3136 ratione
898 3091 942 3136 res
964 3091 1066 3134 omnes
1087 3073 1225 3134 sustentet
1238 3089 1268 3133 er
1280 3073 1402 3152 dirigat,

214 3185 425 3262 hominumque
447 3205 543 3247 curam
563 3187 688 3261 habeat,
708 3187 807 3261 potell
828 3201 923 3248 tarnen
950 3186 1085 3247 homines
1105 3199 1219 3248 tantum
1242 3188 1349 3247 docere
1371 3205 1401 3248 et

214 3297 391 3372 illuminare,
420 3313 562 3375 quantum
594 3301 631 3358 ad
662 3297 859 3360 obedientiam
892 3314 922 3359 et
953 3298 1146 3359 devotionem
1177 3316 1278 3358 eorum
1299 3299 1401 3360 animis

216 3407 436 3483 imprimendum
458 3406 574 3468 sufficit.
595 3409 696 3483 Atque
718 3425 756 3466 ex
778 3405 823 3468 his
845 3407 913 3468 satis
934 3407 1009 3466 clare
1031 3407 1161 3468 constare
1182 3421 1275 3482 putu,
1294 3408 1400 3483 quibus

216 3536 246 3580 et
267 3539 326 3596 qua
347 3519 461 3580 ratione
489 3521 562 3580 fides
588 3519 770 3580 historiarum
791 3519 821 3578 in
843 3518 928 3578 sacris
949 3532 1153 3578 contentarum
1173 3516 1328 3579 necessaria
1349 3518 1398 3580 sn:

215 3651 254 3691 ex
283 3633 373 3692 modo
404 3630 524 3691 ostensis
556 3631 633 3690 enirn
664 3630 872 3692 evidentilhme
904 3629 1052 3707 sequitur,
1083 3647 1180 3691 earum
1212 3630 1348 3692 notitiam
1369 3648 1397 3691 et

215 3744 300 3804 fidem
331 3743 438 3821 vulgo,
467 3742 552 3818 cujus
578 3741 727 3821 ingenium
757 3745 792 3804 ad
814 3760 859 3803 res
881 3744 954 3804 clare
976 3758 1006 3802 et
1027 3741 1160 3804 distinete
1180 3741 1397 3818 percipiendum

216 3871 275 3914 non
308 3856 403 3929 valet,
434 3853 541 3914 summe
573 3852 627 3914 elle
659 3851 851 3913 necelsariam.
893 3851 1026 3926 Deinde,
1047 3869 1130 3924 eum,
1152 3849 1203 3927 qui
1227 3869 1276 3912 eas
1298 3867 1397 3930 negat,

216 3965 286 4041 quia
307 3983 367 4026 non
388 3965 481 4025 credit
501 3966 598 4025 Deum
619 3962 693 4036 esse,
713 3981 809 4038 neque
831 3981 896 4024 eum
907 3965 994 4024 rebus
1005 3977 1035 4022 et
1046 3959 1216 4024 hominibus
1227 3961 1397 4036 providere,

216 4075 337 4151 impium
358 4075 429 4152 elle;
458 4075 509 4152 qui
531 4090 628 4136 autem
649 4093 698 4135 eaa
720 4073 853 4152 ignorat,
876 4089 906 4134 et
927 4071 1127 4134 niholominus
1147 4072 1256 4134 lumine
1279 4075 1396 4136 naturali

216 4186 319 4260 novit,
345 4189 440 4248 Deum
470 4186 545 4260 else,
567 4201 683 4262 etqua
705 4203 795 4262 porro
816 4186 961 4258 diximus,
982 4199 1011 4244 et
1033 4183 1139 4245 deinde
1159 4201 1258 4246 veram
1279 4185 1395 4248 vivendi

215 4294 357 4365 rationem
386 4295 492 4379 habet,
522 4299 639 4361 beatum
672 4295 794 4358 omnino
826 4295 897 4379 elle,
929 4296 988 4358 imo
1018 4295 1110 4372 vtrlgo
1131 4295 1313 4372 beatiorem,
1334 4297 1395 4384 quia
