2934 4900
228 354 286 427 176
643 349 826 412 Ethices
852 349 922 411 Pars
942 349 994 412 ΙΙΙ.

805 528 842 588 X.

262 641 385 701 Devotio
406 639 447 701 est
466 641 559 701 Amor
579 657 647 719 erga
667 658 751 717 eum,
772 658 858 717 quem
881 638 1061 702 admiramur.

664 786 973 831 exsulent-10.

263 881 497 944 Admirationem
525 881 597 943 oriri
624 899 663 942 ex
689 881 731 943 tei
759 881 914 958 novitate,
936 882 1114 944 ostendimus
1135 880 1344 958 Propofitione
1368 892 1419 955 52.

222 992 320 1069 hujus.
340 993 371 1054 Si
389 993 479 1072 igitur
496 994 664 1073 contingat,
682 1009 717 1055 ut
735 993 780 1071 id,
799 997 881 1071 quod
899 994 1085 1071 admiramur,
1100 992 1176 1069 saepe
1186 992 1382 1072 imaginemur
1393 994 1420 1067 *,

222 1102 301 1165 idem
332 1103 465 1166 admirari
493 1103 671 1182 definemus;
693 1121 784 1183 atque
805 1108 880 1168 adeo
903 1106 1053 1183 videmus,
1074 1104 1256 1169 Deuotionis
1276 1104 1419 1166 affeetum

223 1216 308 1277 facile
329 1216 360 1277 in
380 1216 536 1294 {implicem
556 1219 695 1280 Amorem
717 1221 902 1299 degenerare.

790 1366 841 1425 XI.

261 1478 365 1557 Irra'fio
392 1478 433 1539 est
460 1477 582 1541 Laetitia
610 1493 675 1539 orta
704 1496 742 1538 ex
765 1495 820 1554 eo,
841 1480 923 1555 quod
945 1476 1073 1554 aliquid,
1094 1478 1176 1554 quod
1197 1475 1421 1537 contemnimus

221 1589 251 1650 in
272 1607 320 1667 re,
341 1608 428 1667 quam
449 1590 582 1668 odimus,
603 1590 631 1651 ei
652 1589 741 1651 inefie
763 1590 962 1669 imaginamur.

660 1752 971 1797 rxrnrcnrro

261 1844 417 1927 Quatenus
447 1864 523 1921 rem,
554 1864 642 1923 quam
674 1844 806 1923 odimus,
838 1846 1073 1921 contemnimus,
1100 1860 1223 1908 eatenus
1250 1847 1287 1906 de
1309 1848 1418 1907 eadem

220 1956 401 2019 existentiam
429 1976 568 2037 negamus
595 1957 678 2036 (vide
705 1956 797 2020 Schol.
819 1960 908 2039 Prop.
931 1970 979 2034 52.
1001 1956 1120 2038 husius),
1141 1972 1173 2019 et
1193 1971 1318 2018 eatenus
1341 1956 1419 2036 (per

220 2068 309 2147 Prop.
339 2085 388 2130 so.
418 2067 519 2149 hujus)
548 2070 688 2131 laetamur.
719 2070 779 2132 Sed
799 2070 939 2147 quoniam
960 2068 1171 2147 supponimus,
1191 2066 1343 2129 bominem
1367 2068 1417 2145 id,

220 2182 303 2256 quod
333 2178 451 2257 irridet,
481 2180 553 2242 odio
584 2197 681 2243 tamen
708 2182 833 2259 habere,
854 2180 1003 2259 sequitur,
1023 2181 1099 2243 banc
1120 2179 1267 2242 Laetitiam
1288 2178 1417 2242 solidam

218 2308 281 2352 non
302 2290 367 2353 efie.
399 2293 468 2355 Vid.
488 2290 579 2355 Schol.
600 2295 690 2373 Prop.
711 2308 760 2374 47.
782 2292 877 2369 hujus.

779 2421 846 2483 XII.

259 2533 333 2614 Spes
353 2534 395 2595 est
414 2533 581 2597 inconstans
602 2534 740 2612 Laetitia,
761 2548 827 2596 orta
848 2552 885 2595 ex
902 2534 968 2596 idea
986 2533 1027 2595 rei
1046 2534 1152 2595 futurae
1170 2535 1218 2597 vel
1237 2533 1401 2609 praeteritae
1407 2579 1417 2610 ‚

218 2648 255 2708 de
275 2645 361 2724 cujus
381 2663 493 2711 eventu
514 2647 701 2725 aliquatenus
722 2647 903 2711 dubitamus.

777 2776 858 2838 XIII.

256 2889 358 2950 Metus
377 2889 419 2951 est
438 2889 606 2951 inconstans
625 2889 775 2965 Tristitia,
803 2905 869 2951 orta
890 2907 928 2950 ex
949 2887 1015 2951 idea
1036 2887 1077 2948 rei
1098 2888 1206 2950 futurae
1227 2887 1276 2950 vel
1298 2903 1411 2964 praete·

215 3000 295 3077 ritae,
316 3005 353 3063 de
374 3001 459 3079 cujus
479 3019 592 3066 eventu
612 3003 800 3081 aliquatenus
822 3001 1000 3064 dubitamus.
1044 3002 1118 3062 Vide
1139 3003 1173 3062 de
1193 2999 1240 3062 lu's
1260 2998 1358 3062 Schol.
1382 3019 1413 3062 2.

216 3113 306 3193 Prop.
330 3112 376 3173 18.
397 3111 493 3191 hujus.

652 3213 963 3257 mxrurcnnro

254 3299 303 3361 Ex
333 3299 379 3362 his
407 3301 631 3366 definitionibus
660 3303 792 3380 sequitur
798 3349 808 3380 ,
829 3323 890 3365 non
913 3302 974 3365 dari
994 3303 1081 3379 Spem
1102 3301 1162 3363 fine
1181 3301 1288 3377 Metu,
1310 3319 1415 3380 neque

215 3411 332 3472 Metum
352 3412 411 3474 fine
431 3414 500 3490 Spe.
531 3415 591 3497 Qui
613 3415 689 3477 enim
711 3417 770 3492 Spe
791 3419 902 3492 pendet
924 3431 954 3477 et
975 3417 1012 3477 de
1033 3415 1075 3476 rei
1095 3427 1207 3477 eventu
1227 3413 1370 3490 dubitat,
1389 3413 1416 3476 is

214 3519 325 3599 aliquid
355 3520 504 3602 imaginari
536 3525 731 3602 supponitur,
764 3529 847 3604 quod
868 3527 910 3589 rei
931 3528 1038 3589 futurae
1060 3525 1242 3588 existentiam
1263 3524 1415 3603 secludit;

213 3649 304 3712 atque
331 3638 407 3698 adeo
427 3652 550 3699 eatenus
571 3638 735 3701 contristari
757 3638 829 3719 (per
849 3641 940 3720 Prop.
965 3653 1011 3718 19.
1032 3637 1148 3719 nujus),
1170 3654 1201 3700 et
1220 3637 1415 3718 consequen-

212 3759 275 3821 ter,
308 3747 376 3807 dum
407 3746 466 3822 Spe
496 3750 626 3824 pendet,
646 3763 792 3826 metuere,
813 3764 846 3809 ut
868 3766 914 3809 res
936 3747 1065 3811 eveniat.
1096 3745 1156 3831 Qui
1178 3761 1274 3809 autem
1299 3765 1416 3811 contra

212 3856 243 3917 in
274 3857 362 3918 Metu
392 3857 449 3934 est,
479 3857 537 3919 boc
565 3858 622 3935 est,
650 3861 687 3921 de
707 3857 767 3935 rei,
788 3877 875 3935 quam
896 3857 978 3934 odit,
1001 3872 1113 3920 eventu
1134 3856 1267 3933 dubitat,
1290 3857 1414 3936 aliquid

214 3967 302 4029 etiam
321 3968 511 4048 imaginatur,
532 3973 613 4049 quod
634 3970 763 4049 ejusdem
784 3969 826 4032 rei
847 3970 1030 4033 existentiam
1050 3969 1193 4046 secludit;
1213 3983 1305 4045 atque
1329 3973 1414 4034 adeo

215 4079 287 4160 (per
305 4081 395 4161 Prop.
415 4099 464 4143 ao.
484 4081 584 4161 hujus)
605 4083 738 4159 laetatur,
758 4096 789 4144 et
811 4083 1026 4160 consequenter
1048 4096 1171 4144 eatenus
1189 4081 1276 4158 Spem
1294 4080 1414 4162 babet,

214 4211 251 4254 ne
271 4208 399 4256 evenrat.

248 4363 262 4394 ⁸
279 4359 401 4424 Gfrdrer,
416 4362 527 4425 Bmder,
542 4361 642 4415 Riedel.
657 4391 691 4402 -
708 4365 756 4417 sd.
772 4366 828 4416 ΡΜ
846 4365 1026 4432 imaginamur.
