2934 4900
225 321 285 416 486
701 309 942 392 iractatue

226 503 372 580 divinum,
393 501 452 564 slve
473 500 658 578 aequitatem,
679 515 776 562 amant
797 515 828 562 et
847 499 959 577 reliqua
970 502 1097 563 fortunae
1108 503 1193 579 plane
1206 515 1418 562 contemnunt.

226 616 273 677 Sic
303 615 407 690 etiam,
438 632 503 674 cum
534 613 590 688 ait,
621 612 682 672 Sed
705 616 748 688 εἰ,
774 616 826 690 qui
849 617 979 692 percutit
998 615 1140 694 usupra
1158 615 1313 674 maxillam
1336 629 1418 674 ruam

225 729 376 804 dextram,
406 725 521 786 obverte
551 726 598 783 r'llr'
625 729 711 785 eriam
742 727 881 801 alteram,
911 742 942 787 et
974 745 1040 803 quae
1061 727 1166 789 deinde
1188 727 1366 804 sequuntur.
1387 727 1417 786 Si

225 840 287 899 haec
317 837 447 900 Christus
478 850 615 912 tanquam
647 836 810 915 Legissator
837 837 952 914 iudices
973 838 1105 914 juberet,
1124 841 1217 918 legem
1239 839 1336 901 Mosss
1358 841 1418 900 hoc

226 965 374 1027 praecepto
396 946 594 1024 destruxille1;
615 951 697 1025 quod
718 964 815 1010 tamen
837 965 939 1012 contra
961 967 1060 1027 aperte
1082 967 1183 1012 monet
1204 951 1418 1030 (videMatth.

227 1083 290 1140 cap.
312 1075 339 1138 5.
361 1061 402 1124 vs.
427 1062 504 1140 17.);
526 1078 613 1138 quare
635 1060 813 1136 videndum,
832 1063 963 1138 quisnam
983 1063 1046 1124 hec
1067 1063 1161 1139 dixit,
1181 1064 1290 1140 quibus
1300 1080 1334 1124 et
1353 1081 1418 1140 quo

226 1195 367 1252 tempore.
408 1177 522 1250 Nempe
551 1172 680 1234 Christus
710 1173 786 1236 dixit
793 1219 803 1251 ,
830 1176 881 1251 qui
910 1195 971 1237 non
992 1192 1131 1254 tanquam
1150 1176 1315 1255 Legillator
1334 1179 1420 1254 leges

226 1289 413 1364 instituebat,
433 1288 483 1348 sed
503 1303 536 1348 ut
556 1288 669 1348 Dollor
690 1289 868 1350 documenta
889 1290 1033 1365 docebat;
1055 1289 1125 1366 quia
1146 1289 1195 1367 (ut
1217 1288 1302 1365 supra
1312 1289 1419 1350 osten-

226 1402 335 1480 dimus)
367 1415 517 1472 nontam
547 1398 677 1460 autores
708 1414 844 1460 externas
876 1419 963 1476 quam
984 1400 1110 1462 animum
1137 1400 1281 1480 corrigere
1302 1401 1420 1462 voluit.

226 1517 341 1578 Deinde
372 1515 434 1574 haec
464 1511 633 1574 hominibus
664 1513 801 1588 opprellis
832 1512 927 1590 dixit,
957 1513 1009 1589 qui
1040 1513 1183 1576 vivebant
1211 1514 1240 1574 in
1262 1515 1420 1589 republica

227 1641 363 1702 corrupta
391 1641 420 1686 et
449 1623 500 1685 ubi
524 1621 636 1700 justitia
667 1622 784 1698 prorsus
805 1624 1006 1702 negligebatur
1025 1640 1056 1685 et
1078 1623 1163 1701 cujus
1184 1623 1296 1686 ruinam
1317 1643 1419 1700 prope

227 1740 329 1801 instare
357 1737 486 1801 videbat.
517 1735 611 1812 Atqui
639 1735 697 1796 hoc
724 1719 802 1796 idem
828 1736 940 1812 ipsum,
961 1739 1044 1813 quod
1063 1734 1112 1796 hic
1133 1733 1265 1798 Christus
1285 1735 1419 1796 instante

227 1851 319 1914 Urbis
357 1849 438 1910 ruina
475 1849 579 1924 docet,
616 1847 768 1927 Jeremiam
805 1847 894 1908 etiam
924 1846 955 1908 in
985 1846 1077 1923 prima
1108 1847 1200 1910 Urbis
1231 1846 1421 1922 vallatione,

228 1961 308 2024 simili
329 1961 460 2022 nimirum
481 1975 631 2036 tempore,
652 1956 782 2020 docuille
804 1957 939 2022 videmus
970 1957 1054 2036 (vide
1076 1958 1210 2020 Lament.
1231 1977 1294 2034 cap.
1317 1975 1348 2034 3.
1367 1959 1421 2019 lit.

228 2077 288 2136 Tet
310 2089 340 2134 et
360 2074 445 2154 Jot);
467 2091 555 2150 quare
578 2090 642 2134 cum
663 2073 721 2133 hoc
743 2088 803 2132 non
825 2071 878 2131 nili
898 2086 1031 2147 tempore
1048 2070 1239 2148 opprellionis
1255 2071 1423 2132 docuerint

228 2187 400 2263 Prophetae,
428 2203 482 2246 nec
510 2187 540 2246 id
561 2183 644 2246 ullibi
665 2199 804 2260 tanquam
823 2185 872 2243 lex
892 2185 1039 2259 prolatum
1060 2182 1112 2258 lit,
1133 2197 1163 2244 et
1185 2198 1287 2244 contra
1308 2183 1423 2242 Moses

230 2298 296 2376 (qui
324 2316 384 2359 non
412 2313 543 2372 tempore
572 2295 762 2372 opprelllonis
790 2287 917 2371 scripsit,
944 2295 995 2356 sed
1024 2294 1068 2373 (et
1088 2295 1147 2354 hoc
1167 2295 1253 2373 nota)
1274 2296 1312 2355 de
1333 2294 1423 2354 inlli-

229 2413 338 2473 tuenda
360 2412 438 2471 bona
459 2408 608 2486 republica
627 2407 804 2486 laboravit),
826 2407 960 2484 quamvis
981 2407 1069 2469 etiam
1089 2406 1247 2471 vindiciam
1268 2406 1423 2467 etodium
1450 2422 1451 2435 ¹

228 2522 258 2583 in
287 2520 451 2597 proximum
479 2520 676 2595 damnaverit,
703 2536 801 2581 tamen
820 2516 932 2596 jusserit
955 2522 1072 2583 oculum
1094 2538 1149 2596 pro
1171 2521 1259 2581 oculo
1280 2518 1424 2595 solvere;

227 2632 296 2693 hinc
327 2632 471 2693 clarilltme
502 2616 632 2708 sequitur
663 2649 701 2691 ex
732 2631 799 2707 ipfis
830 2630 900 2693 solis
929 2632 1087 2708 Scriptura
1118 2630 1335 2706 fundamentis,
1355 2632 1423 2693 hoc

228 2744 332 2805 Christi
362 2758 393 2804 et
422 2742 551 2823 Jeremiae
582 2744 790 2805 documentum
817 2745 854 2803 de
884 2744 1035 2804 toleranda
1068 2742 1190 2819 injuria,
1211 2758 1241 2803 et
1262 2741 1365 2818 impiis
1391 2746 1423 2806 in

229 2856 364 2918 omnibus
395 2856 605 2929 concedendo,
641 2853 740 2915 locum
770 2869 886 2917 tantum
916 2854 1023 2916 habere
1054 2855 1084 2916 in
1116 2854 1190 2917 locis
1219 2853 1270 2916 ubi
1296 2854 1424 2931 justitia

229 2968 386 3048 negligitur
407 2983 436 3027 et
458 2966 641 3043 temporibus
668 2967 875 3043 oppreffionis,
896 2984 957 3027 non
979 2982 1075 3028 autem
1095 2966 1127 3027 in
1146 2969 1226 3029 bona
1245 2968 1423 3043 republica:
1444 2979 1445 3056 ᾗ

229 3081 360 3157 quinimo
392 3080 422 3140 in
453 3082 531 3141 bona
563 3078 728 3154 republica,
758 3078 811 3141 ubi
837 3078 951 3155 justitia
981 3078 1164 3153 defenditur,
1183 3094 1302 3141 tenetur
1323 3100 1422 3143 unus-

229 3193 366 3271 quisque,
394 3191 414 3253 fi
443 3192 472 3253 se
500 3192 565 3255 vult
594 3190 741 3267 perhiberi
765 3190 892 3267 justum,
918 3190 1039 3267 injurias
1059 3210 1157 3253 coram
1173 3190 1274 3267 judice
1293 3194 1421 3271 exigere

228 3306 312 3383 (vide
342 3304 442 3366 Levit.
473 3322 537 3379 cap.
569 3316 597 3378 5.
628 3303 702 3365 vers.
727 3304 784 3383 1.),
804 3322 865 3365 non
887 3318 1009 3379 propter
1029 3303 1186 3367 vindiciam
1207 3303 1291 3381 (vide
1313 3306 1420 3369 Levit.

228 3436 292 3493 cap.
317 3433 361 3494 19.
383 3416 425 3478 vs.
450 3432 484 3492 17
491 3460 502 3493 ,
526 3416 674 3495 18.),sed
697 3416 793 3478 animo
810 3416 952 3492 justitiam
972 3418 1110 3495 legesque
1130 3415 1233 3477 Pattiae
1251 3418 1418 3479 defenden-

228 3530 275 3603 di,
305 3544 334 3589 et
364 3545 400 3591 ut
431 3546 468 3589 ne
499 3528 579 3589 malis
610 3528 749 3604 expediat
781 3527 836 3589 elle
868 3530 968 3590 malos.
1007 3528 1083 3610 Quae
1110 3528 1207 3589 omnia
1237 3528 1418 3591 etiamtum

228 3643 358 3705 Ratione
389 3642 512 3703 naturali
544 3642 629 3717 plane
669 3642 865 3705 conveniunt.
904 3644 954 3704 Ad
985 3642 1063 3702 hunc
1093 3644 1212 3703 modum
1242 3641 1298 3702 alia
1332 3646 1439 3717 plura¹

228 3754 336 3833 polsem
357 3756 468 3817 adfeme
490 3754 639 3830 exempla;
665 3754 716 3816 sed
737 3755 800 3816 haec
820 3754 950 3816 sufficere
971 3754 1095 3814 arbitror
1116 3755 1153 3814 ad
1173 3772 1264 3814 meam
1285 3739 1438 3815 mentem*

228 3882 259 3927 et
280 3867 435 3928 utilitatem
458 3865 544 3943 hujus
566 3865 698 3928 methodi
725 3866 944 3942 explicandam,
966 3866 1048 3941 quod
1069 3862 1326 3940 impraesentiarum
1348 3880 1417 3926 tan·

228 3994 290 4039 tum
319 3996 400 4039 curo.
431 3980 473 4039 At
500 3978 650 4055 hucusque
679 3996 727 4039 eas
748 3993 862 4039 tantum
882 3976 1039 4052 Scriptutae
1060 3974 1219 4035 sententias
1239 3974 1435 4088 inuestigare¹

229 4089 400 4165 docuimus,
428 4108 492 4166 quae
522 4090 603 4151 usum
632 4089 701 4153 vitae
731 4089 877 4165 speciant,
904 4104 936 4149 et
963 4106 1028 4165 quae
1056 4102 1212 4163 propterea
1232 4086 1346 4148 facibus
1368 4088 1415 4147 in·

229 4200 363 4279 vestigari
390 4217 520 4277 queunt;
548 4220 612 4263 nam
640 4220 740 4265 revera
761 4204 798 4263 ele
819 4202 855 4263 iis
876 4204 953 4263 nulla
973 4201 1050 4262 inter
1068 4199 1233 4275 Scriptores
1251 4198 1411 4260 Bibliorum
1432 4211 1433 4294 l

228 4329 354 4388 unquam
376 4312 433 4373 fuit
455 4313 662 4376 controversia.
685 4314 810 4390 Reliqua
829 4330 944 4391 autem,
964 4333 1029 4390 quae
1050 4312 1224 4389 inscriptis
1244 4330 1409 4381 occurnrnt,
1430 4309 1432 4398 l
