2934 4900
361 329 853 409 Theologico-Politici
890 334 964 409 Cap.
985 335 1066 395 XVI.
1246 345 1305 411 555

120 505 187 567 iniri
217 507 343 584 debeat,
365 522 512 570 utrarum
543 511 692 587 fixumque
722 510 773 588 fit,
803 510 852 573 bic
868 512 929 589 J‘atn
950 512 1119 575 videndum.
1159 514 1236 573 Nam
1256 514 1305 572 lex

118 619 252 680 humanae
284 634 394 681 naturae
427 620 596 683 universalis
626 621 681 697 est,
704 637 737 683 ut
757 642 844 685 nemo
864 622 992 701 aliquid,
1013 626 1095 701 quod
1115 626 1226 686 bonum
1248 623 1303 685 else

116 728 250 806 judicat,
271 730 415 809 negligat,
437 730 488 791 nist
508 730 558 807 spe
579 732 696 809 majoris
715 734 805 811 boni,
826 736 874 799 vel
895 753 932 795 ex
952 752 1033 796 metu
1054 734 1171 812 majoris
1192 734 1305 809 damni3

120 862 175 905 nec
196 844 317 921 aliquod
338 845 441 905 malum
461 846 605 921 perferat,
625 845 676 906 nifi
697 848 735 908 ad
755 845 848 924 maius
869 847 1039 910 evitandum
1046 851 1116 926 ,vel
1126 849 1177 924 spe
1189 846 1306 925 maioris

121 955 204 1018 boni.
245 958 312 1017 Hoc
329 958 389 1034 est,
411 956 609 1034 unusquisque
631 962 667 1021 de
688 961 806 1021 duobus
826 959 930 1035 bonis,
952 963 1033 1038 quod
1053 960 1115 1037 ipse
1136 959 1228 1037 majus
1249 958 1306 1020 else

116 1069 248 1146 judicat,
277 1086 306 1132 et
327 1074 364 1133 de
385 1073 502 1133 duobus
524 1072 622 1149 malis,
644 1074 726 1149 quod
747 1072 841 1133 minus
861 1071 914 1132 ribi
934 1072 1069 1149 videtur,
1091 1072 1188 1152 eliget.
1228 1071 1306 1133 Dico

121 1181 267 1259 expresse,
288 1186 370 1261 quod
390 1182 442 1244 sibi
463 1183 583 1263 eligenti
603 1182 697 1261 majus
718 1199 769 1245 aut
790 1184 885 1246 minus
907 1183 1041 1261 videtur;
1061 1203 1138 1260 non,
1161 1186 1243 1261 quod
1260 1201 1306 1244 res

120 1293 279 1356 necessario
310 1295 351 1357 ita
381 1296 410 1357 se
440 1296 584 1371 habebat,
617 1312 650 1357 ut
682 1295 744 1373 ipse
772 1296 898 1373 judicat.
939 1299 1040 1373 Atque
1071 1297 1134 1357 baec
1162 1297 1210 1355 lex
1230 1297 1306 1357 adeo

117 1408 245 1487 firmiter
272 1422 381 1469 natura
410 1408 542 1470 humanae
570 1408 707 1485 inscripta
736 1409 793 1485 est,
814 1424 850 1470 ut
869 1410 947 1469 inter
965 1424 1089 1470 aeternas
1109 1407 1250 1470 veritates
1271 1406 1306 1466 stt

120 1523 274 1597 ponenda,
295 1540 369 1599 quas
389 1540 475 1583 nemo
497 1522 629 1601 ignorare
659 1520 766 1597 potest.
808 1523 851 1582 At
871 1540 909 1581 ex
929 1540 963 1581 ea
984 1519 1138 1581 necessario
1159 1518 1309 1595 sequitur,

120 1631 263 1693 neminem
285 1632 393 1710 absque
414 1634 484 1695 dolo
505 1634 522 1667 ¹
542 1632 761 1709 promissurum,
781 1632 809 1693 se
826 1631 893 1710 jure
899 1678 910 1710 ,
931 1634 1012 1710 quod
1035 1631 1064 1693 in
1086 1630 1183 1693 omnia
1204 1630 1308 1707 habet,

121 1743 277 1820 cessurum,
309 1760 339 1807 et
370 1744 503 1807 absolute
535 1746 678 1807 neminem
717 1744 856 1821 promissis
888 1746 1043 1821 staturum,
1074 1742 1126 1804 nist
1158 1762 1195 1803 ex
1227 1756 1308 1803 metu

120 1856 240 1934 majoris
271 1858 337 1919 mali
369 1859 416 1921 vel
447 1858 496 1934 spe
528 1857 645 1934 majoris
676 1858 757 1919 boni.
799 1859 890 1940 Quod
920 1872 954 1918 ut
984 1856 1086 1918 melius
1113 1853 1308 1933 intelligatur,

122 1985 268 2047 ponatur,
288 1972 446 2032 Latronem
468 1989 513 2031 me
535 1988 640 2050 cogere
650 2014 660 2046 ,
681 1986 716 2031 ut
736 1969 763 2030 ei
784 1970 968 2046 promittam,
990 1988 1034 2029 me
1055 1986 1119 2029 mea
1139 1970 1235 2044 bona,
1255 1967 1306 2028 ubi

120 2082 210 2159 velit,
242 2082 294 2159 ipsi
326 2084 471 2145 daturum.
510 2084 591 2164 Jam‚
622 2082 879 2159 quandoquidem,
911 2097 945 2143 ut
970 2081 1031 2157 jam
1061 2081 1191 2158 ostendi,
1211 2097 1306 2140 meum

115 2194 167 2270 jus
198 2196 328 2255 naturale
358 2194 419 2255 sola
449 2213 512 2256 mea
544 2195 679 2271 potentia
711 2193 935 2271 determinatur,
967 2209 1076 2255 certum
1106 2194 1147 2253 est
1167 2191 1307 2270 quod‚sr

120 2306 234 2383 polium
266 2307 336 2368 dolo
367 2326 412 2367 me
443 2309 479 2367 ab
510 2307 569 2368 hoc
600 2309 730 2369 Latrone
751 2306 888 2382 liberare,
910 2306 963 2384 ipfi
982 2305 1125 2383 quicquid
1145 2304 1219 2367 velit
1238 2323 1307 2381 pro·

121 2419 285 2496 mittendo,
316 2419 386 2482 mihi
419 2419 449 2483 id
468 2422 589 2482 Naturae
610 2421 679 2501 Jure
701 2422 795 2482 facere
817 2420 920 2497 licere,
941 2421 1012 2482 dolo
1033 2419 1145 2481 scilicet
1166 2418 1309 2497 quicquid

121 2533 195 2594 velit
225 2532 341 2608 pacisci.
382 2534 441 2594 Vel
471 2548 613 2609 ponatur,
644 2552 690 2593 me
710 2532 818 2610 absque
840 2534 941 2594 fraude
962 2533 1048 2595 alicui
1069 2531 1242 2609 promisisse,
1261 2549 1307 2591 me

121 2642 217 2718 spatio
238 2642 345 2722 viginti
366 2643 477 2704 dierum
498 2661 559 2704 non
580 2643 759 2722 gustaturum
780 2645 877 2706 cibum
898 2663 994 2721 neque
1012 2646 1101 2706 ullum
1122 2644 1307 2719 alimentum,

121 2771 153 2815 et
173 2755 274 2832 postea
295 2755 415 2832 vidisse,
435 2775 480 2818 me
502 2757 587 2818 stulte
616 2755 789 2834 promisisse,
808 2775 863 2817 nec
883 2756 943 2817 stne
964 2761 1070 2818 damno
1091 2757 1218 2817 maximo
1239 2773 1307 2832 pro·

121 2867 202 2928 misso
232 2868 303 2929 stare
325 2868 423 2944 polse;
445 2868 703 2945 quandoquidem
726 2887 764 2929 ex
785 2871 854 2949 Jure
875 2869 1010 2930 Naturali
1030 2871 1067 2929 de
1087 2870 1205 2930 duobus
1227 2869 1308 2928 malis

120 2979 217 3042 minus
247 2980 351 3060 eligere
384 2997 503 3058 teneor,
533 2981 646 3058 possum
678 2999 748 3060 ergo
780 2981 890 3042 summo
917 2981 984 3056 jure
1015 2981 1100 3041 fidem
1131 2978 1199 3039 talis
1229 2978 1306 3054 paui

120 3112 269 3171 rumpere,
297 3110 327 3154 et
354 3093 462 3156 didium
491 3093 630 3156 indidum
652 3109 686 3154 ut
704 3093 739 3153 stt
760 3094 865 3153 iacere.
896 3094 998 3169 Atque
1019 3092 1077 3152 boc
1098 3091 1215 3168 inquam
1235 3092 1305 3171 Jure

119 3207 255 3268 Naturali
284 3207 388 3282 licere,
408 3206 468 3269 five
496 3224 564 3269 vera
587 3222 616 3267 et
638 3221 717 3266 certa
739 3205 853 3267 ratione
874 3204 1006 3280 videam,
1026 3203 1085 3268 live
1107 3223 1145 3264 ex
1165 3203 1307 3280 opinione

120 3317 220 3380 videre
241 3319 357 3394 videar,
379 3335 423 3378 me
445 3318 518 3378 rnale
539 3316 711 3394 promisrlse:
733 3316 792 3379 stve
814 3317 890 3377 enirn
902 3317 933 3378 id
943 3334 1012 3380 vere
1022 3315 1082 3379 sive
1092 3315 1164 3378 falso
1176 3317 1308 3393 videam,

120 3429 275 3492 maximum
306 3429 416 3491 timebo
448 3430 570 3504 malum,
602 3432 743 3507 quodque
775 3431 850 3489 adeo
872 3447 910 3489 ex
930 3430 1052 3490 Naturae
1072 3428 1206 3490 instituto
1229 3429 1307 3490 omni

119 3544 210 3604 modo
242 3541 335 3605 vitare
365 3544 506 3603 conabor.
546 3542 593 3602 Ex
615 3541 722 3618 quibus
743 3539 963 3617 concludimus,
984 3543 1099 3616 pastum
1120 3541 1226 3602 nullam
1247 3540 1307 3604 vim

119 3656 226 3716 babere
247 3653 343 3730 posse,
364 3652 416 3714 nili
437 3654 551 3716 ratione
573 3653 727 3729 utilitatis,
750 3671 808 3731 qua
830 3652 942 3714 sublata
963 3656 1079 3728 padum
1100 3652 1180 3714 simul
1192 3653 1307 3715 tollitur

120 3783 150 3828 et
172 3766 283 3828 irritum
311 3780 423 3842 manet;
452 3785 484 3826 ac
505 3781 663 3843 propterea
689 3766 775 3826 stulte
798 3765 916 3826 alterius
937 3767 1022 3826 fidem
1044 3765 1073 3825 in
1095 3780 1234 3828 aeternum
1254 3764 1306 3826 libi

118 3879 245 3956 aliquem
276 3877 476 3953 expostulare,
507 3877 527 3936 ss
558 3877 639 3937 simul
671 3895 730 3938 non
760 3891 885 3938 conatur
905 3876 1035 3952 efficere,
1056 3893 1090 3938 ut
1110 3896 1148 3938 ex
1168 3877 1307 3953 ruptione

118 3987 196 4065 palli
227 3987 348 4049 ineundi
378 3989 444 4064 plus
476 3989 572 4051 damni
604 4009 690 4066 quam
723 3988 860 4050 utilitatis
882 4005 1031 4065 ruptorem
1052 3988 1203 4067 sequatur:
1225 3992 1308 4067 quod

119 4099 237 4179 quidem
258 4099 288 4160 in
310 4099 475 4175 Republica
496 4101 672 4163 instituenda
693 4101 816 4163 maxime
837 4103 934 4163 locum
954 4101 1061 4162 habere
1082 4102 1180 4163 debet.
1201 4102 1244 4162 At
1255 4100 1306 4178 ,sl

152 4347 165 4378 ⁸
201 4345 243 4398 Cf.
260 4346 356 4396 Annot.
371 4347 477 4398 XXXII.
