2934 4900
216 360 276 419 262
641 350 821 413 Ethices
848 348 967 411 Parsv

617 544 1010 590 nemorosorum.

258 645 318 727 Qui
346 646 374 705 se
403 644 528 721 suosque
555 642 676 703 affertur
704 642 780 701 clare
809 654 840 700 et
868 638 999 702 diffinere
1020 638 1174 718 intelligit,
1194 642 1315 701 Iaetatut
1334 641 1399 719 (per

219 760 307 837 Prop.
329 770 376 834 53.
394 770 425 837 p.
447 758 507 834 3.),
528 756 617 831 idque
640 750 859 813 concomitante
882 751 948 813 idea
969 751 1026 812 Dei
1047 751 1121 831 (per
1140 753 1231 831 Prop.
1246 753 1400 831 praeced.);

220 886 309 947 atque
330 872 404 930 adeo
427 869 498 947 (per
506 870 535 928 6.
548 864 650 943 AffcH.
671 865 783 944 Defin.)
803 866 899 925 Deum
919 878 1013 940 amat,
1033 879 1064 925 et
1085 864 1157 942 (per
1176 866 1293 925 eandem
1313 868 1398 923 ratio

220 981 294 1061 nem)
316 999 353 1041 eo
374 978 481 1058 magis,
503 997 563 1055 quo
585 977 614 1038 se
636 976 762 1054 suosque
783 976 904 1038 affertos
925 976 1016 1065 ungit
1037 975 1185 1055 IntelIIgit.
1228 977 1263 1053 Q.
1285 978 1323 1035 E.
1344 976 1384 1035 D.

588 1148 914 1208 PROPOSITIO
955 1148 1037 1207 XVI.

261 1280 319 1338 Hic
339 1296 411 1353 erga
431 1278 523 1337 Deum
545 1278 635 1335 Amor
657 1278 785 1336 Mentem
805 1278 928 1335 maxime
948 1288 1085 1353 occupare
1106 1275 1195 1334 debet.

616 1434 1011 1480 onnonstnnrto

260 1532 311 1592 Est
339 1532 414 1592 enim
442 1530 490 1591 hic
518 1532 610 1591 Amor
634 1530 754 1606 junttus
784 1530 921 1591 omnibus
946 1528 1090 1604 Corporis
1110 1526 1316 1589 affefflonibus
1336 1527 1402 1605 (per

223 1648 311 1724 Prop.
343 1661 387 1723 14.
415 1642 534 1722 hujus),
563 1642 671 1720 quibus
699 1641 836 1703 omnibus
864 1644 985 1704 fovetur
1014 1641 1085 1721 (per
1111 1639 1402 1719 Prop.15.lrujus);

222 1774 309 1835 atque
338 1758 412 1818 adeo
442 1756 512 1835 (per
532 1758 622 1835 Prop.
648 1770 692 1815 tr.
713 1754 815 1834 ltujus)
845 1756 977 1815 Mentem
999 1754 1122 1814 mariue
1143 1771 1287 1829 occupare
1309 1754 1401 1813 debet.

252 1870 317 1929 .E.
338 1870 380 1929 D.

226 1872 251 1946 Q
584 1979 914 2041 PROPOSITIO
955 1980 1051 2039 XVII.

265 2111 343 2169 Deus
370 2122 472 2187 expers
500 2108 537 2185 est
560 2108 728 2187 pafflonum‚
757 2126 807 2167 nec
832 2108 889 2167 ullo
919 2108 1042 2169 Lentia
1068 2122 1122 2169 aut
1147 2110 1286 2187 Trtstitr'ae
1305 2104 1403 2184 affedu

224 2222 361 2298 afficitur.

625 2320 1017 2363 Donousrnntto

265 2416 341 2476 Ideae
364 2433 484 2490 omnes,
505 2430 652 2492 quatenus
673 2415 709 2475 ad
730 2416 826 2476 Deurn
847 2415 1021 2489 referuntur,
1042 2432 1119 2476 verte
1140 2414 1207 2476 sunt
1228 2416 1300 2494 (per
1318 2416 1401 2492 Prop.

225 2547 274 2604 32.
291 2542 323 2607 p.
345 2528 407 2606 o),
428 2528 486 2588 hot
507 2526 548 2587 est
569 2527 641 2606 (per
660 2527 756 2606 Defin.
777 2546 806 2605 4.
823 2540 855 2606 p.
867 2531 910 2604 2.)
932 2529 1109 2602 adequatae;
1131 2541 1221 2603 atque
1243 2530 1316 2588 adeo
1337 2527 1403 2604 (per

224 2637 328 2716 ΛΜ.
345 2659 411 2715 gen.
432 2639 542 2719 Deftn.)
565 2641 648 2701 Deus
669 2657 775 2716 expers
796 2640 837 2699 est
857 2641 1026 2715 paffionum.
1066 2639 1182 2702 Deinde
1211 2641 1294 2700 Deus
1313 2655 1401 2714 neque

226 2755 262 2813 ad
283 2751 419 2829 majorem
448 2770 544 2828 neque
574 2754 610 2812 nd
639 2751 780 2812 minorem
805 2751 1013 2828 perfeetionem
1035 2751 1151 2812 tranfire
1172 2752 1272 2828 potest
1291 2751 1359 2830 (per
1377 2768 1402 2808 2.

228 2865 329 2924 Coroll.
357 2865 446 2942 Prop.
467 2881 515 2923 20.
533 2877 566 2942 p.
591 2865 649 2942 1.);
679 2864 815 2939 adeoque
836 2862 908 2941 (per
928 2880 956 2922 2.
977 2877 1005 2921 ct
1026 2880 1053 2938 3.
1075 2860 1178 2939 ΛΜ.
1198 2863 1308 2943 Defin.)
1328 2863 1402 2922 nullo

225 2973 351 3034 Laetitiae
373 2991 469 3049 neque
489 2971 630 3032 Tristitiae
652 2971 759 3032 affeetu
780 2970 914 3031 afficitur.
957 2972 991 3048 Q.
1015 2971 1051 3031 E.
1072 2972 1112 3032 D.

638 3131 1003 3176 conooonttturn.

266 3227 347 3286 Deus
378 3226 493 3302 proprie
524 3227 675 3304 loquendo
708 3227 851 3287 nerninem
880 3243 956 3288 amat
984 3245 1081 3304 neque
1103 3229 1175 3289 odio
1196 3227 1297 3289 habet.
1335 3231 1402 3288 Nau

226 3338 308 3399 Deus
336 3337 407 3417 (per
427 3340 515 3417 Prop.
536 3341 638 3418 proc.)
667 3340 748 3400 nullo
770 3340 897 3400 Laetitiae
918 3359 1015 3416 neque
1035 3341 1174 3401 Tristitiae
1195 3341 1302 3402 afferto
1322 3339 1402 3400 affici-

227 3463 285 3522 tur,
306 3463 336 3508 et
357 3450 569 3524 consequenter
590 3451 661 3528 (per
671 3453 700 3510 6.
716 3465 745 3510 ct
764 3466 791 3526 7.
804 3449 906 3528 ΑΜ.
928 3451 1038 3529 Defin.)
1059 3451 1203 3511 nemioem
1227 3452 1315 3512 etiarn
1336 3465 1402 3512 anat

228 3577 323 3634 neque
345 3559 416 3621 odio
438 3560 537 3621 habet.

579 3721 906 3781 PROPOSITIO
947 3721 1057 3780 XVIII.

268 3851 357 3909 Nemo
375 3849 463 3927 potest
482 3850 575 3910 Deum
595 3851 655 3908 odio
676 3847 790 3909 habere.

627 4019 1022 4064 nononsrnnrro

268 4111 336 4170 Idea
364 4111 438 4186 Dei,
465 4130 530 4187 quae
557 4111 586 4171 in
608 4111 695 4171 nobis
716 4111 773 4187 est,
795 4111 836 4172 est
857 4115 1010 4189 adaequata
1031 4127 1062 4172 et
1082 4113 1210 4187 perfetta
1232 4111 1305 4191 (per
1323 4114 1403 4188 Prop.

228 4223 277 4298 46.
298 4234 325 4278 et
345 4236 393 4298 47.
411 4235 442 4298 p.
464 4223 524 4299 2.);
554 4224 687 4297 adeoque
714 4240 861 4298 quatenus
888 4225 982 4283 Deum
1011 4224 1257 4298 contemplamur,
1288 4238 1402 4282 eatenus

232 4330 341 4406 agimus
369 4330 439 4408 (per
466 4333 555 4410 Prop.
577 4349 605 4408 3.
623 4345 653 4410 p.
676 4332 736 4412 3.);
762 4349 793 4394 er
813 4335 1026 4412 consequenter
1046 4334 1116 4414 (per
1136 4336 1226 4414 Prop.
1248 4347 1296 4412 59.
1312 4348 1344 4414 p.
1364 4337 1401 4412 3.)
