2934 4900
403 317 459 378 De
499 317 728 379 Libertate
769 318 960 379 Humana.
1213 332 1270 395 253

83 496 224 572 Denique
252 498 363 571 omnia,
392 511 456 572 quet
484 496 519 555 de
548 495 695 554 voluntate
724 493 840 571 ejusque
870 494 1005 554 libertate
1023 494 1139 573 afflrit,
1160 498 1272 570 omitto,

86 608 318 684 quandoquidem
344 605 406 667 bec
424 606 512 684 falfa
538 608 590 686 effe
607 609 689 685 satis
703 607 851 684 superque
869 608 1042 685 ostenderim.
1082 609 1184 683 Igitur
1204 611 1273 685 quia

89 721 209 779 Mentis
224 722 369 798 potentia,
386 733 420 779 ut
430 721 529 799 supra
544 720 661 798 ostendi,
672 719 741 796 field
755 719 949 796 intelligentid
963 720 1108 800 definitur,
1125 718 1275 797 uffeiiunm

88 834 236 909 remedio,
256 850 319 909 quse
339 851 430 893 omnes
449 837 580 912 experiri
598 834 726 911 quidem,
752 835 880 910 sednon
899 846 1034 893 accurate
1054 834 1209 910 observare
1227 852 1276 893 nec

91 944 225 1021 destincie
253 945 353 1003 uidere
382 945 479 1018 credo,
505 944 571 1020 solo
599 944 711 1003 Mentis
731 944 886 1017 cognitione
906 942 1171 1019 determinabimus,
1192 955 1221 1001 et
1241 962 1277 1003 en

91 1059 193 1116 eadem
213 1057 266 1116 ilia
285 1060 395 1133 omnio,
415 1073 478 1133 qun
496 1058 540 1116 ud
556 1055 643 1135 ipsius
662 1056 864 1116 beatitudinem
879 1055 1033 1134 speciant,
1053 1057 1224 1118 deducemus.

532 1228 841 1291 nxloinATA.
1249 1296 1257 1309 ,

134 1340 160 1398 l.
202 1339 233 1399 Si
252 1338 283 1399 in
303 1342 407 1401 eodem
427 1340 557 1417 subjecto
578 1344 644 1403 duae
665 1341 817 1403 contrariae
840 1342 969 1403 titiones
990 1340 1170 1419 excitentur,
1190 1342 1277 1403 debe-

92 1448 140 1508 bit
171 1448 328 1511 necessario
356 1452 406 1513 vel
432 1451 462 1513 in
490 1468 629 1529 utraque,
658 1454 706 1516 vel
726 1453 756 1514 in
778 1472 835 1515 una
857 1453 915 1513 sola
937 1453 1062 1513 mutatio
1084 1453 1163 1529 fieri,
1183 1456 1277 1515 donec

93 1560 231 1622 desinant
250 1564 401 1625 contrariae
422 1564 486 1625 eiie.

136 1676 178 1735 li.
218 1675 348 1738 Effectus
377 1674 511 1753 potentia
543 1678 681 1739 definitur
711 1678 848 1755 potentii
879 1679 966 1755 ipsius
995 1679 1104 1755 causae,
1134 1694 1279 1755 quatenus

94 1786 164 1861 ejus
188 1786 303 1849 essentia
325 1806 376 1863 per
395 1788 484 1865 ipsius
505 1790 598 1852 cousae
619 1790 766 1852 eiientiam
786 1791 949 1867 explicatur
969 1793 1016 1854 vel
1037 1790 1182 1853 definitur.
1251 1854 1256 1861 ,

139 1899 242 1975 (Patet
263 1898 320 1959 hoc
341 1900 468 1962 Axioma
490 1920 527 1962 ex
549 1900 636 1977 Prop.
658 1919 686 1975 7.
708 1904 785 1963 Part.
807 1904 849 1982 3.)

499 2075 824 2137 Pnoooxrrro
861 2078 884 2137 1.

139 2186 237 2245 Prout
255 2190 458 2263 cogitationes,
489 2206 639 2265 rerumque
658 2190 728 2249 iden
738 2233 748 2264 ,
767 2190 942 2265 prdinuntnr
962 2202 990 2248 et
1009 2201 1231 2249 concatenantur
1249 2193 1282 2248 in

100 2299 224 2371 Mente,
252 2302 299 2358 ito
330 2299 467 2377 Corporis
496 2297 676 2377 affectiones,
699 2302 755 2378 feu
787 2319 882 2359 rerum
909 2304 1067 2377 imagines,
1094 2301 1137 2358 nd
1159 2301 1282 2381 omufflm

97 2411 279 2471 ordinantur
298 2424 326 2470 et
346 2424 568 2472 concatenantur
586 2416 619 2472 in
641 2413 774 2492 Corpore.

501 2573 891 2618 ocnouscnxrru

143 2663 226 2726 Ordo
247 2683 277 2727 et
298 2665 445 2727 connexio
466 2667 594 2728 idearum
614 2666 689 2727 idem
712 2666 752 2772 eii
774 2667 952 2762 (per'Prop.
974 2683 1001 2742 7.
1018 2679 1050 2744 p.
1072 2667 1132 2745 2),
1153 2685 1186 2726 ac
1208 2667 1281 2726 ordo

101 2797 133 2839 et
164 2778 313 2840 connexio
341 2796 449 2855 rerum,
477 2795 507 2839 et
528 2777 593 2842 vice
614 2779 694 2841 versa
716 2781 790 2839 ordo
811 2792 840 2838 et
863 2777 1010 2838 connexio
1031 2796 1124 2839 rerum
1146 2777 1220 2839 idern
1243 2776 1283 2838 est

103 2891 179 2969 (per
207 2891 309 2949 Coroll.
337 2892 425 2970 Prop.
445 2892 475 2949 6.
495 2903 523 2949 et
544 2905 572 2965 7.
588 2903 620 2969 p.
642 2891 703 2968 2.),
735 2908 767 2948 ac
799 2890 873 2949 ordo
906 2903 935 2949 et
967 2891 1113 2950 connexio
1145 2888 1282 2949 idearum.

103 3004 214 3082 Quare,
223 3002 309 3063 sicuti
330 3003 403 3063 ordo
424 3016 454 3062 et
477 3002 624 3062 connexio
646 3000 773 3062 idearum
795 3002 825 3062 in
846 3003 949 3062 Mente
971 3003 1004 3061 in
1026 3001 1182 3062 secundum
1204 3001 1282 3062 ordi-

103 3133 172 3174 nem
189 3130 219 3174 et
236 3114 510 3176 concatenationem
532 3113 718 3176 effebiionum
739 3111 881 3189 Corporis
903 3113 974 3194 (per
994 3116 1083 3193 Prop.
1108 3114 1152 3173 18.
1170 3126 1201 3192 p.
1222 3113 1282 3191 m),

105 3225 143 3285 sic
177 3229 240 3288 vice
272 3227 353 3290 versa
385 3226 457 3306 (per
475 3228 565 3304 Prop.
586 3244 615 3286 n.
632 3240 664 3305 p.
703 3227 729 3303 .)
762 3229 836 3286 ordo
865 3242 894 3285 et
922 3224 1069 3286 connexio
1097 3213 1282 3286 effectionum

106 3337 249 3412 Corporis
270 3339 320 3413 iit,
335 3353 430 3412 prout
450 3337 667 3416 cogitationes,
688 3356 839 3414 rerumque
861 3335 949 3413 idcae,
970 3339 1141 3399 ordinantur
1161 3354 1191 3399 et
1213 3356 1283 3398 con-

107 3466 279 3510 catenantur
297 3449 327 3508 in
349 3449 461 3545 Mente,
504 3449 537 3527 Q.
559 3451 595 3510 E.
616 3452 655 3513 D.

496 3606 821 3668 PROPOSITIO
862 3604 899 3666 11.

147 3719 180 3779 Si
207 3721 300 3779 ammi
328 3721 528 3778 commotionem
551 3720 607 3795 seu
636 3716 767 3796 affedum
793 3739 813 3779 o
840 3721 933 3796 carisa
963 3733 1088 3780 externa
1117 3719 1286 3796 cogitatione

109 3849 304 3907 onroveonnss,
331 3845 359 3890 et
384 3833 455 3890 aliis
475 3832 634 3906 jungamus
660 3832 896 3906 cogitationibus,
925 3845 983 3890 tum
1005 3829 1094 3890 Amor
1107 3834 1162 3909 sen
1184 3833 1286 3892 Odium

110 3961 179 4018 ergo
199 3946 315 4021 eausam
335 3956 500 4020 externum,
527 3957 560 4002 ut
580 3956 607 4003 et
627 3945 717 4002 animi
732 3943 946 4019 pincionemonte,
972 3961 1034 4020 quse
1054 3963 1090 4002 ex
1109 3943 1157 4004 bis
1175 3941 1284 4019 offerii-

111 4053 160 4114 bnr
178 4059 324 4129 oriuntur,
342 4055 531 4134 destruentur.

504 4219 894 4263 neuonscnncto

151 4313 183 4374 ld
203 4314 298 4388 enirn,
317 4317 398 4388 quod
419 4314 538 4375 formam
560 4314 676 4374 Amoris
695 4315 742 4376 nel
762 4313 831 4374 Odii
852 4313 1019 4387 constituit,
1040 4313 1080 4372 est
1100 4313 1216 4373 Laetitia
1240 4313 1285 4376 vei
