2934 4900
376 313 513 389 Caput
542 315 596 374 Vl.
635 316 682 375 De
703 316 885 377 Monarchia.
1166 334 1221 393 3¹1

35 484 177 559 aliquibus
200 488 323 549 viderur
343 488 465 565 alicujus
487 489 540 549 else
562 490 717 566 momenti,
738 490 789 552 sed
810 491 839 551 in
862 492 892 552 id
913 507 1030 569 tempus
1048 492 1224 570 differenda,

36 598 111 670 quod
130 599 173 659 rei
195 601 351 662 necesitas
382 601 528 663 concedit.
569 601 706 662 Concilio
728 601 818 681 igitur
839 604 927 664 adid
948 604 1087 665 statutum
1108 621 1224 681 tempus

36 706 145 785 soluto,
177 726 328 787 poterunt
358 712 469 774 interea
501 712 727 791 uniuscujusque
759 712 874 774 familiae
906 712 1069 775 Consiliarii
1100 717 1136 776 de
1163 715 1224 791 ipsa

39 820 157 883 seorsum
181 824 378 901 quaestionem
398 826 521 901 habere,
543 840 590 901 et,
618 824 704 887 stres
726 825 762 886 iis
784 825 878 905 magni
900 826 1040 888 momenti
1061 826 1227 902 videbitur,

39 930 122 1009 alios,
151 935 206 1011 qui
238 937 343 997 eodem
373 936 473 997 officio
501 936 609 1012 fundi,
631 938 680 1001 vel
701 936 752 1013 qui
774 936 901 1014 ejusdem
923 937 1049 999 Concilii
1069 920 1226 999 Candidati

41 1043 115 1120 sunt,
143 1046 320 1123 consulere;
348 1063 395 1123 et,
415 1048 436 1108 fi
457 1048 532 1109 intra
560 1048 753 1109 constitutum
782 1064 898 1125 tempus
919 1049 996 1111 inter
1016 1050 1095 1127 ipsos
1116 1068 1226 1111 conve-

40 1155 94 1215 nire
121 1176 183 1218 non
214 1158 348 1235 poterit,
378 1159 424 1219 illa
446 1158 554 1220 familia
576 1176 658 1221 extra
680 1159 847 1240 suffragium
866 1161 922 1222 erit
942 1162 1023 1239 (nam
1043 1179 1227 1237 unaquaeque

41 1268 138 1329 familia
172 1290 269 1332 unum
300 1286 414 1333 tantum
443 1274 516 1333 serre
545 1270 711 1351 suffragium
740 1272 877 1353 poterit).
918 1272 1000 1334 Alias
1027 1272 1090 1349 ejus
1111 1272 1226 1333 familiae

41 1380 225 1456 jurisperitus
255 1382 410 1445 instrudus
439 1383 628 1460 sententiam,
657 1402 744 1461 quam
772 1384 912 1460 optimam
934 1382 1133 1461 judicaverint
1153 1383 1226 1461 elle,

43 1489 147 1569 inipso
169 1495 314 1557 Concilio
337 1496 429 1569 serat,
451 1510 481 1556 et
502 1494 539 1556 fic
560 1495 682 1572 reliqui;
712 1511 743 1555 et
764 1495 783 1555 fi
805 1495 907 1569 maiori
928 1496 1003 1572 parti
1024 1495 1117 1559 visum
1139 1496 1228 1557 fuerit

43 1603 99 1675 pust
126 1607 249 1669 auditas
278 1606 419 1684 cujusque
448 1606 600 1669 sententiae
629 1607 776 1684 rationes,
805 1625 864 1669 rem
895 1607 999 1669 iterum
1031 1610 1227 1684 perpendere,

43 1712 203 1779 Concilium
234 1718 340 1780 iterum
369 1719 400 1779 in
429 1735 546 1795 tempus
567 1718 715 1796 solvatur,
736 1722 774 1781 ad
795 1722 878 1797 quod
898 1737 1081 1796 unaquaeque
1102 1717 1228 1793 familia,

46 1844 167 1899 quaenam
202 1830 305 1893 ultima
337 1830 401 1907 ejus
433 1831 467 1892 stt
498 1830 664 1907 sententia,
696 1832 926 1909 pronunciabit;
956 1847 987 1892 et
1018 1846 1081 1892 tum
1112 1833 1226 1892 demum

46 1940 177 2009 prasente
199 1944 319 2023 integro
340 1942 476 2005 Concilio
499 1942 642 2023 suffragiis
663 1944 793 2007 colleslis
815 1963 849 2005 ea
869 1943 948 2005 irrita
967 1943 1129 2017 habeatur,
1160 1961 1225 2019 quae

47 2066 153 2113 centum
174 2058 215 2117 ad
238 2055 385 2117 minimum
406 2055 538 2135 suffragia
560 2074 620 2117 non
638 2056 789 2132 habuerit,
807 2056 926 2133 reliquae
943 2072 1040 2117 autem
1060 2057 1096 2115 ad
1114 2056 1226 2132 Regem

49 2162 207 2230 deserantur
231 2187 247 2229 a
267 2167 446 2249 Jurisperitis
475 2168 627 2245 omnibus,
657 2168 707 2246 qui
737 2168 874 2230 Concilio
902 2168 1114 2243 interfuerunt,
1134 2183 1168 2228 ut
1189 2186 1226 2226 ex

49 2270 91 2347 iis,
111 2278 269 2357 postquam
299 2279 526 2357 uniuscujusque
555 2281 645 2357 partis
666 2280 796 2342 rationes
816 2280 1008 2355 intellexerit,
1030 2298 1117 2356 quam
1137 2279 1226 2353 velit,

51 2385 126 2465 eligat
133 2436 143 2466 ,
163 2408 257 2472 atque
278 2392 346 2455 inde
368 2393 477 2472 digrelsr
499 2396 535 2456 ad
557 2392 722 2455 Concilium
744 2407 943 2469 revertantur,
972 2392 1020 2455 ubi
1043 2410 1144 2454 omnes
1165 2393 1225 2454 Re·

51 2513 103 2571 gem
124 2506 162 2564 ad
183 2505 378 2567 constitutum
400 2507 436 2566 ab
456 2505 522 2581 ipso
542 2520 657 2582 tempus
679 2505 863 2581 exspectent,
881 2522 930 2581 ut,
947 2524 1032 2584 quam
1053 2504 1226 2565 sententiam

52 2625 81 2666 ex
99 2613 164 2677 latis
194 2615 356 2696 eligendam
386 2617 499 2694 censet,
528 2635 629 2678 omnes
658 2617 796 2693 audiant,
818 2633 848 2678 et
869 2616 942 2693 quid
963 2617 1144 2691 faciendum,
1164 2615 1225 2692 ipse

52 2721 185 2791 decernat.

85 2835 110 2914 S.
129 2839 240 2902 XXVI.
281 2843 331 2901 Ad
358 2839 498 2918 justitiam
530 2839 778 2902 administrandam
809 2838 976 2901 Concilium
998 2839 1077 2900 aliud
1098 2857 1135 2898 ex
1156 2836 1225 2898 solis

53 2943 222 3024 iurisperitis
253 2953 293 3014 est
325 2942 523 3028 formandum,
555 2969 678 3029 quorum
710 2952 839 3015 officium
867 2951 903 3012 srt
929 2952 997 3013 liter
1025 2949 1174 3025 dirimere,
1194 2964 1224 3009 et

53 3073 143 3128 poenas
172 3085 212 3126 ert
238 3064 456 3142 deliquentibus
485 3064 610 3140 sumere3
638 3065 688 3126 sed
716 3048 759 3126 ita
787 3080 821 3126 ut
842 3082 943 3124 omnes
964 3063 1132 3138 sententiae,
1152 3079 1224 3138 quas

54 3170 174 3251 tulerint,
197 3179 233 3238 ab
255 3175 305 3252 iis,
325 3175 376 3252 qui
397 3175 524 3236 Concilii
545 3176 640 3254 magni
660 3176 756 3238 vicem
778 3175 930 3252 supplent,
948 3174 1065 3252 probari
1082 3176 1225 3249 debeant,

53 3296 110 3342 nun
137 3286 249 3350 scilicet
276 3286 391 3348 servato
418 3285 473 3347 rite
502 3285 531 3346 in
556 3285 720 3363 judicando
753 3287 854 3348 ordine
885 3287 1007 3362 prolatae
1040 3284 1166 3358 fuerint,
1193 3299 1224 3344 et

54 3391 149 3471 absque
169 3399 295 3476 partium
317 3397 422 3460 studio.
443 3399 534 3480 Quod
554 3397 574 3458 sr
597 3417 662 3475 quae
683 3417 767 3476 pars,
788 3417 853 3476 quae
876 3396 961 3458 causa
981 3395 1107 3471 cecidit,
1127 3395 1222 3456 oslen-

55 3503 111 3565 dere
136 3511 265 3587 poterit,
292 3510 417 3588 aliquem
446 3529 483 3570 ex
507 3509 659 3587 judicibus
686 3528 804 3572 munere
829 3509 927 3586 aliquo
949 3523 1119 3585 corruptum
1140 3505 1223 3567 fuisse

55 3617 84 3674 ab
104 3623 280 3698 adversarie,
308 3623 357 3684 vel
384 3623 467 3684 aliam
495 3641 677 3685 communem
706 3622 819 3684 causam
841 3617 975 3682 amicitiae
997 3639 1063 3699 erga
1084 3622 1224 3694 eundem,

58 3731 98 3788 vel
117 3736 176 3797 odii
205 3754 270 3815 erga
299 3734 392 3811 ipsum
420 3734 542 3810 habere,
573 3735 619 3797 vel
641 3733 769 3810 denique
791 3734 873 3810 quod
895 3730 1056 3792 communis
1072 3729 1224 3806 judicandi

59 3845 122 3904 Ordo
142 3867 200 3910 non
222 3847 309 3910 suerit
331 3845 479 3920 servatus,
500 3863 534 3907 ea
556 3846 585 3906 in
607 3845 750 3924 integrum
772 3843 949 3905 restituatur.
968 3844 1026 3905 Sed
1044 3843 1108 3903 hec
1128 3841 1224 3902 forsan

62 3951 194 4020 observari
222 3977 282 4020 non
311 3955 426 4034 pollent
455 3959 490 4016 ab
518 3955 572 4030 iia,
597 3955 666 4032 qui,
687 3957 806 4033 quando
829 3954 950 4032 quaestio
971 3957 1008 4016 de
1029 3953 1147 4015 crimine
1167 3952 1225 4028 est,

61 4079 111 4126 ¹¹⁰n
131 4087 187 4133 tam
209 4070 385 4152 argumentis
406 4087 493 4146 quam
514 4068 667 4130 tormentis
685 4087 766 4130 reum
786 4068 962 4130 convincere
982 4067 1086 4129 solent.
1114 4068 1224 4126 Verum

62 4189 106 4236 nec
132 4201 185 4264 ego
213 4183 261 4245 hic
289 4183 374 4245 alium
396 4182 425 4242 in
443 4181 605 4258 judicando
627 4180 758 4243 ordinem
786 4181 924 4256 concipio
944 4195 1049 4258 praerer
1069 4198 1151 4256 eum,
1172 4179 1222 4255 qui

62 4301 117 4348 illm
135 4296 246 4372 optimo
268 4294 408 4360 Civitatis
428 4293 565 4373 regimine
586 4292 736 4358 convenit.
