2934 4900
221 278 279 373 33'2
580 298 818 356 Tractatus
859 294 1045 356 Politici

223 470 279 546 cst;
310 474 392 547 quod
423 471 481 531 stne
513 470 663 532 manifesto
697 470 796 547 aliquo
828 470 953 531 absurdo
975 472 1011 531 de
1032 470 1169 531 Concilio
1200 471 1272 532 satis
1304 490 1426 549 magno

224 582 378 643 enunciare
406 586 491 643 nemo
513 582 625 657 potest:
654 582 704 659 qui
727 582 802 643 enim
824 582 990 643 Concilium
1012 582 1080 643 satis
1100 601 1234 661 magnum
1254 582 1314 643 elle
1341 584 1426 643 uilit-

224 710 298 768 mat,
327 694 407 754 simul
434 710 521 773 negat
548 695 624 756 idem
655 694 776 771 imperio
806 693 974 755 sustinendo
1004 693 1059 754 else
1088 694 1188 770 impar.
1229 696 1300 755 Rex
1325 694 1426 773 igitur

224 806 401 867 Consiliariis
437 806 535 867 omnio
571 806 702 885 indiget,
739 806 906 867 Concilium
946 822 1042 867 autem
1077 805 1242 883 hujusmodi
1281 806 1425 867 minime.

223 918 338 978 Deinde
368 920 465 996 Reges
494 921 630 979 mortales
659 918 743 994 sunt,
772 918 909 979 Concilia
937 934 1041 979 contra
1070 934 1192 979 aeterna:
1221 935 1314 995 atque
1339 923 1424 979 adeo

224 1030 336 1106 imperii
357 1030 506 1107 potentia,
528 1051 592 1108 quae
614 1032 699 1091 semel
719 1032 750 1091 in
772 1031 937 1092 Concilium
960 1031 1029 1092 satis
1049 1050 1182 1110 magnum
1204 1031 1347 1091 transsata
1360 1032 1422 1104 est,

225 1161 372 1219 nunquam
395 1146 430 1203 ad
453 1142 670 1205 multitudinem
693 1144 784 1218 redit;
806 1146 886 1220 quod
906 1144 935 1203 in
953 1144 1075 1219 imperio
1096 1143 1292 1203 Monarchico
1312 1144 1420 1203 locum

225 1274 284 1316 non
306 1256 411 1331 habet,
433 1272 466 1317 ut
487 1258 553 1317 Art.
575 1269 622 1331 25.
644 1257 717 1332 Cap.
740 1260 865 1333 praeced.
887 1256 1074 1317 ostendimus.
1114 1256 1220 1317 Tertio
1242 1254 1339 1333 Regis
1362 1255 1419 1314 im-

225 1367 353 1443 perium,
384 1368 431 1429 vel
463 1371 502 1428 ob
535 1368 598 1445 ejus
630 1368 801 1444 pueritiam,
823 1367 1040 1447 aegritudinem,
1062 1368 1255 1442 senectutem,
1277 1368 1329 1429 vel
1350 1365 1419 1425 aliis

225 1480 260 1539 de
293 1477 401 1554 causis,
433 1477 505 1553 saepe
539 1478 698 1554 precarium
726 1480 783 1554 est;
811 1478 977 1556 hujusmodi
1005 1493 1103 1539 autem
1124 1478 1250 1540 Concilii
1272 1479 1418 1555 potentia

225 1608 345 1651 econtra
366 1610 422 1652 una
444 1594 602 1669 eademque
624 1590 736 1668 semper
755 1607 861 1653 manet.
883 1593 998 1674 Quarto
1021 1591 1109 1653 unius
1129 1590 1257 1651 hominis
1268 1594 1415 1654 voluntas

225 1703 304 1765 varia
322 1706 477 1763 admodum
495 1719 526 1763 et
543 1703 709 1763 inconstans
731 1704 788 1763 cll:
810 1720 840 1763 et
856 1704 910 1763 hae
930 1707 966 1763 de
985 1704 1070 1764 causa
1090 1702 1202 1779 imperii
1223 1704 1414 1763 Monarchici

226 1833 312 1876 omne
341 1816 457 1891 quidem
482 1815 531 1892 jus
560 1816 600 1876 est
629 1817 719 1895 Regis
742 1816 888 1891 explicata
910 1818 1050 1878 voluntas
1072 1815 1170 1894 (utin
1191 1815 1262 1876 Art.
1287 1833 1314 1876 1.
1338 1818 1412 1895 Cap.

222 1929 344 2006 praeccd.
367 1929 522 2007 diximus),
544 1944 574 1989 at
595 1948 655 1990 non
678 1929 772 1989 omnis
794 1930 886 2007 Regis
907 1929 1046 1991 voluntas
1063 1927 1114 2005 jus
1133 1928 1188 1990 elle
1209 1930 1412 2006 debet3quod

226 2044 262 2102 de
285 2040 439 2099 voluntate
469 2040 595 2100 Concilii
625 2040 694 2101 satis
724 2041 820 2119 magni
843 2040 900 2101 dici
921 2041 1035 2116 nequit.
1075 2043 1151 2101 Nam
1171 2042 1411 2117 quandoquidem

227 2151 319 2227 ipsum
351 2151 515 2213 Concilium
548 2152 595 2231 (ut
624 2155 700 2212 modo
731 2153 910 2231 ostendimus)
950 2152 1036 2212 nullis
1068 2152 1246 2213 Consiliariis
1276 2153 1411 2231 indiget,

226 2266 315 2324 debet
337 2264 491 2325 necessario
514 2264 609 2324 omnis
630 2263 693 2340 ejus
715 2264 862 2341 explicata
883 2244 1023 2325 voluntas
1041 2264 1091 2341 jus
1113 2263 1178 2325 else.
1218 2266 1265 2324 Ac
1285 2266 1408 2340 proinde

227 2374 446 2451 concludimus,
474 2373 624 2451 imperinm
636 2418 645 2449 ,
675 2376 757 2451 qnod
785 2373 815 2433 in
837 2373 1004 2434 Concilium
1026 2372 1094 2434 satis
1116 2392 1249 2453 magnum
1271 2376 1408 2435 transser-

227 2503 290 2562 tur,
319 2487 483 2548 absolntum
511 2486 581 2562 esse,
612 2488 659 2548 vel
688 2489 725 2547 ad
754 2486 920 2547 absolutum
949 2486 1073 2546 maxime
1104 2489 1250 2548 accedere
1291 2485 1406 2545 Namst

227 2601 307 2675 quod
341 2598 490 2675 imperium
522 2598 686 2659 absolutum
718 2601 823 2672 datur,
855 2597 927 2658 illud
958 2615 1057 2660 revera
1090 2598 1150 2673 est,
1182 2599 1263 2673 quod
1295 2597 1405 2676 integra

228 2710 386 2772 multitudo
407 2725 498 2771 tenet.

268 2821 294 2902 §.
315 2823 367 2882 IV.
409 2823 549 2882 Attamen
571 2837 717 2898 quatenus
738 2822 795 2882 hoc
817 2821 968 2897 imperium
990 2821 1228 2882 Aristocraticum
1260 2840 1403 2896 nunquam

228 2935 274 3012 (ut
294 2936 371 2992 modo
390 2935 538 3012 ostensum)
560 2937 595 2994 ad
617 2934 835 2994 multitudinem
856 2934 949 3008 redit,
970 2952 1024 2993 nec
1045 2935 1105 2994 ulla
1124 2933 1154 2992 in
1173 2951 1209 2993 eo
1227 2933 1403 2993 multitudini

228 3045 423 3119 consultatio,
451 3045 499 3106 sed
527 3046 659 3106 absolute
689 3047 784 3106 omnis
813 3045 940 3122 ejusdem
970 3045 1097 3106 Concilii
1125 3047 1264 3106 voluntas
1279 3045 1326 3121 jus
1347 3046 1402 3120 eli,

228 3159 315 3218 debet
338 3157 458 3218 omnino
480 3175 513 3218 nt
534 3157 698 3218 absolutum
721 3157 911 3231 considerari3
934 3172 964 3217 et
985 3157 1199 3233 consequenter
1220 3156 1283 3232 ejus
1302 3157 1403 3217 sunda·

228 3285 324 3329 menta
353 3269 411 3331 sold
439 3269 566 3346 ejusdem
594 3268 722 3329 Concilii
754 3270 909 3330 voluntate
938 3285 968 3330 et
991 3269 1105 3345 judicio
1127 3268 1181 3328 niti
1202 3271 1323 3345 debent,
1342 3290 1400 3330 non

227 3397 324 3442 autem
355 3379 550 3441 multitudinis
583 3379 751 3458 vigilantii,
784 3381 1022 3456 quandoquidem
1054 3381 1115 3456 ipsa
1146 3397 1205 3441 tam
1236 3402 1253 3442 a
1282 3382 1400 3442 confilils

229 3511 314 3570 apuam
335 3491 477 3570 sttffragiis
497 3492 625 3556 serendis
648 3508 773 3554 arcetur.
794 3493 888 3554 Causa
908 3495 1013 3572 igitur,
1035 3513 1086 3555 cur
1105 3495 1134 3555 in
1156 3495 1238 3570 pratri
1258 3495 1398 3570 imperium

228 3607 392 3668 absolutum
410 3625 470 3666 non
489 3606 521 3665 stt
531 3652 540 3681 ,
558 3608 635 3667 nulla
657 3607 711 3668 alia
730 3608 786 3668 elle
808 3609 922 3684 potest,
943 3628 1029 3685 qnam
1050 3609 1118 3686 quia
1139 3610 1295 3670 multitudo
1313 3610 1397 3685 impe·

227 3719 358 3782 rantibus
377 3699 563 3780 formidolosa
584 3721 639 3796 est;
659 3740 724 3796 quae
737 3737 891 3796 propterea
903 3722 1027 3798 aliquam
1038 3722 1089 3782 fibi
1100 3721 1263 3782 libertatem
1275 3723 1396 3797 obtinet,

228 3851 331 3908 quam,
352 3830 372 3890 st
394 3849 452 3892 non
476 3831 603 3906 expressa
624 3833 705 3910 lege,
726 3832 816 3892 tacite
839 3848 936 3894 tamen
962 3833 1013 3893 srbi
1035 3834 1167 3894 vindicat
1186 3834 1203 3867 *
1223 3834 1394 3910 obtinetque.

269 3942 295 4022 ᾗ.
316 3944 354 4000 V.
396 3943 528 4017 Apparet
561 3943 678 4020 itaque,
705 3944 793 4020 hujus
814 3944 926 4020 imperii
949 3946 1148 4007 conditionem
1169 3947 1305 4022 optimam
1323 3949 1395 4023 fore,

228 4055 248 4116 st
271 4055 310 4115 ita
332 4054 496 4115 institutum
519 4054 620 4132 fuerit,
643 4070 677 4117 ut
698 4059 735 4117 ad
756 4057 921 4118 absolutum
939 4058 1062 4118 maxime
1083 4062 1216 4134 accedat,
1237 4061 1292 4120 hoc
1309 4059 1344 4120 est
1363 4077 1394 4121 nt

262 4301 274 4331 *
309 4297 351 4350 Cl.
369 4297 441 4362 supra
458 4313 517 4348 anti.
534 4314 591 4366 pag.
608 4300 666 4350 216.
