2934 4900
210 273 269 338 512
677 247 919 323 Tractatut

208 435 318 499 dicitur
353 435 515 514 descripta,
553 453 703 499 numerum
742 454 844 499 eorum
883 435 1031 510 omnium,
1069 438 1122 515 qui
1161 438 1397 518 Hierosolymam
1446 450 1448 493 i

209 549 333 625 profesti
360 548 445 625 sunt,
473 567 526 626 per
546 565 644 626 partes
673 549 944 626 comprehenderit;
965 550 1205 626 quandoquidem
1224 550 1257 611 in
1278 551 1319 612 iia
1340 572 1397 613 non

208 677 322 724 tantum
343 680 444 724 eorum
471 681 608 724 numerus
636 663 778 741 traditur,
805 663 857 741 qui
885 662 963 724 suam
991 663 1216 742 Genealogiam,
1237 664 1290 725 sed
1313 667 1396 725 etiam

207 791 325 851 eorum,
345 773 397 851 qui
418 792 481 835 eam
502 793 563 836 non
584 790 748 852 potuerunt
768 774 905 836 indicare.
938 776 1038 858 Quid,
1057 776 1194 853 inquam,
1213 776 1344 854 clarius,
1364 797 1396 837 er
1446 736 1448 859 i

208 885 282 950 vers.
305 897 332 961 5.
356 905 419 962 cap.
441 900 470 963 7.
497 885 666 962 Nelremiae,
693 903 780 963 quam
808 889 891 964 quod
918 886 979 963 ipse
999 887 1075 949 hanc
1095 891 1216 950 eandem
1236 889 1396 964 Epistulam
1446 874 1448 895 '

206 996 372 1074 simpliciter
392 996 596 1074 descripserit?
616 997 642 1058 li
662 997 767 1077 igitur,
789 997 841 1076 qui
861 999 925 1059 haec
944 999 1028 1060 aliter
1049 998 1215 1078 explicant,
1233 1000 1314 1061 nihil
1323 1004 1396 1062 aliud

206 1109 336 1188 faciunt,
356 1129 442 1189 quam
463 1128 564 1174 verum
590 1109 748 1186 Scripturae
768 1109 898 1187 sensum,
925 1127 956 1172 er
983 1110 1197 1189 consequenter
1216 1113 1396 1190 scripturam

207 1221 312 1299 ipsam,
343 1239 464 1301 negate3
493 1225 576 1300 quod
607 1238 703 1284 autem
735 1237 844 1300 putant
874 1223 956 1300 pium
977 1223 1050 1301 esse,
1070 1243 1128 1286 una
1149 1227 1216 1286 loca
1236 1227 1396 1304 Scripturae

207 1333 270 1394 aliis
302 1337 536 1411 accommodare,
567 1333 687 1396 ridicrda
719 1334 787 1397 sane
816 1336 928 1413 pietas,
958 1340 1041 1412 quod
1060 1338 1126 1398 loca
1147 1339 1223 1398 clara
1248 1339 1396 1413 obscuris,
1446 1350 1448 1411 l

206 1460 237 1506 et
257 1448 334 1508 retia
355 1444 499 1507 mendosis
527 1449 766 1525 accommodent,
794 1463 825 1509 et
846 1448 914 1509 sana
933 1449 1062 1524 putridis
1081 1467 1283 1526 corrumpant
1315 1452 1396 1513 Abit

206 1572 303 1618 tamen
334 1571 367 1618 ut
388 1575 441 1618 eos
461 1555 645 1632 blasphemos
667 1559 827 1635 appellem,
848 1559 899 1637 qui
918 1559 1031 1622 nullum
1051 1561 1177 1623 animum
1199 1563 1396 1626 maledicendi

205 1669 331 1744 liabent;
352 1687 417 1730 nam
439 1685 531 1730 errare
552 1668 708 1730 humanum
730 1669 848 1745 quidem
869 1671 919 1731 esl.
939 1672 998 1733 Sed
1009 1674 1047 1732 ad
1056 1671 1239 1748 proposstum
1253 1692 1396 1738 revertor.

204 1782 313 1843 Praeter
332 1783 536 1858 mendar,quae
557 1780 587 1842 in
609 1781 725 1843 summis
745 1781 884 1858 Epistola
906 1782 1095 1864 Genealogiae
1116 1799 1175 1845 tam
1187 1787 1297 1847 llezrae
1309 1805 1397 1864 quam

204 1893 354 1955 Nehemiae
375 1893 442 1955 sunt
461 1896 675 1971 concedendae,
692 1894 790 1970 plures
811 1894 899 1955 etiam
920 1912 1062 1958 notantur
1083 1897 1113 1957 in
1133 1896 1202 1972 ipfis
1223 1899 1398 1960 nominibus

205 2007 394 2084 familiarum
414 2010 511 2084 plures
532 2007 649 2083 insuper
669 2006 699 2068 in
721 2007 790 2082 ipsis
809 2007 1006 2087 genealogiis,
1026 2009 1057 2071 in
1078 2009 1222 2087 historiis,
1241 2028 1275 2071 et
1292 2030 1399 2076 vercor

205 2139 241 2181 ne
262 2121 349 2181 etiam
371 2121 400 2181 in
422 2119 489 2197 ipsis
517 2120 692 2198 prophetiis.
718 2122 795 2181 Nam
823 2121 890 2182 sane
918 2122 1078 2198 Prophetia
1104 2123 1237 2203 Jeremiae
1258 2143 1329 2202 cap.
1349 2145 1397 2186 22

204 2235 241 2293 de
261 2231 404 2313 Jechonia
425 2233 507 2294 nullo
528 2236 618 2297 modo
638 2251 704 2294 cum
724 2232 790 2310 ejus
810 2233 928 2295 historia
949 2235 1034 2312 (vide
1053 2236 1140 2297 finem
1149 2236 1216 2297 libri
1227 2255 1255 2298 a.
1268 2239 1399 2316 Regum,

204 2359 234 2404 et
255 2345 378 2425 jerem,
399 2360 429 2405 et
449 2343 513 2406 libr.
537 2361 562 2405 1.
585 2345 674 2406 Paral.
696 2363 760 2423 cap.
783 2363 811 2423 3.
834 2345 875 2409 vs.
901 2361 955 2424 17,
978 2347 1031 2422 18,
1055 2348 1116 2427 19.)
1136 2348 1397 2413 convenirevidc·

203 2472 267 2534 tur,
289 2473 319 2519 et
339 2458 488 2535 praecipue
509 2460 597 2521 verba
615 2457 715 2523 versus
736 2459 831 2521 ultimi
851 2460 929 2522 illius
950 2460 1075 2537 capitis;
1095 2480 1150 2524 nec
1172 2461 1260 2523 etiam
1283 2463 1398 2540 video,

161 2564 165 2573 ’
203 2588 262 2647 qua
289 2570 403 2633 ratione
431 2574 468 2633 de
495 2570 648 2648 Tlidchia,
675 2571 761 2649 cujus
789 2572 887 2648 oculi,
914 2572 996 2634 simul
1021 2592 1055 2634 ac
1075 2574 1154 2634 filios
1174 2592 1278 2635 nccare
1298 2574 1399 2651 vidit,

203 2683 291 2744 effoffi
313 2683 396 2762 sunt,
417 2683 513 2745 dicere
535 2683 637 2761 potuit
653 2685 773 2764 pacifice
792 2688 935 2763 aurietis,
956 2699 1008 2745 etc.
1025 2686 1109 2765 (vide
1129 2688 1233 2769 Jerem.
1253 2705 1321 2763 cap.
1348 2706 1399 2766 34
1446 2677 1448 2681 ’

202 2796 244 2860 vs.
266 2796 320 2876 5.).
351 2796 381 2858 si
409 2816 446 2859 ex
475 2813 584 2860 eventu
610 2797 779 2874 Prophetiae
809 2800 1034 2873 interpretanda
1062 2799 1147 2876 sunt,
1173 2800 1237 2860 haec
1271 2802 1399 2860 nomina

202 2910 341 2971 mutanda
369 2909 478 2986 essent,
505 2925 536 2971 et
564 2927 617 2985 pro
646 2908 784 2972 Tsrdcbia
811 2910 988 2990 Jechonias,
1015 2926 1046 2971 et
1067 2926 1169 2973 contra
1189 2929 1244 2986 pro
1263 2911 1325 2972 hoc
1348 2912 1399 2973 ille

202 3018 358 3082 sumendus
388 3021 555 3084 videretur:
586 3020 636 3084 sed
665 3022 724 3082 hoc
755 3021 842 3083 nimia
871 3024 1069 3101 paradoxum,
1099 3026 1234 3100 adeoque
1264 3041 1327 3085 rem
1363 3040 1399 3085 ut

201 3131 460 3208 imperceptibilem
492 3133 653 3209 relinquere
684 3135 776 3210 malo,
808 3133 956 3210 praecipue
988 3134 1074 3213 quia,
1104 3134 1127 3195 si
1153 3134 1202 3196 hic
1223 3134 1332 3212 aliquis
1356 3138 1400 3197 cst

201 3264 296 3323 error,
323 3248 349 3309 is
374 3248 540 3325 Historic0,
568 3266 629 3309 non
657 3247 735 3311 vitio
763 3247 986 3325 exemplarium,
1014 3249 1189 3311 tribuendus
1208 3249 1258 3310 est.
1300 3251 1399 3331 Quod

201 3361 239 3421 ad
266 3360 396 3439 reliquos
424 3361 547 3438 attinet,
575 3378 651 3437 quoa
680 3360 759 3437 dixi,
786 3379 839 3421 eos
865 3360 914 3421 hic
934 3376 1038 3423 notare
1059 3380 1119 3423 non
1140 3377 1233 3439 puto,
1253 3366 1399 3439 quando·

203 3470 321 3547 quidem
342 3470 373 3533 id
393 3488 455 3532 non
475 3470 534 3532 fine
561 3488 667 3550 magno
695 3470 813 3533 lectoris
832 3471 923 3533 taedio
951 3471 1065 3532 efficere
1086 3472 1204 3548 poliim5
1232 3472 1397 3547 presertim

201 3582 270 3659 quia
291 3586 328 3645 ab
350 3582 413 3644 aliis
431 3582 492 3659 jam
519 3582 716 3647 animadversa
738 3584 815 3645 sunt.
842 3584 919 3644 Nam
941 3584 979 3645 R.
1000 3584 1119 3645 Selomo
1140 3586 1180 3644 ob
1201 3583 1398 3645 manifestifli·

200 3714 262 3756 mar
289 3693 554 3774 contradictiones,
583 3714 657 3773 quas
684 3696 715 3758 in
736 3694 834 3757 relatis
862 3695 1043 3773 genealogiis
1062 3695 1249 3772 observavit,
1268 3698 1399 3757 coaclur

200 3806 241 3867 est
261 3808 292 3867 in
312 3806 375 3868 haec
396 3810 485 3871 verba
507 3825 673 3885 enampere,
693 3826 798 3884 nempe
819 3806 903 3886 (vide
925 3806 989 3883 ejus
1010 3808 1216 3870 commentaria
1236 3809 1267 3870 itt
1287 3810 1340 3871 lib.
1369 3827 1397 3871 r.

201 3938 267 3995 cap.
289 3919 317 3981 8.
347 3917 486 3999 Paralip.)
518 3922 594 3997 quod
622 3922 739 3981 Hezras
770 3921 871 4000 (quem
898 3920 992 3981 libros
1020 3920 1111 3981 Paral.
1130 3919 1266 3996 scripsisse
1285 3924 1395 3999 putat)

201 4030 274 4104 filios
294 4030 473 4107 Benjamim's
492 4033 561 4092 aliis
581 4034 741 4093 nominibus
767 4034 912 4112 appellat,
932 4030 1048 4123 esusque
1064 4033 1261 4107 genealogiam
1279 4034 1394 4105 aliter,

201 4160 287 4220 quam
307 4161 369 4203 eam
389 4142 524 4204 habemus
543 4148 576 4203 in
592 4145 661 4205 libr.
681 4144 970 4222 Genefeos‚diducit,
981 4159 1009 4205 et
1020 4146 1096 4223 quod
1102 4146 1222 4223 denique
1230 4149 1392 4205 maximam

197 4266 314 4333 partem
340 4258 494 4315 ciuitatum
521 4256 695 4316 levitarum
714 4259 804 4318 aliter
825 4274 911 4335 quam
930 4260 1022 4335 josua
1040 4260 1168 4334 indicat,
1189 4261 1257 4319 inde
1275 4263 1390 4335 evenit,
