2934 4900
355 303 844 384 Theologico·l'olirici
885 305 960 382 Cap.
980 305 1047 367 XV.
1235 313 1291 377 551

108 481 251 546 videntur
270 483 452 560 supponere,
472 481 648 561 Theologiae
668 481 879 544 authoritatem
901 483 1011 543 nullum
1031 481 1138 541 habere
1159 479 1295 556 splendo-

110 613 186 672 rem,
207 596 259 656 nifi
279 596 388 658 lumine
410 596 535 658 naturali
556 594 696 657 Rationis
723 593 888 656 illustretur.
929 595 986 670 Et,
1005 594 1026 654 si
1048 607 1149 655 contra
1168 591 1296 668 jasiant,

109 706 140 768 se
168 706 285 769 interno
312 707 438 784 Spiritus
466 707 563 772 Sandii
592 706 760 770 testimonio
789 707 910 769 omnino
939 706 1139 785 acquiescere,
1166 718 1197 764 et
1218 704 1295 764 nulla

109 819 166 880 alia
187 823 224 880 de
243 821 329 881 causa
349 820 508 882 Rationem
530 820 559 881 in
590 819 729 881 auxilium
752 837 877 896 uocare,
897 838 984 898 quam
1005 832 1128 895 propter
1148 816 1296 889 infideles,

110 933 149 992 ad
169 932 285 994 eosdem
305 932 416 994 scilicet
436 931 676 1008 convincendos3
694 931 736 992 nil
755 947 851 994 tamen
869 933 937 994 fidei
959 950 1058 994 eorum
1081 929 1165 993 disiis
1186 929 1295 990 haben·

110 1046 196 1120 dum,
216 1063 282 1106 nam
298 1045 359 1122 jam
380 1045 464 1106 facile
493 1045 643 1107 ostendere
671 1043 837 1122 poliuntur,
857 1063 910 1106 eos
930 1046 979 1108 vel
1000 1063 1037 1106 ert
1058 1044 1227 1118 affesiibus,
1247 1044 1296 1104 vel

109 1177 187 1219 vana
207 1158 300 1237 gloria
326 1157 357 1220 id
377 1157 483 1219 dicere.
524 1157 571 1218 Ex
592 1160 778 1234 praecedente
800 1158 875 1219 enirn
897 1157 1003 1234 Capite
1024 1156 1230 1220 evidentillime
1252 1155 1296 1215 se-

109 1269 226 1346 quitur,
256 1269 396 1345 Spiritum
426 1271 562 1332 Sandium
593 1287 654 1331 nott
685 1270 738 1331 nili
759 1273 795 1332 de
816 1271 904 1332 bonis
932 1270 1072 1346 operibus
1099 1267 1294 1332 testimonium

109 1385 197 1458 date;
225 1402 290 1460 quae
319 1383 406 1445 etiam
434 1384 541 1445 Paulus
569 1383 637 1444 ideo
664 1383 694 1444 in
722 1384 814 1460 Epist.
837 1387 873 1446 ad
900 1385 996 1445 Galat.
1017 1403 1080 1460 cap.
1103 1396 1131 1459 5.
1150 1384 1225 1447 vers.
1247 1399 1294 1443 22.

108 1495 220 1556 studius
247 1495 374 1571 Spiritus
400 1497 496 1557 Sandii
524 1512 631 1573 vocat,
661 1512 693 1557 et
722 1496 784 1573 ipse
811 1515 911 1560 revera
939 1497 1011 1558 nihil
1033 1498 1110 1558 aliud
1132 1496 1172 1557 est
1192 1511 1297 1572 prater

108 1605 197 1666 animi
217 1606 476 1684 acquiescentiam,
497 1627 563 1684 quae
585 1626 623 1668 ex
643 1608 731 1669 bonis
759 1608 923 1671 astionibus
945 1608 975 1670 in
997 1624 1093 1670 mente
1115 1607 1216 1669 oritur.
1248 1607 1294 1668 De

107 1719 234 1782 veritate
262 1736 360 1781 autem
387 1735 417 1781 et
445 1719 622 1782 certitudine
651 1737 762 1796 return,
784 1739 850 1797 quae
871 1721 961 1782 solius
982 1721 1050 1782 sunt
1069 1717 1297 1796 speculationis,

107 1833 206 1894 nullus
226 1831 353 1909 Spiritus
373 1831 570 1894 testimonium
591 1835 660 1908 dat,
680 1847 787 1909 ptaeter
806 1833 980 1910 Rationem,
1001 1851 1067 1910 quae
1089 1832 1163 1908 sola,
1184 1846 1219 1893 ut
1235 1831 1294 1907 jam

107 1943 303 2018 ostendimus,
330 1943 465 2005 veritatis
491 1962 611 2023 regnum
627 1943 692 2004 'srbi
719 1944 893 2008 vindicavit.
935 1945 965 2007 Si
993 1963 1079 2022 quem
1101 1962 1170 2024 ergo
1191 1960 1296 2020 prater

106 2056 188 2116 hunc
224 2055 363 2132 Spiritum
402 2059 588 2119 contendunt
618 2056 724 2118 habere
735 2102 745 2132 ,
777 2057 828 2134 qui
860 2057 940 2134 ipsos
971 2060 1007 2118 de
1039 2057 1165 2119 veritate
1197 2071 1294 2117 certos

107 2168 222 2244 reddit,
242 2168 273 2230 id
294 2169 366 2229 falso
384 2167 511 2244 jadiant,
533 2184 562 2228 et
584 2187 645 2230 non
666 2167 718 2230 nili
740 2187 777 2229 ex
799 2168 953 2230 affediuum
975 2167 1146 2245 praejudicio
1166 2168 1295 2244 loquun-

107 2296 174 2355 tur,
200 2281 249 2342 vel
277 2299 335 2357 prae
363 2299 470 2359 magno
498 2279 620 2356 timore,
640 2299 678 2342 ne
699 2299 716 2340 a
736 2279 922 2357 Philosophis
950 2281 1106 2343 vincantur
1127 2296 1158 2341 et
1177 2279 1296 2357 publice

106 2389 177 2453 risui
205 2407 403 2468 exponantur,
431 2393 467 2453 ad
496 2390 573 2453 sacra
601 2391 1090 2472 confugiunt;sedf1ustta,nam
1112 2410 1199 2469 quam
1220 2409 1295 2453 atam

107 2503 160 2563 sibi
182 2521 281 2579 parare
302 2504 420 2581 potest,
441 2504 493 2580 qui
514 2502 653 2565 Rationis
673 2504 848 2581 majestatem
869 2504 974 2566 ladit?
995 2507 1105 2565 Verum
1126 2523 1178 2565 eos
1199 2504 1295 2565 missos

107 2615 204 2690 facio,
222 2615 461 2693 quandoquidem
478 2634 523 2676 me
540 2632 610 2676 meae
624 2614 717 2677 causae
728 2614 896 2677 satisfecisse
905 2630 983 2693 puto
991 2618 1094 2692 ,quod
1105 2615 1295 2690 ostenderim,

107 2746 167 2805 qua
187 2728 302 2789 tatione
322 2727 542 2803 Philosophiaa
563 2727 731 2806 Theologia
752 2728 908 2804 separanda
929 2727 977 2804 lit,
998 2744 1029 2789 et
1046 2728 1076 2789 in
1095 2746 1155 2806 quo
1174 2741 1297 2803 utraque

108 2839 283 2917 potissimum
304 2840 453 2917 confistat;
473 2854 504 2901 et
524 2842 607 2917 quod
628 2855 731 2902 neutra
753 2840 849 2901 neutri
870 2838 1032 2916 ancilletur,
1053 2840 1102 2901 sed
1123 2842 1205 2917 quod
1222 2858 1294 2901 una-

108 2971 234 3030 quaque
264 2952 347 3014 suurn
377 2970 497 3032 regnum
527 2952 586 3013 fine
619 2952 676 3013 ulla
707 2950 827 3013 alterius
857 2952 1050 3031 repugnantia
1082 2950 1232 3027 obtineat;
1264 2966 1295 3012 et

108 3068 191 3142 quod
218 3064 360 3142 denique,
387 3063 439 3125 ubi
467 3065 535 3124 data
556 3063 614 3125 suit
637 3062 768 3139 occasto,
789 3062 876 3124 etiarn
898 3063 1070 3125 ostenderim
1091 3064 1229 3140 absurda,
1250 3021 1295 3155 ini,-

108 3178 263 3238 commoda
283 3192 314 3237 et
335 3177 453 3252 damna,
474 3194 539 3253 quae
562 3176 660 3237 secuta
680 3175 748 3236 sunt
769 3194 806 3236 ex
827 3194 880 3253 eo,
892 3178 974 3253 quod
994 3176 1128 3238 homines
1148 3177 1200 3237 has
1221 3178 1293 3239 duas

108 3290 265 3351 facultates
286 3288 364 3349 miris
391 3286 487 3350 modis
514 3288 591 3349 inter
610 3287 639 3349 se
660 3287 866 3363 confuderint,
888 3306 941 3348 nec
964 3303 1098 3349 accurate
1118 3288 1195 3349 inter
1217 3288 1293 3365 ipsas

108 3400 283 3481 distinguere
289 3444 300 3477 ,
326 3419 472 3477 unamque
500 3402 536 3460 ab
564 3400 621 3462 alia
642 3399 773 3476 separare
794 3399 940 3462 sciverint.
980 3402 1060 3481 Jam,
1081 3415 1236 3477 antequam
1258 3404 1294 3463 ad

108 3514 164 3574 alia
194 3532 326 3593 pergam,
357 3512 405 3574 hic
435 3511 564 3588 expresse
596 3530 713 3575 monere
745 3514 853 3575 volo*
884 3512 1011 3592 (tametsi
1034 3513 1094 3590 jam
1115 3514 1222 3575 diuum
1243 3514 1292 3593 stt)

108 3626 185 3686 circa
215 3624 374 3686 utilitatem
404 3640 435 3685 et
461 3624 656 3685 necessitatem
676 3626 770 3685 Sacrae
792 3625 966 3702 Scripturae,
988 3624 1046 3687 live
1068 3624 1293 3702 Revelationis,

108 3742 191 3816 quod
218 3738 308 3814 ipsam
334 3756 517 3817 permagnam
543 3737 649 3798 statuo.
689 3738 784 3812 Nam,
805 3736 1042 3814 quandoquidem
1063 3756 1123 3798 non
1145 3736 1294 3813 possumus

107 3851 232 3913 Lumine
259 3850 395 3912 Naturali
422 3850 588 3926 percipere,
614 3852 696 3927 quod
716 3849 836 3925 simplex
858 3848 1027 3911 obedientia
1047 3850 1096 3913 via
1117 3852 1153 3911 ad
1174 3849 1293 3911 salutem

107 3964 143 4025 stt
165 3964 207 4039 **,
234 3964 284 4025 sed
304 3962 365 4023 sola
385 3961 544 4024 Revelatio
570 3964 695 4037 doceat,
721 3960 753 4023 id
781 3980 818 4021 ex
845 3960 980 4040 fingulati
1000 3960 1057 4022 Dei
1078 3960 1186 4041 gratia,
1207 3981 1292 4037 quam

109 4076 238 4137 Ratione
276 4074 384 4152 alsequi
421 4092 481 4135 non
519 4072 686 4150 possumus,
724 4074 806 4151 fieti3
837 4073 905 4135 hinc
937 4072 1086 4150 sequitur,
1116 4073 1292 4151 Scripturant¹

141 4321 154 4351 ·
189 4318 232 4371 cs.
248 4321 345 4370 Aunot·
361 4320 441 4373 XXX.
607 4320 635 4352 ”
653 4319 695 4372 Cf.
712 4322 809 4371 Annot.
826 4320 919 4381 xxxl.
