2934 4900
319 317 816 414 Theologico-Politici
857 335 930 414 Cap.
950 337 1016 399 llll.
1199 335 1257 415 5‘27'

69 533 130 575 nec
162 516 244 591 quod
275 530 412 590 tanquam
443 512 604 592 syngrapha
636 513 754 574 foederis
781 512 881 589 scripti
909 514 1034 591 fuerint,
1055 535 1110 576 nec
1130 516 1258 593 denique

72 627 158 702 quod
189 623 291 703 religio
323 622 483 700 catholica,
514 643 580 701 quae
608 623 730 684 maxime
759 625 899 686 naturalis
920 625 977 703 est,
998 645 1078 689 nova
1099 626 1186 704 eiset,
1206 627 1259 688 nili

73 739 210 814 respetiu
249 739 416 814 hominurn,
454 737 505 814 qui
536 757 598 799 cam
628 756 688 798 non
725 754 886 816 noverant;
914 743 947 798 in
976 742 1077 800 meando
1106 755 1188 817 erat,
1219 741 1261 802 ait

76 851 231 932 Johannes
262 850 445 929 Euangelista
475 868 540 926 cap.
574 867 599 910 ι.
631 850 672 913 vs.
707 867 769 925 ια,
799 866 828 911 aa
856 853 977 912 mundus
1006 872 1061 912 non
1087 858 1259 914 noviacum.

76 963 223 1044 Quamvis
244 963 345 1040 itaque
365 961 520 1040 pauciores
540 961 647 1039 libros,
667 976 726 1024 tam
748 963 866 1024 Veteris
876 983 962 1040 quam
972 967 1056 1028 Novi
1066 965 1262 1044 Testamenti,

74 1075 265 1150 haberemus,
293 1087 354 1136 non
381 1090 479 1135 tamen
506 1073 563 1136 Dei
583 1075 684 1135 Verbo
707 1074 774 1152 (per
794 1077 877 1151 quod
897 1076 1032 1152 proprie,
1053 1091 1086 1138 ut
1103 1077 1163 1154 jam
1185 1077 1261 1140 dixi·

76 1205 160 1262 ntus,
181 1205 248 1250 vera
269 1186 388 1266 Religio
409 1185 595 1266 intelligitur)
617 1186 854 1262 destitueremur3
875 1187 949 1249 sicut
970 1208 1030 1251 non
1052 1205 1189 1266 putamus
1206 1209 1262 1252 nos

76 1301 183 1360 eodem
210 1299 269 1376 jam
300 1298 457 1362 destitutos
488 1297 559 1374 elie,
589 1298 641 1359 etsr
672 1298 772 1361 multis
802 1298 866 1361 aliis
896 1301 1127 1376 praestantifflmis
1146 1302 1261 1380 scriptis

77 1427 225 1487 caremus,
252 1427 286 1473 ut
313 1411 388 1472 libro
416 1409 523 1490 Legis,
544 1409 595 1488 qui
616 1427 755 1487 tanquam
776 1411 894 1473 foederis
914 1411 1107 1492 syngraphum
1128 1415 1261 1493 religiose

78 1523 110 1583 in
132 1524 242 1600 templo
263 1522 498 1598 custodiebatur,
520 1539 550 1584 et
571 1537 711 1599 praeterea
721 1522 803 1584 libris
812 1524 1263 1604 Bellorum,Chronologiarum,

78 1651 110 1695 ct
132 1634 194 1696 aliis
222 1634 371 1712 plurimis,
398 1652 436 1695 ex
462 1633 569 1711 quibus
596 1633 644 1710 lsi,
673 1652 749 1711 quos
770 1633 888 1696 Veteris
908 1633 1086 1696 Testamenti
1106 1636 1263 1714 habemus,

80 1747 211 1824 decerpti
233 1763 263 1809 et
284 1746 399 1810 collecti
420 1746 495 1808 sunt.
524 1749 626 1824 Atque
646 1747 704 1808 hoc
726 1747 826 1809 multis
845 1762 986 1824 praeterea
1005 1747 1169 1810 rationibus
1190 1767 1263 1811 con·

79 1861 218 1922 firmatur.
259 1862 374 1937 Nempe
405 1861 428 1920 1.
460 1858 528 1937 quit
559 1859 624 1920 libri
656 1858 807 1936 utriusque
845 1859 1025 1921 Testamenti
1054 1879 1114 1921 non
1145 1862 1263 1922 fuerunt

80 1971 215 2048 caprelio
247 1975 385 2034 mandato
417 1989 477 2033 uno
508 1974 671 2048 codemque
699 1987 831 2048 tempore
859 1971 996 2032 omnibus
1016 1972 1128 2034 saeculis
1148 1973 1265 2050 scripti,

81 2085 132 2146 sed
152 2085 219 2146 casu
246 2084 418 2162 quibusdam
445 2081 629 2160 hominibus,
657 2083 747 2160 idque
776 2098 865 2160 prout
893 2099 1009 2160 tempus
1036 2101 1066 2146 et
1087 2104 1187 2148 corum
1208 2083 1264 2148 lin·

81 2197 188 2275 gularis
209 2197 382 2259 constitutio
411 2194 565 2276 exigebat,
586 2211 620 2258 ut
641 2211 740 2272 aperte
768 2193 898 2256 indicant
918 2194 1129 2273 Prophetarum
1149 2200 1265 2262 vocati·

83 2328 156 2370 ones
177 2309 258 2388 (qui,
276 2325 310 2373 ut
329 2307 435 2387 impios
457 2309 500 2372 sui
527 2307 668 2386 temporis
696 2323 864 2384 monerent,
885 2308 987 2372 vocati
1006 2309 1105 2390 sunt),
1126 2325 1156 2372 et
1177 2312 1264 2375 etiam

83 2422 292 2499 Apostolorum
312 2422 461 2501 Epistola.
482 2422 519 2483 ll.
541 2421 609 2499 quia
630 2420 709 2483 aliud
730 2421 787 2497 est,
807 2419 984 2498 scripturam
1006 2435 1036 2481 et
1056 2437 1182 2485 mentem
1192 2423 1264 2485 Pro·

83 2534 252 2613 phetarum,
283 2536 362 2598 aliud
393 2551 506 2612 autem,
538 2550 663 2596 mentem
691 2533 765 2610 Dei,
785 2531 844 2594 hoc
864 2532 906 2594 est
925 2531 1014 2609 ipsam
1034 2528 1075 2595 rel
1096 2535 1266 2613 veritatem,

82 2645 262 2727 intelligere3
293 2664 327 2709 ut
359 2666 395 2709 ex
427 2666 481 2723 eo,
514 2648 595 2725 quod
626 2646 655 2707 in
688 2646 762 2723 Cap.
787 2664 816 2706 2.
838 2648 874 2706 de
896 2644 1051 2722 Prophetis
1071 2645 1265 2726 ostendimus,

82 2760 223 2837 sequitur.
263 2761 354 2843 Quod
382 2760 469 2821 etiam
497 2759 526 2820 in
554 2756 690 2820 Historiis
709 2773 741 2820 et
762 2755 906 2819 miraculis
924 2760 1022 2820 locum
1043 2761 1148 2821 habere
1168 2761 1263 2823 osten·

83 2874 178 2936 dimus
198 2874 272 2949 Cap.
292 2876 322 2934 6.
342 2872 438 2951 Atqui
458 2872 516 2934 hoc
538 2875 574 2935 de
601 2872 691 2949 locis,
720 2873 750 2934 in
779 2872 887 2949 quibus
908 2873 944 2933 de
965 2890 1033 2934 vera
1054 2872 1211 2951 Religione
1233 2889 1264 2935 ct

83 3005 152 3049 vera
172 2987 283 3051 virtute
304 2986 415 3065 agitur,
436 2985 551 3047 minime
572 2984 630 3047 dici
651 2984 758 3062 potest.
779 2985 831 3045 111.
853 2983 921 3061 quia
941 2983 1024 3045 Libri
1033 2984 1153 3046 Veteris
1162 2987 1264 3048 Testa·

83 3099 174 3161 menti
205 3118 242 3161 ex
273 3096 371 3160 ntultis
404 3099 487 3161 electi
519 3100 654 3173 fuerunt,
682 3111 712 3158 et
735 3116 752 3157 a
772 3096 900 3158 concilio
921 3099 1038 3158 tandem
1059 3097 1266 3160 Pharisaeorum

83 3210 198 3273 colletli
230 3225 260 3272 et
291 3210 427 3287 probati,
457 3226 491 3271 ut
521 3211 552 3272 in
583 3210 655 3286 Cap.
690 3228 736 3270 10.
769 3209 958 3285 ostendimus;
978 3210 1044 3271 libri
1064 3227 1162 3274 autem
1181 3212 1265 3276 Novi

83 3321 264 3383 Testamenti
301 3323 426 3383 decretis
463 3322 551 3384 etiam
589 3322 790 3385 Conciliorum
826 3325 1009 3399 quorundam
1045 3322 1076 3384 in
1114 3322 1265 3386 Cononem

84 3430 197 3495 allumti
229 3434 313 3509 sunt;
345 3452 468 3511 quorum
499 3435 587 3496 etiam
619 3434 744 3496 decretis
763 3436 861 3511 plures
881 3433 946 3511 alii,
968 3434 1019 3511 qui
1039 3433 1110 3497 sacri
1131 3456 1146 3496 a
1167 3434 1267 3498 multis

83 3548 268 3608 habebantur
274 3592 284 3623 ,
305 3562 340 3608 ut
360 3546 448 3624 spurii
469 3546 567 3624 rejedi
587 3547 663 3610 sunt.
685 3548 727 3608 At
748 3548 852 3609 horum
873 3545 1157 3625 Conciliorum(tam
1167 3546 1266 3608 Phari-

84 3659 207 3721 saeorum
228 3678 313 3737 quam
336 3659 577 3743 Christianorum)
604 3662 729 3721 membra
757 3678 818 3721 non
846 3660 1017 3720 constabant
1038 3677 1076 3719 ex
1095 3658 1267 3736 Prophetis,

84 3771 134 3832 scd
155 3784 268 3833 tantum
297 3788 333 3831 ex
361 3771 541 3834 Dodoribus
569 3787 599 3833 et
627 3770 750 3849 peritis;
771 3788 801 3833 et
821 3786 919 3833 tamen
939 3772 1089 3832 fatendum
1109 3769 1266 3833 netellario

84 3881 141 3958 est,
163 3900 215 3943 eos
236 3882 265 3944 in
286 3883 341 3943 hac
362 3882 504 3946 electione
525 3886 646 3947 verbum
667 3884 725 3946 Dei
746 3901 800 3960 pro
822 3901 922 3945 norma
941 3881 1089 3957 habuiise3
1116 3884 1269 3959 adeoque,

84 4006 240 4070 antequam
272 4010 373 4055 omnes
403 3993 494 4055 libros
525 3996 737 4071 probaverant,
769 3996 933 4057 debuerunt
953 3992 1110 4056 neceliario
1130 3993 1268 4056 notitiam

82 4106 176 4167 Verbi
207 4106 264 4167 Dei
295 4107 411 4168 habere.
442 4106 496 4167 lV.
528 4104 596 4183 quia
626 4106 764 4184 Apostoli
785 4126 846 4169 non
867 4122 1005 4185 tanquam
1025 4106 1199 4185 Propheta,
1218 4106 1269 4168 sed

82 4218 134 4296 (ut
155 4217 184 4277 in
206 4219 391 4293 precedente
412 4216 519 4293 Capite
540 4217 681 4297 diximus)
703 4234 841 4295 tanquam
860 4219 1007 4280 Doblores
1027 4218 1217 4295 scripserunt,
1238 4232 1268 4278 et

84 4330 163 4395 viam
195 4332 231 4393 ad
263 4332 429 4392 docendum
461 4330 625 4409 elegerunt,
657 4348 744 4407 quam
779 4330 940 4393 faciliorem
966 4330 1175 4409 judicaverunt
1206 4331 1269 4391 sore
