<?xml version="1.0" encoding="UTF-8"?>
<!DOCTYPE html PUBLIC "-//W3C//DTD XHTML 1.0 Transitional//EN"
    "http://www.w3.org/TR/xhtml1/DTD/xhtml1-transitional.dtd">
<html xmlns="http://www.w3.org/1999/xhtml" xml:lang="en" lang="en">
 <head>
  <title>
</title>
<meta http-equiv="Content-Type" content="text/html;charset=utf-8" />
  <meta name='ocr-system' content='tesseract 3.04.00' />
  <meta name='ocr-capabilities' content='ocr_page ocr_carea ocr_par ocr_line ocrx_word'/>
</head>
<body>
  <div class='ocr_page' id='page_1' title='image "benedictidespin02landgoog_0562.png"; bbox 0 0 2934 4900; ppageno 0'>
   <div class='ocr_carea' id='block_1_1' title="bbox 210 297 925 375">
    <p class='ocr_par' dir='ltr' id='par_1_1' title="bbox 210 297 925 375">
     <span class='ocr_line' id='line_1_1' title="bbox 210 297 925 375; baseline 0 -15"><span class='ocrx_word' id='word_1_1' title='bbox 210 297 269 375; x_wconf 78' lang='lat'><strong>538</strong></span> <span class='ocrx_word' id='word_1_2' title='bbox 412 329 415 335; x_wconf 92' lang='lat'>·</span> <span class='ocrx_word' id='word_1_3' title='bbox 685 299 925 360; x_wconf 82' lang='lat' dir='ltr'><strong>Tractatua</strong></span> 
     </span>
    </p>
   </div>
   <div class='ocr_carea' id='block_1_2' title="bbox 207 473 1459 3919">
    <p class='ocr_par' dir='ltr' id='par_1_2' title="bbox 207 473 1459 3013">
     <span class='ocr_line' id='line_1_2' title="bbox 211 473 1395 552; baseline 0 -16"><span class='ocrx_word' id='word_1_4' title='bbox 211 474 273 551; x_wconf 90' lang='lat' dir='ltr'><strong>ipsa</strong></span> <span class='ocrx_word' id='word_1_5' title='bbox 300 475 385 538; x_wconf 85' lang='lat' dir='ltr'><strong>etiam</strong></span> <span class='ocrx_word' id='word_1_6' title='bbox 413 475 561 552; x_wconf 83' lang='lat' dir='ltr'><strong>Scriptura</strong></span> <span class='ocrx_word' id='word_1_7' title='bbox 588 473 719 551; x_wconf 76' lang='lat' dir='ltr'><strong>plurimis</strong></span> <span class='ocrx_word' id='word_1_8' title='bbox 743 473 869 536; x_wconf 78' lang='lat' dir='ltr'><strong>inlotis</strong></span> <span class='ocrx_word' id='word_1_9' title='bbox 889 491 976 550; x_wconf 81' lang='lat' dir='ltr'><strong>quam</strong></span> <span class='ocrx_word' id='word_1_10' title='bbox 996 475 1140 536; x_wconf 81' lang='lat' dir='ltr'><strong>clarib&#39;mte</strong></span> <span class='ocrx_word' id='word_1_11' title='bbox 1161 477 1266 537; x_wconf 88' lang='lat' dir='ltr'><strong>docet:</strong></span> <span class='ocrx_word' id='word_1_12' title='bbox 1287 493 1395 550; x_wconf 81' lang='lat' dir='ltr'>nempe</span> 
     </span>
     <span class='ocr_line' id='line_1_3' title="bbox 212 584 1394 667; baseline -0.003 -19"><span class='ocrx_word' id='word_1_13' title='bbox 212 602 305 649; x_wconf 87' lang='lat' dir='ltr'><strong>totam</strong></span> <span class='ocrx_word' id='word_1_14' title='bbox 324 588 418 667; x_wconf 85' lang='lat' dir='ltr'><strong>legem</strong></span> <span class='ocrx_word' id='word_1_15' title='bbox 439 588 469 648; x_wconf 88' lang='lat' dir='ltr'><strong>in</strong></span> <span class='ocrx_word' id='word_1_16' title='bbox 491 587 549 649; x_wconf 92' lang='lat' dir='ltr'><strong>hoc</strong></span> <span class='ocrx_word' id='word_1_17' title='bbox 571 586 634 648; x_wconf 90' lang='lat' dir='ltr'><strong>solo</strong></span> <span class='ocrx_word' id='word_1_18' title='bbox 656 585 975 662; x_wconf 78' lang='lat' dir='ltr'><strong>consistere,intmore</strong></span> <span class='ocrx_word' id='word_1_19' title='bbox 995 584 1106 648; x_wconf 88' lang='lat' dir='ltr'><strong>scilicet</strong></span> <span class='ocrx_word' id='word_1_20' title='bbox 1126 605 1193 667; x_wconf 83' lang='lat' dir='ltr'><strong>erga</strong></span> <span class='ocrx_word' id='word_1_21' title='bbox 1212 585 1394 664; x_wconf 67' lang='lat' dir='ltr'><strong>proximum</strong></span> 
     </span>
     <span class='ocr_line' id='line_1_4' title="bbox 212 697 1397 778; baseline -0.003 -17"><span class='ocrx_word' id='word_1_22' title='bbox 212 717 300 777; x_wconf 90' lang='lat' dir='ltr'><strong>quare</strong></span> <span class='ocrx_word' id='word_1_23' title='bbox 330 717 415 761; x_wconf 89' lang='lat' dir='ltr'><strong>nemo</strong></span> <span class='ocrx_word' id='word_1_24' title='bbox 447 699 535 760; x_wconf 90' lang='lat' dir='ltr'><strong>etiam</strong></span> <span class='ocrx_word' id='word_1_25' title='bbox 566 716 670 778; x_wconf 87' lang='lat' dir='ltr'><strong>negare</strong></span> <span class='ocrx_word' id='word_1_26' title='bbox 703 699 818 776; x_wconf 86' lang='lat' dir='ltr'><strong>potest,</strong></span> <span class='ocrx_word' id='word_1_27' title='bbox 849 701 933 775; x_wconf 91' lang='lat' dir='ltr'><strong>quod</strong></span> <span class='ocrx_word' id='word_1_28' title='bbox 959 697 1001 774; x_wconf 80' lang='lat' dir='ltr'><strong>is,</strong></span> <span class='ocrx_word' id='word_1_29' title='bbox 1028 698 1080 775; x_wconf 89' lang='lat' dir='ltr'><strong>qui</strong></span> <span class='ocrx_word' id='word_1_30' title='bbox 1108 717 1145 760; x_wconf 86' lang='lat' dir='ltr'><strong>ex</strong></span> <span class='ocrx_word' id='word_1_31' title='bbox 1172 698 1229 761; x_wconf 90' lang='lat' dir='ltr'><strong>Dei</strong></span> <span class='ocrx_word' id='word_1_32' title='bbox 1256 701 1397 760; x_wconf 82' lang='lat' dir='ltr'><strong>mandato</strong></span> 
     </span>
     <span class='ocr_line' id='line_1_5' title="bbox 210 810 1396 889; baseline -0.002 -17"><span class='ocrx_word' id='word_1_33' title='bbox 210 811 374 887; x_wconf 87' lang='lat' dir='ltr'><strong>proximum</strong></span> <span class='ocrx_word' id='word_1_34' title='bbox 394 824 534 887; x_wconf 84' lang='lat' dir='ltr'><strong>tanquam</strong></span> <span class='ocrx_word' id='word_1_35' title='bbox 555 811 585 872; x_wconf 91' lang='lat' dir='ltr'><strong>se</strong></span> <span class='ocrx_word' id='word_1_36' title='bbox 606 811 700 888; x_wconf 90' lang='lat' dir='ltr'><strong>ipsum</strong></span> <span class='ocrx_word' id='word_1_37' title='bbox 721 810 837 889; x_wconf 87' lang='lat' dir='ltr'><strong>diligit,</strong></span> <span class='ocrx_word' id='word_1_38' title='bbox 856 828 957 873; x_wconf 86' lang='lat' dir='ltr'><strong>revera</strong></span> <span class='ocrx_word' id='word_1_39' title='bbox 973 810 1015 872; x_wconf 83' lang='lat' dir='ltr'><strong>eu</strong></span> <span class='ocrx_word' id='word_1_40' title='bbox 1031 810 1222 872; x_wconf 71' lang='lat' dir='ltr'><strong>obediebat</strong></span> <span class='ocrx_word' id='word_1_41' title='bbox 1238 810 1396 870; x_wconf 84' lang='lat' dir='ltr'><strong>secundum</strong></span> 
     </span>
     <span class='ocr_line' id='line_1_6' title="bbox 209 921 1397 1002; baseline 0 -21"><span class='ocrx_word' id='word_1_42' title='bbox 209 921 302 999; x_wconf 85' lang='lat' dir='ltr'><strong>legem</strong></span> <span class='ocrx_word' id='word_1_43' title='bbox 322 923 443 998; x_wconf 89' lang='lat' dir='ltr'><strong>beatus,</strong></span> <span class='ocrx_word' id='word_1_44' title='bbox 465 935 495 982; x_wconf 89' lang='lat' dir='ltr'><strong>et</strong></span> <span class='ocrx_word' id='word_1_45' title='bbox 517 921 568 999; x_wconf 92' lang='lat' dir='ltr'><strong>qui</strong></span> <span class='ocrx_word' id='word_1_46' title='bbox 590 937 693 983; x_wconf 91' lang='lat' dir='ltr'><strong>contra</strong></span> <span class='ocrx_word' id='word_1_47' title='bbox 720 921 794 982; x_wconf 90' lang='lat' dir='ltr'><strong>odio</strong></span> <span class='ocrx_word' id='word_1_48' title='bbox 813 921 921 997; x_wconf 81' lang='lat' dir='ltr'><strong>babet,</strong></span> <span class='ocrx_word' id='word_1_49' title='bbox 940 923 990 985; x_wconf 85' lang='lat' dir='ltr'><strong>vei</strong></span> <span class='ocrx_word' id='word_1_50' title='bbox 1009 922 1149 1002; x_wconf 86' lang='lat' dir='ltr'><strong>negligit,</strong></span> <span class='ocrx_word' id='word_1_51' title='bbox 1167 921 1284 983; x_wconf 83' lang='lat' dir='ltr'><strong>rebellia</strong></span> <span class='ocrx_word' id='word_1_52' title='bbox 1304 921 1348 982; x_wconf 86' lang='lat' dir='ltr'><strong>est</strong></span> <span class='ocrx_word' id='word_1_53' title='bbox 1366 937 1397 981; x_wconf 89' lang='lat' dir='ltr'><strong>et</strong></span> 
     </span>
     <span class='ocr_line' id='line_1_7' title="bbox 211 1033 1396 1112; baseline -0.002 -16"><span class='ocrx_word' id='word_1_54' title='bbox 211 1049 379 1096; x_wconf 84' lang='lat' dir='ltr'><strong>contumax.</strong></span> <span class='ocrx_word' id='word_1_55' title='bbox 420 1035 555 1112; x_wconf 88' lang='lat' dir='ltr'><strong>Denique</strong></span> <span class='ocrx_word' id='word_1_56' title='bbox 587 1037 665 1110; x_wconf 87' lang='lat' dir='ltr'><strong>apud</strong></span> <span class='ocrx_word' id='word_1_57' title='bbox 697 1052 798 1094; x_wconf 78' lang='lat' dir='ltr'><strong>omnes</strong></span> <span class='ocrx_word' id='word_1_58' title='bbox 831 1033 862 1094; x_wconf 92' lang='lat' dir='ltr'><strong>in</strong></span> <span class='ocrx_word' id='word_1_59' title='bbox 893 1033 1024 1096; x_wconf 75' lang='lat' dir='ltr'><strong>confesso</strong></span> <span class='ocrx_word' id='word_1_60' title='bbox 1057 1033 1117 1109; x_wconf 86' lang='lat' dir='ltr'><strong>est,</strong></span> <span class='ocrx_word' id='word_1_61' title='bbox 1137 1034 1315 1110; x_wconf 80' lang='lat' dir='ltr'><strong>Scripttuam</strong></span> <span class='ocrx_word' id='word_1_62' title='bbox 1336 1051 1396 1094; x_wconf 90' lang='lat' dir='ltr'><strong>non</strong></span> 
     </span>
     <span class='ocr_line' id='line_1_8' title="bbox 210 1144 1393 1224; baseline -0.001 -17"><span class='ocrx_word' id='word_1_63' title='bbox 210 1147 279 1208; x_wconf 81' lang='lat' dir='ltr'><strong>solia</strong></span> <span class='ocrx_word' id='word_1_64' title='bbox 300 1146 420 1224; x_wconf 83' lang='lat' dir='ltr'><strong>peritis,</strong></span> <span class='ocrx_word' id='word_1_65' title='bbox 440 1146 489 1210; x_wconf 90' lang='lat' dir='ltr'><strong>sed</strong></span> <span class='ocrx_word' id='word_1_66' title='bbox 509 1147 645 1208; x_wconf 85' lang='lat' dir='ltr'><strong>omnibus</strong></span> <span class='ocrx_word' id='word_1_67' title='bbox 665 1145 867 1224; x_wconf 84' lang='lat' dir='ltr'><strong>cujuscunque</strong></span> <span class='ocrx_word' id='word_1_68' title='bbox 888 1145 986 1208; x_wconf 74' lang='lat' dir='ltr'><strong>etatis</strong></span> <span class='ocrx_word' id='word_1_69' title='bbox 1007 1161 1038 1207; x_wconf 87' lang='lat' dir='ltr'><strong>et</strong></span> <span class='ocrx_word' id='word_1_70' title='bbox 1065 1145 1180 1224; x_wconf 77' lang='lat' dir='ltr'><strong>generis</strong></span> <span class='ocrx_word' id='word_1_71' title='bbox 1206 1144 1393 1220; x_wconf 81' lang='lat' dir='ltr'><strong>bominibus,</strong></span> 
     </span>
     <span class='ocr_line' id='line_1_9' title="bbox 210 1257 1398 1339; baseline -0.001 -20"><span class='ocrx_word' id='word_1_72' title='bbox 210 1259 344 1335; x_wconf 84' lang='lat' dir='ltr'><strong>scriptam</strong></span> <span class='ocrx_word' id='word_1_73' title='bbox 360 1274 390 1320; x_wconf 91' lang='lat' dir='ltr'><strong>et</strong></span> <span class='ocrx_word' id='word_1_74' title='bbox 405 1261 552 1339; x_wconf 80' lang='lat' dir='ltr'><strong>vulgatam</strong></span> <span class='ocrx_word' id='word_1_75' title='bbox 574 1257 672 1333; x_wconf 78' lang='lat' dir='ltr'><strong>saulse3</strong></span> <span class='ocrx_word' id='word_1_76' title='bbox 693 1274 784 1335; x_wconf 90' lang='lat' dir='ltr'><strong>atque</strong></span> <span class='ocrx_word' id='word_1_77' title='bbox 804 1277 843 1319; x_wconf 80' lang='lat' dir='ltr'><strong>er</strong></span> <span class='ocrx_word' id='word_1_78' title='bbox 863 1257 909 1319; x_wconf 80' lang='lat' dir='ltr'><strong>his</strong></span> <span class='ocrx_word' id='word_1_79' title='bbox 930 1257 1000 1320; x_wconf 83' lang='lat' dir='ltr'><strong>solie</strong></span> <span class='ocrx_word' id='word_1_80' title='bbox 1026 1258 1236 1321; x_wconf 81' lang='lat' dir='ltr'><strong>evidentissime</strong></span> <span class='ocrx_word' id='word_1_81' title='bbox 1255 1259 1398 1335; x_wconf 81' lang='lat' dir='ltr'><strong>sequitur,</strong></span> 
     </span>
     <span class='ocr_line' id='line_1_10' title="bbox 210 1369 1398 1448; baseline 0 -16"><span class='ocrx_word' id='word_1_82' title='bbox 210 1389 266 1433; x_wconf 85' lang='lat' dir='ltr'><strong>nor</strong></span> <span class='ocrx_word' id='word_1_83' title='bbox 288 1391 325 1432; x_wconf 84' lang='lat' dir='ltr'><strong>ex</strong></span> <span class='ocrx_word' id='word_1_84' title='bbox 345 1371 500 1448; x_wconf 84' lang='lat' dir='ltr'><strong>scripturae</strong></span> <span class='ocrx_word' id='word_1_85' title='bbox 519 1369 599 1448; x_wconf 83' lang='lat' dir='ltr'><strong>jullu</strong></span> <span class='ocrx_word' id='word_1_86' title='bbox 618 1369 690 1432; x_wconf 91' lang='lat' dir='ltr'><strong>nihii</strong></span> <span class='ocrx_word' id='word_1_87' title='bbox 712 1371 793 1432; x_wconf 90' lang='lat' dir='ltr'><strong>aliud</strong></span> <span class='ocrx_word' id='word_1_88' title='bbox 813 1370 905 1432; x_wconf 85' lang='lat' dir='ltr'><strong>teneri</strong></span> <span class='ocrx_word' id='word_1_89' title='bbox 927 1373 1064 1446; x_wconf 87' lang='lat' dir='ltr'><strong>credere,</strong></span> <span class='ocrx_word' id='word_1_90' title='bbox 1083 1389 1170 1448; x_wconf 83' lang='lat' dir='ltr'><strong>quam</strong></span> <span class='ocrx_word' id='word_1_91' title='bbox 1191 1371 1239 1447; x_wconf 87' lang='lat' dir='ltr'><strong>id,</strong></span> <span class='ocrx_word' id='word_1_92' title='bbox 1259 1373 1345 1448; x_wconf 90' lang='lat' dir='ltr'><strong>quod</strong></span> <span class='ocrx_word' id='word_1_93' title='bbox 1360 1373 1398 1432; x_wconf 89' lang='lat' dir='ltr'><strong>ad</strong></span> 
     </span>
     <span class='ocr_line' id='line_1_11' title="bbox 210 1483 1398 1567; baseline 0 -23"><span class='ocrx_word' id='word_1_94' title='bbox 210 1484 269 1544; x_wconf 93' lang='lat' dir='ltr'><strong>hoc</strong></span> <span class='ocrx_word' id='word_1_95' title='bbox 299 1485 467 1546; x_wconf 87' lang='lat' dir='ltr'><strong>mandatum</strong></span> <span class='ocrx_word' id='word_1_96' title='bbox 498 1486 702 1561; x_wconf 83' lang='lat' dir='ltr'><strong>exequendum</strong></span> <span class='ocrx_word' id='word_1_97' title='bbox 732 1483 867 1546; x_wconf 91' lang='lat' dir='ltr'><strong>absolute</strong></span> <span class='ocrx_word' id='word_1_98' title='bbox 899 1483 1085 1546; x_wconf 82' lang='lat' dir='ltr'><strong>necessarium</strong></span> <span class='ocrx_word' id='word_1_99' title='bbox 1113 1483 1160 1546; x_wconf 83' lang='lat' dir='ltr'><strong>fit.</strong></span> <span class='ocrx_word' id='word_1_100' title='bbox 1209 1485 1307 1567; x_wconf 81' lang='lat' dir='ltr'><strong>Quare</strong></span> <span class='ocrx_word' id='word_1_101' title='bbox 1338 1485 1398 1545; x_wconf 88' lang='lat' dir='ltr'><strong>hoc</strong></span> 
     </span>
     <span class='ocr_line' id='line_1_12' title="bbox 210 1593 1398 1672; baseline 0.001 -16"><span class='ocrx_word' id='word_1_102' title='bbox 210 1594 303 1672; x_wconf 91' lang='lat' dir='ltr'><strong>ipsum</strong></span> <span class='ocrx_word' id='word_1_103' title='bbox 330 1597 496 1656; x_wconf 88' lang='lat' dir='ltr'><strong>mandatum</strong></span> <span class='ocrx_word' id='word_1_104' title='bbox 521 1595 607 1656; x_wconf 87' lang='lat' dir='ltr'><strong>unica</strong></span> <span class='ocrx_word' id='word_1_105' title='bbox 636 1595 677 1655; x_wconf 79' lang='lat' dir='ltr'><strong>est</strong></span> <span class='ocrx_word' id='word_1_106' title='bbox 704 1594 801 1656; x_wconf 81' lang='lat' dir='ltr'><strong>totius</strong></span> <span class='ocrx_word' id='word_1_107' title='bbox 826 1594 896 1656; x_wconf 85' lang='lat' dir='ltr'><strong>fidei</strong></span> <span class='ocrx_word' id='word_1_108' title='bbox 923 1593 1076 1658; x_wconf 85' lang='lat' dir='ltr'><strong>catholicae</strong></span> <span class='ocrx_word' id='word_1_109' title='bbox 1103 1613 1219 1672; x_wconf 88' lang='lat' dir='ltr'><strong>norma,</strong></span> <span class='ocrx_word' id='word_1_110' title='bbox 1240 1611 1272 1656; x_wconf 88' lang='lat' dir='ltr'><strong>et</strong></span> <span class='ocrx_word' id='word_1_111' title='bbox 1292 1596 1398 1672; x_wconf 83' lang='lat' dir='ltr'><strong>perid</strong></span> 
     </span>
     <span class='ocr_line' id='line_1_13' title="bbox 210 1707 1398 1788; baseline 0 -18"><span class='ocrx_word' id='word_1_112' title='bbox 210 1709 302 1771; x_wconf 90' lang='lat' dir='ltr'><strong>solum</strong></span> <span class='ocrx_word' id='word_1_113' title='bbox 331 1709 429 1770; x_wconf 89' lang='lat' dir='ltr'><strong>omnia</strong></span> <span class='ocrx_word' id='word_1_114' title='bbox 455 1709 524 1770; x_wconf 88' lang='lat' dir='ltr'><strong>fidei</strong></span> <span class='ocrx_word' id='word_1_115' title='bbox 544 1712 698 1788; x_wconf 80' lang='lat' dir='ltr'><strong>dogmata,</strong></span> <span class='ocrx_word' id='word_1_116' title='bbox 720 1727 787 1786; x_wconf 78' lang='lat' dir='ltr'><strong>quat</strong></span> <span class='ocrx_word' id='word_1_117' title='bbox 807 1708 919 1770; x_wconf 88' lang='lat' dir='ltr'><strong>scilicet</strong></span> <span class='ocrx_word' id='word_1_118' title='bbox 939 1707 1138 1787; x_wconf 89' lang='lat' dir='ltr'><strong>unusquisque</strong></span> <span class='ocrx_word' id='word_1_119' title='bbox 1157 1711 1291 1786; x_wconf 77' lang='lat' dir='ltr'><strong>ampleffi</strong></span> <span class='ocrx_word' id='word_1_120' title='bbox 1311 1725 1398 1771; x_wconf 87' lang='lat' dir='ltr'><strong>tene·</strong></span> 
     </span>
     <span class='ocr_line' id='line_1_14' title="bbox 210 1819 1398 1902; baseline 0 -20"><span class='ocrx_word' id='word_1_121' title='bbox 210 1835 272 1898; x_wconf 91' lang='lat' dir='ltr'><strong>tur,</strong></span> <span class='ocrx_word' id='word_1_122' title='bbox 294 1821 510 1882; x_wconf 87' lang='lat' dir='ltr'><strong>determinanda</strong></span> <span class='ocrx_word' id='word_1_123' title='bbox 537 1820 615 1882; x_wconf 91' lang='lat' dir='ltr'><strong>sunt.</strong></span> <span class='ocrx_word' id='word_1_124' title='bbox 655 1820 747 1902; x_wconf 88' lang='lat' dir='ltr'><strong>Quod</strong></span> <span class='ocrx_word' id='word_1_125' title='bbox 767 1838 833 1881; x_wconf 91' lang='lat' dir='ltr'><strong>cum</strong></span> <span class='ocrx_word' id='word_1_126' title='bbox 853 1819 1104 1882; x_wconf 78' lang='lat' dir='ltr'><strong>manisetlidimum</strong></span> <span class='ocrx_word' id='word_1_127' title='bbox 1124 1819 1177 1896; x_wconf 84' lang='lat' dir='ltr'><strong>stt,</strong></span> <span class='ocrx_word' id='word_1_128' title='bbox 1202 1836 1234 1882; x_wconf 90' lang='lat' dir='ltr'><strong>et</strong></span> <span class='ocrx_word' id='word_1_129' title='bbox 1253 1826 1338 1898; x_wconf 88' lang='lat' dir='ltr'><strong>quod</strong></span> <span class='ocrx_word' id='word_1_130' title='bbox 1358 1841 1398 1882; x_wconf 80' lang='lat' dir='ltr'><strong>ex</strong></span> 
     </span>
     <span class='ocr_line' id='line_1_15' title="bbox 210 1931 1398 2012; baseline 0 -18"><span class='ocrx_word' id='word_1_131' title='bbox 210 1935 269 1995; x_wconf 88' lang='lat' dir='ltr'><strong>hoc</strong></span> <span class='ocrx_word' id='word_1_132' title='bbox 291 1933 354 1994; x_wconf 91' lang='lat' dir='ltr'><strong>solo</strong></span> <span class='ocrx_word' id='word_1_133' title='bbox 376 1935 568 1995; x_wconf 86' lang='lat' dir='ltr'><strong>fundamento</strong></span> <span class='ocrx_word' id='word_1_134' title='bbox 578 1933 627 1995; x_wconf 87' lang='lat' dir='ltr'><strong>vel</strong></span> <span class='ocrx_word' id='word_1_135' title='bbox 647 1931 708 1993; x_wconf 90' lang='lat' dir='ltr'><strong>sola</strong></span> <span class='ocrx_word' id='word_1_136' title='bbox 729 1931 860 1994; x_wconf 82' lang='lat' dir='ltr'><strong>Ratione</strong></span> <span class='ocrx_word' id='word_1_137' title='bbox 881 1932 978 1992; x_wconf 89' lang='lat' dir='ltr'><strong>omnia</strong></span> <span class='ocrx_word' id='word_1_138' title='bbox 997 1932 1128 2012; x_wconf 82' lang='lat' dir='ltr'><strong>legitime</strong></span> <span class='ocrx_word' id='word_1_139' title='bbox 1147 1932 1267 2009; x_wconf 83' lang='lat' dir='ltr'><strong>possunt</strong></span> <span class='ocrx_word' id='word_1_140' title='bbox 1275 1936 1398 2008; x_wconf 88' lang='lat' dir='ltr'><strong>deduci,</strong></span> 
     </span>
     <span class='ocr_line' id='line_1_16' title="bbox 207 2043 1400 2122; baseline 0 -16"><span class='ocrx_word' id='word_1_141' title='bbox 207 2045 325 2122; x_wconf 87' lang='lat' dir='ltr'><strong>judicet</strong></span> <span class='ocrx_word' id='word_1_142' title='bbox 346 2044 562 2122; x_wconf 84' lang='lat' dir='ltr'><strong>unusquisque,</strong></span> <span class='ocrx_word' id='word_1_143' title='bbox 584 2045 635 2122; x_wconf 90' lang='lat' dir='ltr'><strong>qui</strong></span> <span class='ocrx_word' id='word_1_144' title='bbox 655 2043 716 2105; x_wconf 84' lang='lat' dir='ltr'><strong>fleri</strong></span> <span class='ocrx_word' id='word_1_145' title='bbox 737 2043 856 2120; x_wconf 90' lang='lat' dir='ltr'><strong>potuit,</strong></span> <span class='ocrx_word' id='word_1_146' title='bbox 884 2059 918 2106; x_wconf 90' lang='lat' dir='ltr'><strong>ut</strong></span> <span class='ocrx_word' id='word_1_147' title='bbox 939 2059 988 2106; x_wconf 90' lang='lat' dir='ltr'><strong>tot</strong></span> <span class='ocrx_word' id='word_1_148' title='bbox 1007 2043 1195 2106; x_wconf 71' lang='lat' dir='ltr'><strong>dissensiones</strong></span> <span class='ocrx_word' id='word_1_149' title='bbox 1215 2045 1246 2106; x_wconf 92' lang='lat' dir='ltr'><strong>in</strong></span> <span class='ocrx_word' id='word_1_150' title='bbox 1266 2046 1400 2106; x_wconf 76' lang='lat' dir='ltr'><strong>Ecclesia</strong></span> 
     </span>
     <span class='ocr_line' id='line_1_17' title="bbox 211 2153 1398 2233; baseline 0.001 -17"><span class='ocrx_word' id='word_1_151' title='bbox 211 2170 283 2216; x_wconf 78' lang='lat' dir='ltr'><strong>orta</strong></span> <span class='ocrx_word' id='word_1_152' title='bbox 314 2155 394 2216; x_wconf 81' lang='lat' dir='ltr'><strong>sint?</strong></span> <span class='ocrx_word' id='word_1_153' title='bbox 429 2170 459 2216; x_wconf 90' lang='lat' dir='ltr'><strong>et</strong></span> <span class='ocrx_word' id='word_1_154' title='bbox 490 2173 526 2216; x_wconf 92' lang='lat' dir='ltr'><strong>an</strong></span> <span class='ocrx_word' id='word_1_155' title='bbox 558 2155 621 2216; x_wconf 84' lang='lat' dir='ltr'><strong>aliae</strong></span> <span class='ocrx_word' id='word_1_156' title='bbox 653 2155 807 2231; x_wconf 89' lang='lat' dir='ltr'><strong>potuerint</strong></span> <span class='ocrx_word' id='word_1_157' title='bbox 838 2153 894 2216; x_wconf 83' lang='lat' dir='ltr'><strong>esse</strong></span> <span class='ocrx_word' id='word_1_158' title='bbox 924 2155 1035 2230; x_wconf 81' lang='lat' dir='ltr'><strong>causat,</strong></span> <span class='ocrx_word' id='word_1_159' title='bbox 1059 2155 1286 2233; x_wconf 65' lang='lat' dir='ltr'><strong>quamquain</strong></span> <span class='ocrx_word' id='word_1_160' title='bbox 1306 2156 1398 2217; x_wconf 88' lang='lat' dir='ltr'><strong>initio</strong></span> 
     </span>
     <span class='ocr_line' id='line_1_18' title="bbox 210 2234 1459 2344; baseline 0.003 -19"><span class='ocrx_word' id='word_1_161' title='bbox 210 2265 285 2341; x_wconf 89' lang='lat' dir='ltr'><strong>Cap.</strong></span> <span class='ocrx_word' id='word_1_162' title='bbox 297 2281 324 2341; x_wconf 83' lang='lat'><strong>7.</strong></span> <span class='ocrx_word' id='word_1_163' title='bbox 337 2265 421 2327; x_wconf 74' lang='lat' dir='ltr'><strong>didiae</strong></span> <span class='ocrx_word' id='word_1_164' title='bbox 442 2263 531 2328; x_wconf 73' lang='lat' dir='ltr'><strong>sunt?</strong></span> <span class='ocrx_word' id='word_1_165' title='bbox 551 2265 602 2326; x_wconf 84' lang='lat' dir='ltr'><strong>Eae</strong></span> <span class='ocrx_word' id='word_1_166' title='bbox 624 2265 724 2342; x_wconf 90' lang='lat' dir='ltr'><strong>itaque</strong></span> <span class='ocrx_word' id='word_1_167' title='bbox 746 2266 815 2342; x_wconf 78' lang='lat' dir='ltr'><strong>ipse</strong></span> <span class='ocrx_word' id='word_1_168' title='bbox 837 2284 881 2327; x_wconf 88' lang='lat' dir='ltr'><strong>mc</strong></span> <span class='ocrx_word' id='word_1_169' title='bbox 903 2281 1029 2344; x_wconf 90' lang='lat' dir='ltr'><strong>cogunt,</strong></span> <span class='ocrx_word' id='word_1_170' title='bbox 1049 2265 1098 2327; x_wconf 87' lang='lat' dir='ltr'><strong>hie</strong></span> <span class='ocrx_word' id='word_1_171' title='bbox 1108 2267 1258 2328; x_wconf 87' lang='lat' dir='ltr'><strong>ostendere</strong></span> <span class='ocrx_word' id='word_1_172' title='bbox 1274 2269 1398 2329; x_wconf 89' lang='lat' dir='ltr'><strong>modum</strong></span> <span class='ocrx_word' id='word_1_173' title='bbox 1458 2234 1459 2313; x_wconf 70' lang='lat' dir='ltr'><strong>i</strong></span> 
     </span>
     <span class='ocr_line' id='line_1_19' title="bbox 210 2377 1399 2460; baseline 0.003 -22"><span class='ocrx_word' id='word_1_174' title='bbox 210 2377 393 2439; x_wconf 88' lang='lat' dir='ltr'><strong>etrationem</strong></span> <span class='ocrx_word' id='word_1_175' title='bbox 414 2378 625 2440; x_wconf 84' lang='lat' dir='ltr'><strong>determinandi</strong></span> <span class='ocrx_word' id='word_1_176' title='bbox 645 2397 683 2441; x_wconf 89' lang='lat' dir='ltr'><strong>ex</strong></span> <span class='ocrx_word' id='word_1_177' title='bbox 702 2379 762 2440; x_wconf 92' lang='lat' dir='ltr'><strong>hoc</strong></span> <span class='ocrx_word' id='word_1_178' title='bbox 783 2379 906 2442; x_wconf 85' lang='lat' dir='ltr'><strong>invento</strong></span> <span class='ocrx_word' id='word_1_179' title='bbox 928 2379 1120 2440; x_wconf 80' lang='lat' dir='ltr'><strong>fundamento</strong></span> <span class='ocrx_word' id='word_1_180' title='bbox 1137 2379 1219 2441; x_wconf 83' lang='lat' dir='ltr'><strong>Fidei</strong></span> <span class='ocrx_word' id='word_1_181' title='bbox 1236 2381 1399 2460; x_wconf 78' lang='lat' dir='ltr'><strong>dogmata3</strong></span> 
     </span>
     <span class='ocr_line' id='line_1_20' title="bbox 209 2490 1395 2571; baseline 0.005 -20"><span class='ocrx_word' id='word_1_182' title='bbox 209 2508 274 2551; x_wconf 89' lang='lat' dir='ltr'><strong>nam</strong></span> <span class='ocrx_word' id='word_1_183' title='bbox 305 2490 335 2551; x_wconf 92' lang='lat' dir='ltr'><strong>ni</strong></span> <span class='ocrx_word' id='word_1_184' title='bbox 366 2490 424 2551; x_wconf 90' lang='lat' dir='ltr'><strong>boc</strong></span> <span class='ocrx_word' id='word_1_185' title='bbox 455 2492 570 2567; x_wconf 89' lang='lat' dir='ltr'><strong>fecero,</strong></span> <span class='ocrx_word' id='word_1_186' title='bbox 600 2509 718 2568; x_wconf 90' lang='lat' dir='ltr'><strong>remque</strong></span> <span class='ocrx_word' id='word_1_187' title='bbox 749 2492 838 2553; x_wconf 80' lang='lat' dir='ltr'><strong>certia</strong></span> <span class='ocrx_word' id='word_1_188' title='bbox 868 2492 976 2571; x_wconf 84' lang='lat' dir='ltr'><strong>tegulia</strong></span> <span class='ocrx_word' id='word_1_189' title='bbox 1006 2494 1256 2571; x_wconf 76' lang='lat' dir='ltr'><strong>determinatam,</strong></span> <span class='ocrx_word' id='word_1_190' title='bbox 1284 2495 1395 2557; x_wconf 89' lang='lat' dir='ltr'><strong>merito</strong></span> 
     </span>
     <span class='ocr_line' id='line_1_21' title="bbox 209 2577 1458 2685; baseline 0.006 -24"><span class='ocrx_word' id='word_1_191' title='bbox 209 2603 322 2677; x_wconf 88' lang='lat' dir='ltr'><strong>credar,</strong></span> <span class='ocrx_word' id='word_1_192' title='bbox 342 2619 387 2663; x_wconf 88' lang='lat' dir='ltr'><strong>me</strong></span> <span class='ocrx_word' id='word_1_193' title='bbox 407 2601 465 2663; x_wconf 92' lang='lat' dir='ltr'><strong>huc</strong></span> <span class='ocrx_word' id='word_1_194' title='bbox 486 2602 578 2679; x_wconf 91' lang='lat' dir='ltr'><strong>usque</strong></span> <span class='ocrx_word' id='word_1_195' title='bbox 600 2620 700 2680; x_wconf 90' lang='lat' dir='ltr'><strong>parum</strong></span> <span class='ocrx_word' id='word_1_196' title='bbox 721 2602 913 2680; x_wconf 84' lang='lat' dir='ltr'><strong>promovisse,</strong></span> <span class='ocrx_word' id='word_1_197' title='bbox 934 2606 1173 2683; x_wconf 86' lang='lat' dir='ltr'><strong>quandoquidem</strong></span> <span class='ocrx_word' id='word_1_198' title='bbox 1190 2606 1396 2685; x_wconf 85' lang='lat' dir='ltr'><strong>unusquisque</strong></span> <span class='ocrx_word' id='word_1_199' title='bbox 1457 2577 1458 2652; x_wconf 68' lang='lat' dir='ltr'><strong>i</strong></span> 
     </span>
     <span class='ocr_line' id='line_1_22' title="bbox 209 2712 1459 2794; baseline 0.006 -19"><span class='ocrx_word' id='word_1_200' title='bbox 209 2712 351 2791; x_wconf 90' lang='lat' dir='ltr'><strong>quicquid</strong></span> <span class='ocrx_word' id='word_1_201' title='bbox 371 2714 444 2776; x_wconf 88' lang='lat' dir='ltr'><strong>velit</strong></span> <span class='ocrx_word' id='word_1_202' title='bbox 464 2712 517 2775; x_wconf 89' lang='lat' dir='ltr'><strong>sub</strong></span> <span class='ocrx_word' id='word_1_203' title='bbox 539 2715 596 2776; x_wconf 90' lang='lat' dir='ltr'><strong>boc</strong></span> <span class='ocrx_word' id='word_1_204' title='bbox 618 2714 704 2776; x_wconf 88' lang='lat' dir='ltr'><strong>etiam</strong></span> <span class='ocrx_word' id='word_1_205' title='bbox 726 2730 890 2793; x_wconf 77' lang='lat' dir='ltr'><strong>pretextu,</strong></span> <span class='ocrx_word' id='word_1_206' title='bbox 910 2719 992 2794; x_wconf 88' lang='lat' dir='ltr'><strong>quod</strong></span> <span class='ocrx_word' id='word_1_207' title='bbox 1013 2716 1125 2780; x_wconf 89' lang='lat' dir='ltr'><strong>scilicet</strong></span> <span class='ocrx_word' id='word_1_208' title='bbox 1145 2718 1271 2781; x_wconf 88' lang='lat' dir='ltr'><strong>medium</strong></span> <span class='ocrx_word' id='word_1_209' title='bbox 1292 2719 1398 2781; x_wconf 88' lang='lat' dir='ltr'><strong>neces-</strong></span> <span class='ocrx_word' id='word_1_210' title='bbox 1456 2735 1459 2772; x_wconf 76' lang='grc' dir='ltr'>Ι</span> 
     </span>
     <span class='ocr_line' id='line_1_23' title="bbox 209 2813 1457 2907; baseline 0.007 -22"><span class='ocrx_word' id='word_1_211' title='bbox 209 2823 311 2886; x_wconf 86' lang='lat' dir='ltr'><strong>sarium</strong></span> <span class='ocrx_word' id='word_1_212' title='bbox 331 2824 367 2885; x_wconf 87' lang='lat' dir='ltr'><strong>fit</strong></span> <span class='ocrx_word' id='word_1_213' title='bbox 387 2827 424 2886; x_wconf 92' lang='lat' dir='ltr'><strong>ad</strong></span> <span class='ocrx_word' id='word_1_214' title='bbox 444 2824 660 2901; x_wconf 83' lang='lat' dir='ltr'><strong>obedientiam,</strong></span> <span class='ocrx_word' id='word_1_215' title='bbox 680 2827 867 2889; x_wconf 82' lang='lat' dir='ltr'><strong>introducere</strong></span> <span class='ocrx_word' id='word_1_216' title='bbox 888 2828 1015 2904; x_wconf 88' lang='lat' dir='ltr'><strong>potetit;</strong></span> <span class='ocrx_word' id='word_1_217' title='bbox 1038 2828 1193 2905; x_wconf 74' lang='lat' dir='ltr'><strong>presertim</strong></span> <span class='ocrx_word' id='word_1_218' title='bbox 1214 2834 1337 2907; x_wconf 83' lang='lat' dir='ltr'><strong>quando</strong></span> <span class='ocrx_word' id='word_1_219' title='bbox 1359 2836 1399 2893; x_wconf 95' lang='lat' dir='ltr'><strong>de</strong></span> <span class='ocrx_word' id='word_1_220' title='bbox 1456 2813 1457 2824; x_wconf 11' lang='grc' dir='ltr'>ἵ</span> 
     </span>
     <span class='ocr_line' id='line_1_24' title="bbox 210 2935 759 3013; baseline 0 -15"><span class='ocrx_word' id='word_1_221' title='bbox 210 2935 321 2998; x_wconf 85' lang='lat' dir='ltr'><strong>divinia</strong></span> <span class='ocrx_word' id='word_1_222' title='bbox 343 2936 493 2998; x_wconf 88' lang='lat' dir='ltr'><strong>attributis</strong></span> <span class='ocrx_word' id='word_1_223' title='bbox 514 2936 603 2999; x_wconf 87' lang='lat' dir='ltr'><strong>fuerit</strong></span> <span class='ocrx_word' id='word_1_224' title='bbox 623 2938 759 3013; x_wconf 78' lang='lat' dir='ltr'><strong>quaestio.</strong></span> 
     </span>
    </p>

    <p class='ocr_par' dir='ltr' id='par_1_3' title="bbox 208 3048 1456 3919">
     <span class='ocr_line' id='line_1_25' title="bbox 250 3048 1400 3127; baseline 0.006 -17"><span class='ocrx_word' id='word_1_225' title='bbox 250 3050 295 3110; x_wconf 91' lang='lat' dir='ltr'><strong>Ut</strong></span> <span class='ocrx_word' id='word_1_226' title='bbox 323 3048 423 3125; x_wconf 89' lang='lat' dir='ltr'><strong>itaque</strong></span> <span class='ocrx_word' id='word_1_227' title='bbox 452 3066 510 3111; x_wconf 90' lang='lat' dir='ltr'><strong>rem</strong></span> <span class='ocrx_word' id='word_1_228' title='bbox 539 3063 633 3109; x_wconf 90' lang='lat' dir='ltr'><strong>totam</strong></span> <span class='ocrx_word' id='word_1_229' title='bbox 663 3048 765 3110; x_wconf 90' lang='lat' dir='ltr'><strong>ordine</strong></span> <span class='ocrx_word' id='word_1_230' title='bbox 793 3049 959 3127; x_wconf 86' lang='lat' dir='ltr'><strong>ostendam,</strong></span> <span class='ocrx_word' id='word_1_231' title='bbox 980 3069 998 3111; x_wconf 92' lang='lat' dir='ltr'><strong>a</strong></span> <span class='ocrx_word' id='word_1_232' title='bbox 1016 3051 1099 3114; x_wconf 76' lang='lat' dir='ltr'><strong>Fidei</strong></span> <span class='ocrx_word' id='word_1_233' title='bbox 1127 3054 1299 3116; x_wconf 87' lang='lat' dir='ltr'><strong>delinitione</strong></span> <span class='ocrx_word' id='word_1_234' title='bbox 1316 3056 1400 3117; x_wconf 83' lang='lat' dir='ltr'><strong>inci-</strong></span> 
     </span>
     <span class='ocr_line' id='line_1_26' title="bbox 211 3159 1400 3245; baseline 0.008 -26"><span class='ocrx_word' id='word_1_235' title='bbox 211 3159 306 3236; x_wconf 90' lang='lat' dir='ltr'><strong>piam,</strong></span> <span class='ocrx_word' id='word_1_236' title='bbox 327 3178 393 3237; x_wconf 84' lang='lat' dir='ltr'><strong>quae</strong></span> <span class='ocrx_word' id='word_1_237' title='bbox 414 3178 452 3221; x_wconf 84' lang='lat' dir='ltr'><strong>ex</strong></span> <span class='ocrx_word' id='word_1_238' title='bbox 472 3161 530 3221; x_wconf 89' lang='lat' dir='ltr'><strong>boc</strong></span> <span class='ocrx_word' id='word_1_239' title='bbox 552 3163 623 3221; x_wconf 87' lang='lat' dir='ltr'><strong>dato</strong></span> <span class='ocrx_word' id='word_1_240' title='bbox 646 3162 838 3222; x_wconf 87' lang='lat' dir='ltr'><strong>fundamento</strong></span> <span class='ocrx_word' id='word_1_241' title='bbox 861 3161 899 3222; x_wconf 90' lang='lat' dir='ltr'><strong>lic</strong></span> <span class='ocrx_word' id='word_1_242' title='bbox 920 3162 1033 3223; x_wconf 88' lang='lat' dir='ltr'><strong>deliniri</strong></span> <span class='ocrx_word' id='word_1_243' title='bbox 1053 3165 1160 3240; x_wconf 87' lang='lat' dir='ltr'><strong>debet,</strong></span> <span class='ocrx_word' id='word_1_244' title='bbox 1185 3184 1290 3242; x_wconf 88' lang='lat' dir='ltr'><strong>nempe</strong></span> <span class='ocrx_word' id='word_1_245' title='bbox 1311 3172 1400 3245; x_wconf 87' lang='lat' dir='ltr'><strong>quod</strong></span> 
     </span>
     <span class='ocr_line' id='line_1_27' title="bbox 208 3269 1456 3360; baseline 0.007 -29"><span class='ocrx_word' id='word_1_246' title='bbox 208 3269 282 3331; x_wconf 86' lang='lat' dir='ltr'><strong>nihil</strong></span> <span class='ocrx_word' id='word_1_247' title='bbox 310 3270 388 3332; x_wconf 87' lang='lat' dir='ltr'><strong>aliud</strong></span> <span class='ocrx_word' id='word_1_248' title='bbox 415 3269 467 3346; x_wconf 85' lang='lat' dir='ltr'><strong>fit,</strong></span> <span class='ocrx_word' id='word_1_249' title='bbox 496 3289 582 3347; x_wconf 90' lang='lat' dir='ltr'><strong>quam</strong></span> <span class='ocrx_word' id='word_1_250' title='bbox 610 3274 646 3333; x_wconf 90' lang='lat' dir='ltr'><strong>de</strong></span> <span class='ocrx_word' id='word_1_251' title='bbox 667 3272 735 3333; x_wconf 90' lang='lat' dir='ltr'><strong>Deo</strong></span> <span class='ocrx_word' id='word_1_252' title='bbox 756 3271 825 3333; x_wconf 90' lang='lat' dir='ltr'><strong>talia</strong></span> <span class='ocrx_word' id='word_1_253' title='bbox 846 3272 967 3349; x_wconf 88' lang='lat' dir='ltr'><strong>sentire,</strong></span> <span class='ocrx_word' id='word_1_254' title='bbox 989 3274 1097 3351; x_wconf 84' lang='lat' dir='ltr'><strong>quibus</strong></span> <span class='ocrx_word' id='word_1_255' title='bbox 1116 3275 1259 3355; x_wconf 83' lang='lat' dir='ltr'><strong>ignoratis</strong></span> <span class='ocrx_word' id='word_1_256' title='bbox 1278 3279 1400 3340; x_wconf 87' lang='lat' dir='ltr'><strong>tollitur</strong></span> <span class='ocrx_word' id='word_1_257' title='bbox 1455 3351 1456 3360; x_wconf 9' lang='grc' dir='ltr'>ἶ</span> 
     </span>
     <span class='ocr_line' id='line_1_28' title="bbox 209 3377 1456 3467; baseline 0.001 -24"><span class='ocrx_word' id='word_1_258' title='bbox 209 3398 275 3461; x_wconf 88' lang='lat' dir='ltr'><strong>erga</strong></span> <span class='ocrx_word' id='word_1_259' title='bbox 302 3382 396 3445; x_wconf 90' lang='lat' dir='ltr'><strong>Deum</strong></span> <span class='ocrx_word' id='word_1_260' title='bbox 425 3382 610 3459; x_wconf 86' lang='lat' dir='ltr'><strong>obedientia,</strong></span> <span class='ocrx_word' id='word_1_261' title='bbox 639 3399 670 3445; x_wconf 89' lang='lat' dir='ltr'><strong>et</strong></span> <span class='ocrx_word' id='word_1_262' title='bbox 691 3386 716 3459; x_wconf 78' lang='lat'><strong>*,</strong></span> <span class='ocrx_word' id='word_1_263' title='bbox 743 3386 799 3446; x_wconf 91' lang='lat' dir='ltr'><strong>hac</strong></span> <span class='ocrx_word' id='word_1_264' title='bbox 827 3385 996 3447; x_wconf 89' lang='lat' dir='ltr'><strong>obedientia</strong></span> <span class='ocrx_word' id='word_1_265' title='bbox 1023 3385 1137 3463; x_wconf 85' lang='lat' dir='ltr'><strong>pofita,</strong></span> <span class='ocrx_word' id='word_1_266' title='bbox 1158 3388 1318 3450; x_wconf 84' lang='lat' dir='ltr'><strong>necessario</strong></span> <span class='ocrx_word' id='word_1_267' title='bbox 1340 3412 1398 3467; x_wconf 88' lang='lat' dir='ltr'><strong>po·</strong></span> <span class='ocrx_word' id='word_1_268' title='bbox 1455 3377 1456 3444; x_wconf 76' lang='grc' dir='ltr'>Ϊ</span> 
     </span>
     <span class='ocr_line' id='line_1_29' title="bbox 209 3494 1397 3577; baseline 0.007 -22"><span class='ocrx_word' id='word_1_269' title='bbox 209 3509 328 3556; x_wconf 90' lang='lat' dir='ltr'><strong>nuntur.</strong></span> <span class='ocrx_word' id='word_1_270' title='bbox 369 3495 442 3577; x_wconf 84' lang='lat' dir='ltr'><strong>Quae</strong></span> <span class='ocrx_word' id='word_1_271' title='bbox 471 3494 605 3556; x_wconf 86' lang='lat' dir='ltr'><strong>definitio</strong></span> <span class='ocrx_word' id='word_1_272' title='bbox 634 3498 709 3557; x_wconf 91' lang='lat' dir='ltr'><strong>adeo</strong></span> <span class='ocrx_word' id='word_1_273' title='bbox 738 3497 813 3557; x_wconf 90' lang='lat' dir='ltr'><strong>clara</strong></span> <span class='ocrx_word' id='word_1_274' title='bbox 840 3496 898 3571; x_wconf 84' lang='lat' dir='ltr'><strong>est,</strong></span> <span class='ocrx_word' id='word_1_275' title='bbox 925 3512 957 3557; x_wconf 89' lang='lat' dir='ltr'><strong>et</strong></span> <span class='ocrx_word' id='word_1_276' title='bbox 978 3499 1053 3559; x_wconf 89' lang='lat' dir='ltr'><strong>adeo</strong></span> <span class='ocrx_word' id='word_1_277' title='bbox 1074 3498 1223 3561; x_wconf 82' lang='lat' dir='ltr'><strong>manifeste</strong></span> <span class='ocrx_word' id='word_1_278' title='bbox 1243 3518 1282 3560; x_wconf 87' lang='lat' dir='ltr'><strong>ex</strong></span> <span class='ocrx_word' id='word_1_279' title='bbox 1303 3506 1397 3563; x_wconf 90' lang='lat' dir='ltr'><strong>modo</strong></span> 
     </span>
     <span class='ocr_line' id='line_1_30' title="bbox 209 3604 1397 3693; baseline 0.005 -24"><span class='ocrx_word' id='word_1_280' title='bbox 209 3604 409 3669; x_wconf 82' lang='lat' dir='ltr'><strong>demonstratis</strong></span> <span class='ocrx_word' id='word_1_281' title='bbox 430 3604 571 3682; x_wconf 90' lang='lat' dir='ltr'><strong>sequitur,</strong></span> <span class='ocrx_word' id='word_1_282' title='bbox 592 3622 625 3667; x_wconf 89' lang='lat' dir='ltr'><strong>ut</strong></span> <span class='ocrx_word' id='word_1_283' title='bbox 647 3608 724 3669; x_wconf 87' lang='lat' dir='ltr'><strong>nulla</strong></span> <span class='ocrx_word' id='word_1_284' title='bbox 747 3606 946 3683; x_wconf 82' lang='lat' dir='ltr'><strong>explicatione</strong></span> <span class='ocrx_word' id='word_1_285' title='bbox 966 3608 1106 3687; x_wconf 78' lang='lat' dir='ltr'><strong>indigeat.</strong></span> <span class='ocrx_word' id='word_1_286' title='bbox 1140 3611 1215 3693; x_wconf 80' lang='lat' dir='ltr'><strong>Quae</strong></span> <span class='ocrx_word' id='word_1_287' title='bbox 1236 3627 1338 3673; x_wconf 81' lang='lat' dir='ltr'><strong>autem</strong></span> <span class='ocrx_word' id='word_1_288' title='bbox 1360 3634 1397 3675; x_wconf 76' lang='lat' dir='ltr'><strong>ex</strong></span> 
     </span>
     <span class='ocr_line' id='line_1_31' title="bbox 208 3715 1398 3803; baseline 0.009 -26"><span class='ocrx_word' id='word_1_289' title='bbox 208 3720 308 3779; x_wconf 88' lang='lat' dir='ltr'><strong>eadem</strong></span> <span class='ocrx_word' id='word_1_290' title='bbox 329 3715 499 3793; x_wconf 88' lang='lat' dir='ltr'><strong>sequuntur,</strong></span> <span class='ocrx_word' id='word_1_291' title='bbox 520 3717 622 3793; x_wconf 87' lang='lat' dir='ltr'><strong>paucis</strong></span> <span class='ocrx_word' id='word_1_292' title='bbox 641 3718 701 3794; x_wconf 83' lang='lat' dir='ltr'><strong>J&#39;am</strong></span> <span class='ocrx_word' id='word_1_293' title='bbox 723 3719 882 3781; x_wconf 85' lang='lat' dir='ltr'><strong>ostendam.</strong></span> <span class='ocrx_word' id='word_1_294' title='bbox 909 3720 1057 3783; x_wconf 89' lang='lat' dir='ltr'><strong>Videlicet</strong></span> <span class='ocrx_word' id='word_1_295' title='bbox 1077 3724 1119 3798; x_wconf 87' lang='lat'><strong>1.,</strong></span> <span class='ocrx_word' id='word_1_296' title='bbox 1139 3722 1237 3785; x_wconf 86' lang='lat' dir='ltr'><strong>Fidem</strong></span> <span class='ocrx_word' id='word_1_297' title='bbox 1257 3744 1319 3787; x_wconf 88' lang='lat' dir='ltr'><strong>non</strong></span> <span class='ocrx_word' id='word_1_298' title='bbox 1344 3746 1398 3803; x_wconf 86' lang='lat' dir='ltr'><strong>per</strong></span> 
     </span>
     <span class='ocr_line' id='line_1_32' title="bbox 208 3801 1455 3919; baseline 0.01 -30"><span class='ocrx_word' id='word_1_299' title='bbox 208 3829 254 3903; x_wconf 90' lang='lat' dir='ltr'><strong>se,</strong></span> <span class='ocrx_word' id='word_1_300' title='bbox 275 3828 324 3890; x_wconf 90' lang='lat' dir='ltr'><strong>sed</strong></span> <span class='ocrx_word' id='word_1_301' title='bbox 346 3842 458 3890; x_wconf 88' lang='lat' dir='ltr'><strong>tantum</strong></span> <span class='ocrx_word' id='word_1_302' title='bbox 480 3828 594 3890; x_wconf 89' lang='lat' dir='ltr'><strong>ratione</strong></span> <span class='ocrx_word' id='word_1_303' title='bbox 616 3830 794 3892; x_wconf 74' lang='lat' dir='ltr'><strong>obedientia</strong></span> <span class='ocrx_word' id='word_1_304' title='bbox 815 3830 991 3894; x_wconf 85' lang='lat' dir='ltr'><strong>salutiferam</strong></span> <span class='ocrx_word' id='word_1_305' title='bbox 1012 3831 1083 3909; x_wconf 82' lang='lat' dir='ltr'><strong>eise,</strong></span> <span class='ocrx_word' id='word_1_306' title='bbox 1099 3835 1163 3910; x_wconf 83' lang='lat' dir='ltr'><strong>vel,</strong></span> <span class='ocrx_word' id='word_1_307' title='bbox 1180 3852 1214 3897; x_wconf 90' lang='lat' dir='ltr'><strong>ut</strong></span> <span class='ocrx_word' id='word_1_308' title='bbox 1231 3837 1274 3898; x_wconf 92' lang='lat' dir='ltr'><strong>ait</strong></span> <span class='ocrx_word' id='word_1_309' title='bbox 1285 3840 1397 3919; x_wconf 83' lang='lat' dir='ltr'><strong>Jacob.</strong></span> <span class='ocrx_word' id='word_1_310' title='bbox 1454 3801 1455 3820; x_wconf 13' lang='grc' dir='ltr'><strong>Χ</strong></span> 
     </span>
    </p>
   </div>
   <div class='ocr_carea' id='block_1_3' title="bbox 208 3937 1396 4025">
    <p class='ocr_par' dir='ltr' id='par_1_4' title="bbox 208 3937 1396 4025">
     <span class='ocr_line' id='line_1_33' title="bbox 208 3937 1396 4025; baseline 0.011 -26"><span class='ocrx_word' id='word_1_311' title='bbox 208 3956 272 4013; x_wconf 93' lang='lat' dir='ltr'><strong>cap.</strong></span> <span class='ocrx_word' id='word_1_312' title='bbox 294 3956 321 3997; x_wconf 83' lang='lat'><strong>2.</strong></span> <span class='ocrx_word' id='word_1_313' title='bbox 342 3937 384 3999; x_wconf 88' lang='lat' dir='ltr'><strong>vs.</strong></span> <span class='ocrx_word' id='word_1_314' title='bbox 408 3953 471 4013; x_wconf 65' lang='lat'><strong>17„</strong></span> <span class='ocrx_word' id='word_1_315' title='bbox 491 3938 576 3999; x_wconf 87' lang='lat' dir='ltr'><strong>fidem</strong></span> <span class='ocrx_word' id='word_1_316' title='bbox 598 3940 699 4015; x_wconf 90' lang='lat' dir='ltr'><strong>perse</strong></span> <span class='ocrx_word' id='word_1_317' title='bbox 722 3941 832 4019; x_wconf 92' lang='lat' dir='ltr'><strong>absque</strong></span> <span class='ocrx_word' id='word_1_318' title='bbox 853 3941 993 4017; x_wconf 75' lang='lat' dir='ltr'><strong>operibus</strong></span> <span class='ocrx_word' id='word_1_319' title='bbox 1015 3958 1159 4005; x_wconf 88' lang='lat' dir='ltr'><strong>mortuam</strong></span> <span class='ocrx_word' id='word_1_320' title='bbox 1181 3944 1254 4022; x_wconf 79' lang='lat' dir='ltr'><strong>esie3</strong></span> <span class='ocrx_word' id='word_1_321' title='bbox 1275 3968 1337 4025; x_wconf 86' lang='lat' dir='ltr'><strong>qua</strong></span> <span class='ocrx_word' id='word_1_322' title='bbox 1359 3954 1396 4012; x_wconf 88' lang='lat' dir='ltr'><strong>de</strong></span> 
     </span>
    </p>
   </div>
   <div class='ocr_carea' id='block_1_4' title="bbox 242 4206 1453 4306">
    <p class='ocr_par' dir='ltr' id='par_1_5' title="bbox 242 4206 1453 4306">
     <span class='ocr_line' id='line_1_34' title="bbox 242 4206 1453 4306; baseline 0.013 -51"><span class='ocrx_word' id='word_1_323' title='bbox 242 4206 254 4237; x_wconf 70' lang='lat'><em>⁶</em></span> <span class='ocrx_word' id='word_1_324' title='bbox 288 4206 449 4257; x_wconf 81' lang='lat' dir='ltr'><strong>Dessdentur</strong></span> <span class='ocrx_word' id='word_1_325' title='bbox 467 4208 666 4271; x_wconf 87' lang='lat' dir='ltr'><strong>blcpronomen</strong></span> <span class='ocrx_word' id='word_1_326' title='bbox 685 4224 747 4274; x_wconf 76' lang='lat' dir='ltr'><strong>quae3</strong></span> <span class='ocrx_word' id='word_1_327' title='bbox 765 4210 906 4262; x_wconf 71' lang='lat' dir='ltr'><strong>cibantem</strong></span> <span class='ocrx_word' id='word_1_328' title='bbox 925 4210 1059 4277; x_wconf 83' lang='lat' dir='ltr'><strong>suprapp·</strong></span> <span class='ocrx_word' id='word_1_329' title='bbox 1077 4214 1301 4281; x_wconf 74' lang='lat' dir='ltr'><strong>35.vss25.,62.</strong></span> <span class='ocrx_word' id='word_1_330' title='bbox 1317 4233 1395 4281; x_wconf 81' lang='lat' dir='ltr'><strong>aun..</strong></span> <span class='ocrx_word' id='word_1_331' title='bbox 1452 4225 1453 4306; x_wconf 44' lang='lat' dir='ltr'><strong>l</strong></span> 
     </span>
    </p>
   </div>
   <div class='ocr_carea' id='block_1_5' title="bbox 209 4286 913 4369">
    <p class='ocr_par' dir='ltr' id='par_1_6' title="bbox 209 4286 913 4369">
     <span class='ocr_line' id='line_1_35' title="bbox 209 4286 913 4369; baseline 0.007 -29"><span class='ocrx_word' id='word_1_332' title='bbox 209 4288 266 4350; x_wconf 77' lang='lat'><strong>116.</strong></span> <span class='ocrx_word' id='word_1_333' title='bbox 284 4286 321 4339; x_wconf 86' lang='lat' dir='ltr'><strong>vs.</strong></span> <span class='ocrx_word' id='word_1_334' title='bbox 338 4302 439 4357; x_wconf 81' lang='lat'><strong>9-10,</strong></span> <span class='ocrx_word' id='word_1_335' title='bbox 455 4300 482 4339; x_wconf 88' lang='lat' dir='ltr'><strong>et</strong></span> <span class='ocrx_word' id='word_1_336' title='bbox 499 4288 565 4341; x_wconf 84' lang='lat' dir='ltr'><strong>infra</strong></span> <span class='ocrx_word' id='word_1_337' title='bbox 582 4291 648 4354; x_wconf 85' lang='lat' dir='ltr'><strong>Cap·</strong></span> <span class='ocrx_word' id='word_1_338' title='bbox 666 4292 706 4347; x_wconf 84' lang='lat'><strong>16.</strong></span> <span class='ocrx_word' id='word_1_339' title='bbox 723 4292 810 4369; x_wconf 76' lang='lat' dir='ltr'><strong>versut</strong></span> <span class='ocrx_word' id='word_1_340' title='bbox 827 4292 913 4349; x_wconf 79' lang='lat' dir='ltr'><strong>linem.</strong></span> 
     </span>
    </p>
   </div>
   <div class='ocr_carea' id='block_1_6' title="bbox 0 0 1472 4900">
    <p class='ocr_par' dir='ltr' id='par_1_7' title="bbox 0 0 1472 4900">
     <span class='ocr_line' id='line_1_36' title="bbox 0 0 1472 4900; baseline 0 0"><span class='ocrx_word' id='word_1_341' title='bbox 0 0 1472 4900; x_wconf 95' lang='lat' dir='ltr'><strong> </strong></span> 
     </span>
    </p>
   </div>
  </div>
 </body>
</html>
