2934 4900
226 308 286 384 446
703 301 943 369 Tractatur

227 480 442 556 presentiarum
469 479 610 542 libentius
638 483 756 544 omitto.
797 483 880 543 Nihil
907 483 996 562 igitur
1021 484 1051 545 in
1071 486 1185 547 Natura
1212 488 1221 525 ¹
1245 485 1413 565 contingit,

227 595 309 669 quod
339 592 428 668 ipsius
456 592 571 672 legibus
602 594 814 657 universalibus
844 612 1005 675 repugnem
1032 614 1062 658 at
1090 616 1145 659 nec
1173 597 1261 660 etiam
1282 598 1414 675 aliquid,

225 709 307 783 quod
334 724 399 767 cum
426 705 526 767 iisdem
553 725 613 767 non
642 708 802 783 convenit,
831 723 882 769 aut
910 726 948 768 en
968 706 1069 771 iisdem
1091 727 1153 770 non
1174 708 1323 786 sequitur:
1346 730 1412 771 nam

226 819 367 896 quicquid
386 820 438 893 fit,
458 836 510 895 per
529 820 586 880 Dei
607 822 792 882 voluntatem
813 836 843 881 et
865 836 1004 881 eternum
1024 824 1175 885 decretum
1196 822 1246 897 lit3
1273 822 1332 882 hoc
1357 824 1413 897 eli,

225 946 260 992 ut
276 931 335 1006 jam
357 931 551 1007 ostendimus,
572 932 713 1008 quicquid
733 932 784 1009 fit,
805 932 835 993 id
857 931 1014 995 secundum
1035 934 1115 1011 leges
1137 948 1167 993 et
1188 934 1323 1011 regulas,
1346 952 1413 1009 quae

226 1058 363 1105 aternam
383 1045 576 1105 necessitatem
587 1060 618 1105 et
629 1043 783 1107 veritatem
804 1044 983 1120 involvunt,
1004 1046 1053 1121 fit;
1074 1046 1189 1107 Natura
1209 1046 1310 1121 itaque
1332 1045 1414 1124 leges

226 1171 256 1216 et
277 1157 408 1235 regulas,
428 1174 493 1232 quae
515 1171 651 1217 aetemam
671 1158 867 1218 necessitatem
890 1172 920 1217 et
943 1157 1096 1221 veritatem
1118 1158 1291 1235 involvunt,
1308 1178 1412 1235 quam·

226 1270 272 1332 vis
304 1288 405 1331 omnes
435 1271 523 1331 nobis
554 1285 634 1331 notae
664 1288 725 1331 non
753 1270 823 1346 sant,
851 1270 961 1345 semper
981 1285 1077 1331 tamen
1099 1271 1254 1347 observat,
1275 1274 1415 1347 adeoque

226 1383 314 1445 etiam
333 1385 424 1445 fixum
444 1399 534 1460 atque
554 1382 762 1444 immutabilem
785 1384 925 1444 ordinem.
946 1386 1012 1444 Nec
1033 1384 1091 1445 ulla
1111 1384 1178 1445 sana
1200 1383 1276 1445 ratio
1297 1383 1415 1458 suadet,

225 1496 346 1555 Naturae
374 1493 525 1555 limitatam
552 1493 716 1569 potentiam
745 1510 776 1555 et
804 1494 944 1567 virtutem
965 1495 1110 1571 tribuere,
1132 1495 1252 1573 ejusque
1272 1498 1356 1575 leges
1378 1500 1415 1557 ad

225 1620 304 1665 certa
324 1620 458 1680 tantum,
486 1619 517 1664 et
539 1622 600 1665 non
620 1608 658 1665 ad
679 1605 778 1666 omnia
800 1620 885 1681 aptas
907 1606 1050 1683 statuere;
1071 1626 1155 1682 nam,
1175 1624 1240 1668 cum
1262 1607 1361 1669 virtus
1384 1623 1414 1667 et

225 1719 361 1795 potentia
381 1721 502 1780 Naturae
519 1718 554 1779 sut
570 1717 631 1794 ipsa
653 1720 710 1779 Dei
730 1720 826 1781 virtus
845 1734 876 1781 et
894 1720 1045 1797 potentia,
1065 1722 1142 1801 leges
1154 1736 1251 1782 autem
1263 1737 1293 1781 et
1304 1724 1414 1799 regulae
1452 1772 1453 1786 ,

225 1834 346 1893 Naturae
367 1832 428 1907 ipsa
448 1831 505 1891 Dei
526 1834 661 1907 decreta,
682 1832 804 1893 omnino
826 1835 1001 1894 credendum
1023 1833 1080 1909 est,
1103 1832 1267 1909 potentiam
1288 1835 1415 1894 Naturae

225 1944 368 2005 infinitam
399 1943 470 2020 esse,
500 1944 621 2022 eiusque
652 1947 731 2024 leges
763 1948 837 2006 adeo
869 1946 959 2022 latas,
982 1960 1014 2006 ut
1037 1948 1073 2005 ad
1095 1944 1212 2020 omnia,
1233 1963 1298 2020 quae
1321 1961 1352 2005 et
1376 1950 1414 2005 ab

225 2056 290 2133 ipso
321 2057 424 2121 divino
454 2057 604 2119 intellectu
634 2057 852 2134 concipiuntur,
872 2058 900 2118 se
923 2060 1102 2131 extendant;
1134 2056 1203 2117 alias
1232 2056 1309 2117 enim
1339 2057 1415 2133 quid
1452 2122 1453 2149 ἦ

226 2169 305 2230 aliud
324 2168 475 2243 statuitur,
496 2188 582 2246 quam
603 2172 685 2245 quod
706 2171 790 2229 Deus
811 2171 954 2231 Naturam
965 2171 1039 2231 adeo
1051 2168 1244 2244 impotentem
1256 2168 1414 2243 creaverit,

225 2282 346 2358 eiusque
372 2283 452 2360 leges
472 2297 503 2342 et
523 2283 636 2360 regulas
664 2284 739 2343 adeo
768 2280 876 2343 steriles
897 2281 1046 2356 statuerit,
1068 2296 1102 2341 ut
1123 2281 1198 2357 saepe
1221 2282 1257 2341 de
1277 2298 1361 2343 novo
1385 2282 1414 2341 ei

225 2393 378 2456 subvenire
399 2410 540 2472 cogatur,
565 2392 585 2454 li
606 2412 668 2456 eam
688 2394 889 2457 conservatam
912 2395 995 2469 vult,
1016 2409 1046 2455 et
1067 2409 1101 2455 ut
1122 2410 1167 2454 res
1189 2412 1227 2453 ex
1248 2408 1324 2456 voto
1346 2392 1413 2454 suc-

225 2510 346 2582 cedant;
377 2510 459 2584 quod
490 2507 556 2568 sane
585 2507 753 2568 allatione
785 2507 979 2568 alienimmum
1012 2505 1068 2567 elle
1102 2505 1244 2568 existimo.
1285 2507 1332 2567 Ex
1364 2507 1413 2568 lais
1452 2577 1453 2582 η

224 2620 343 2696 itaque,
370 2623 451 2696 quod
479 2618 509 2681 in
537 2621 650 2680 Natura
679 2619 751 2680 nihil
779 2620 941 2698 contingit,
965 2623 1046 2696 quod
1067 2638 1105 2680 ex
1126 2619 1190 2696 ejus
1211 2618 1327 2697 legibus
1348 2639 1411 2680 non
1452 2589 1453 2603 χ

224 2731 370 2808 sequitur;
397 2743 429 2791 et
456 2733 538 2807 quod
559 2730 623 2806 ejus
643 2732 722 2810 leges
745 2732 917 2807 adomnia,
945 2749 1010 2808 quae
1033 2745 1063 2790 et
1085 2732 1120 2790 ab
1143 2729 1207 2805 ipso
1228 2729 1342 2792 Divino
1363 2731 1411 2790 in·

223 2844 342 2904 telleilu
368 2842 592 2919 concipiuntur,
621 2843 650 2902 se
671 2845 856 2918 extendunt;
878 2857 909 2903 et
930 2845 1012 2919 quod
1033 2841 1162 2918 denique
1182 2844 1296 2902 Natura
1319 2843 1410 2902 fixum
1452 2867 1453 2904 t

224 2970 313 3031 atquc
334 2953 540 3015 immutabilem
568 2954 698 3016 ordinem
726 2953 840 3030 servat;
862 2953 1006 3016 clarillrme
1027 2953 1175 3030 sequitur,
1196 2970 1303 3013 nomen
1324 2952 1410 3012 mira·
1452 2955 1453 3034 l

225 3067 283 3128 culi
314 3084 374 3128 non
404 3067 456 3127 nisr
486 3066 643 3143 respesiive
675 3070 711 3127 ad
743 3066 893 3128 hominum
926 3065 1084 3142 opiniones
1116 3063 1195 3141 polle
1216 3063 1356 3143 intelligi,
1379 3083 1409 3125 er

225 3178 296 3238 nihil
323 3177 402 3238 aliud
430 3177 604 3256 significare,
625 3197 712 3254 quarn
735 3197 829 3254 opus,
850 3178 934 3255 cujus
956 3177 1068 3238 causam
1089 3178 1247 3238 naturalem
1272 3177 1405 3250 exemplo
1452 3159 1453 3198 ³

223 3290 342 3351 alterius
352 3290 394 3350 rei
405 3289 497 3350 solitae
519 3291 665 3367 explicare
687 3309 748 3352 non
770 3291 933 3368 possumus,
954 3291 1003 3351 vel
1022 3290 1120 3350 saltem
1138 3288 1200 3364 ipse
1218 3306 1279 3349 non
1296 3288 1405 3364 potest,

222 3404 275 3479 qui
294 3402 461 3464 miraculum
489 3402 588 3462 scribit
609 3419 660 3464 aut
681 3419 786 3463 narrat.
828 3401 936 3463 Possem
965 3401 1083 3479 quidem
1104 3400 1217 3476 dicere,
1239 3399 1404 3460 miraculum

223 3515 280 3575 elle
300 3515 348 3590 id,
369 3514 453 3591 cujus
475 3514 560 3575 causa
580 3534 617 3574 ex
639 3513 792 3590 principiis
814 3533 906 3576 rerum
929 3513 1103 3575 naturalium
1125 3513 1250 3573 Lumine
1272 3513 1404 3573 Naturali

223 3628 304 3688 notis
331 3627 469 3704 explicari
498 3627 618 3703 nequit;
646 3645 763 3703 verum,
793 3627 931 3703 quoniam
961 3627 1095 3687 miracula
1125 3628 1162 3687 ad
1184 3640 1302 3700 captum
1325 3625 1404 3703 vulgi

223 3740 298 3800 fabia
321 3741 457 3815 fuerunt,
485 3741 567 3815 quod
596 3739 713 3815 quidem
741 3739 885 3815 principia
906 3757 998 3799 rerum
1020 3736 1193 3798 naturalium
1216 3739 1300 3812 plane
1321 3737 1404 3815 igno-

224 3854 325 3926 rabat,
346 3867 457 3912 certum
478 3851 536 3927 est,
556 3850 697 3926 antiquos
718 3849 750 3911 id
771 3868 824 3926 pro
847 3849 986 3910 miraculo
1004 3846 1149 3924 habuisse,
1167 3851 1249 3924 quod
1260 3847 1403 3924 explicare

224 3981 284 4024 non
315 3978 454 4039 poterant
485 3980 521 4023 eo
554 3965 661 4038 modo,
693 3979 754 4039 quo
789 3964 895 4040 vulgus
916 3979 962 4024 res
982 3963 1127 4022 naturales
1149 3959 1295 4036 explicare
1316 3959 1403 4035 solet,

260 4223 269 4250 ¹
307 4221 360 4270 NB.
385 4234 424 4270 me
441 4219 482 4270 bic
500 4235 547 4284 per
564 4223 684 4271 Naturam
703 4233 755 4270 non
775 4219 918 4286 intelligere
937 4219 1012 4271 solam
1030 4217 1157 4270 materiam
1175 4213 1278 4280 ejusque
1295 4215 1402 4268 anatim

222 4316 285 4364 nes,
299 4300 341 4353 sed
359 4315 450 4366 praeter
466 4303 594 4354 materiam
612 4303 660 4354 alia
677 4301 785 4354 infinita.
