2934 4900
573 321 629 381 De
658 321 756 381 Deo.
1221 328 1260 395 57

454 510 849 559 DEMONSTRANO.

97 607 189 668 Dens
219 606 297 668 enim
328 606 397 687 (per
426 608 521 687 Defin.
552 605 597 688 6.)
627 608 667 669 est
699 605 875 681 substantia,
906 624 972 683 quoe
994 605 1065 685 (per
1084 605 1173 683 Prop.
1197 604 1258 683 11.)

52 718 223 781 necessario
243 718 360 795 existit,
381 720 441 781 hoc
461 719 502 781 est
522 718 534 798 (
540 734 596 799 per
617 722 706 799 Prop.
728 722 791 799 7.),
814 721 852 781 ad
871 717 958 795 cujus
978 732 1109 779 naturam
1131 716 1260 793 pertinet

50 830 203 907 existere,
234 830 294 894 stne
325 820 422 911 (qdod
453 831 529 894 idem
560 830 615 912 est)
647 851 685 893 ex
713 830 799 909 cujus
820 829 993 893 definitione
1014 829 1145 907 sequitur
1164 828 1259 905 ipsum

50 943 203 1020 existere,
224 946 360 1022 adeoque
382 946 455 1025 (per
475 944 624 1027 ΜΗ.)
644 946 686 1007 est
707 961 845 1008 aeternur.
886 943 1002 1005 Deinde
1023 960 1075 1019 per
1096 942 1152 1004 Dei
1174 944 1258 1004 attri-

50 1058 133 1117 buta
163 1056 387 1137 intelligendum
417 1057 458 1119 est
489 1056 537 1134 id,
563 1060 646 1135 quod
667 1058 740 1138 (per
760 1057 855 1137 menn.
876 1058 921 1137 4.)
951 1055 1061 1119 divine
1093 1054 1259 1117 substantie

51 1168 212 1229 essentiam
243 1168 398 1246 exprimit,
429 1170 487 1231 hoc
519 1170 560 1230 esi
591 1169 640 1245 id,
670 1174 754 1247 quod
785 1172 822 1231 ad
854 1167 1040 1230 substantiam
1062 1166 1206 1243 pertinet:
1227 1167 1258 1229 id

52 1280 175 1357 ipsum,
200 1280 338 1359 inquam,
365 1279 425 1357 ipsa
455 1280 596 1343 attributa
617 1281 771 1344 invtrsvere
793 1281 911 1343 debent.
952 1277 1047 1357 Atqui
1068 1281 1106 1341 ad
1126 1292 1258 1340 naturam

53 1391 231 1455 substantie
251 1392 297 1474 (ur
310 1392 377 1469 jam
397 1412 434 1453 ex
455 1394 544 1473 Prop.
567 1410 594 1470 7.
616 1394 823 1474 demonstravi)
851 1392 979 1470 pertinet
1000 1391 1167 1467 eternitas;
1186 1409 1258 1471 ergo

55 1508 301 1583 unumquodque
332 1504 541 1567 attributorum
574 1506 767 1568 aetemitatem
799 1505 952 1569 invosuere
982 1507 1093 1581 debet,
1122 1506 1257 1581 adeoque

55 1616 162 1679 omnia
184 1618 254 1681 sunt
275 1632 393 1679 aeterna.
416 1619 450 1695 Q.
472 1618 509 1679 Ε.
529 1620 570 1681 D.

535 1762 615 1805 acu
629 1760 741 1805 oaru
755 1760 792 1805 m.

99 1858 177 1918 Haec
205 1858 373 1935 Proposttio
399 1878 485 1938 quant
507 1856 650 1919 clarissime
672 1856 760 1919 etiam
781 1870 865 1933 patet
884 1875 921 1917 ex
942 1856 1050 1928 modo,
1071 1872 1134 1930 quo
1153 1852 1256 1949 (drop.

64 1968 130 2048 rr.)
168 1970 227 2031 Dei
256 1970 438 2033 existentiam
465 1970 675 2047 demonstravi;
703 1989 741 2031 ex
768 1989 819 2045 ea,
845 1968 981 2046 iuquam,
1011 1966 1257 2029 demonstratione

59 2080 197 2157 constat,
217 2080 275 2142 Dei
296 2082 494 2161 existentiam,
514 2083 588 2145 stcut
608 2083 672 2161 ejus
694 2082 856 2159 essentiam,
873 2098 1009 2143 aetemam
1026 2080 1081 2142 esse
1093 2080 1255 2145 veritatem.

60 2192 183 2255 Deinde
205 2194 308 2274 (Prnp.
333 2212 380 2273 19.
400 2198 615 2276 Principiorum
637 2196 776 2277 Careefiq
797 2195 855 2258 alio
876 2195 963 2257 etiam
984 2198 1073 2257 modo
1094 2194 1151 2256 Dei
1171 2210 1255 2257 aeter-

59 2304 190 2367 nitatem
211 2306 425 2383 demonstravi,
445 2325 498 2371 nec
520 2326 597 2385 opus
618 2308 660 2369 ess
680 2327 746 2370 eum
767 2306 815 2369 hic
834 2322 976 2384 repetere.

446 2457 779 2519 PROPOSITIO
810 2456 874 2518 XX.

101 2568 162 2628 Dei
182 2565 335 2645 existentia
355 2569 471 2648 ejusque
491 2569 608 2650 effemia
628 2589 715 2630 unum
735 2583 763 2630 er
781 2572 855 2631 idem
868 2571 951 2648 sunt.

465 2715 862 2760 ormousrnatro

101 2809 188 2870 Deus
216 2810 288 2889 (per
313 2811 437 2870 anteacti.
466 2807 586 2890 Pron),
613 2809 735 2888 ejusque
763 2808 860 2872 omnin
881 2809 1022 2872 attributa
1044 2809 1110 2872 sunt
1131 2827 1255 2886 aeterna,

57 2921 119 2980 hoc
142 2919 185 2980 ess
213 2919 283 3001 (per
303 2921 398 3000 Defin.
421 2919 478 3002 8.),
505 2925 741 2999 unumquodque
761 2920 825 2998 ejus
845 2921 1053 2984 attributorum
1074 2919 1255 2982 existentiam

58 3030 212 3108 exprimit.
252 3031 363 3094 Eadem
385 3051 454 3113 ergo
475 3032 533 3095 Dei
555 3033 717 3110 attributa,
738 3052 804 3111 quae
826 3033 896 3115 (per
916 3035 1011 3114 Defin.
1032 3032 1074 3115 4.)
1094 3033 1151 3095 Dei
1172 3049 1255 3095 aeter·

59 3161 130 3204 uam
159 3143 306 3206 essentiam
334 3145 501 3222 explicant,
528 3147 593 3225 ejus
621 3145 702 3208 simus
731 3162 866 3208 aeteruam
887 3145 1069 3208 existentiam
1089 3144 1256 3222 explicant,

58 3257 123 3315 hoc
146 3254 205 3330 esi,
225 3255 295 3317 iliud
317 3255 428 3335 ipsum,
455 3262 537 3337 quod
558 3257 704 3320 essentiam
727 3259 783 3320 Dei
805 3257 975 3333 constituit,
1002 3257 1155 3320 constituit
1175 3258 1256 3320 sumus

60 3367 158 3444 ipsius
177 3368 375 3447 existentiam,
396 3373 530 3450 adeoque
550 3373 613 3432 haec
635 3387 665 3433 et
689 3370 778 3448 ipsius
800 3369 917 3434 edentia
939 3391 1028 3433 unum
1039 3387 1068 3433 et
1080 3371 1156 3432 idem
1178 3371 1253 3433 suut.

62 3483 100 3558 Q.
123 3483 221 3544 BD.

459 3581 811 3626 cononuanrum
843 3565 866 3623 1.

105 3673 185 3733 ssinc
207 3673 416 3752 sequuturis„
444 3674 500 3736 Dei
522 3673 722 3751 existentiam,
750 3675 822 3737 ficut
847 3674 912 3752 ejus
936 3673 1100 3751 edentium,
1120 3690 1256 3750 aternam

61 3781 303 3847 esseveritatem.

450 3886 808 3932 conontnnrum
841 3868 878 3930 11.

102 3977 242 4056 Sequitur
272 3979 342 4056 11⁰„
363 3981 478 4056 Deum,
508 3980 567 4043 stve
589 3980 687 4042 omnia
718 3979 777 4042 Dei
803 3980 946 4042 attributa
974 3980 1029 4044 esse
1056 3980 1256 4044 immutabilia.

64 4093 139 4152 Nam
167 4089 189 4152 si
216 4091 331 4154 ratione
363 4090 525 4154 existentiae
557 4109 756 4169 mutarentur,
787 4095 927 4154 deberent
958 4092 1046 4155 etiam
1076 4093 1147 4174 (per
1166 4095 1255 4172 Prop.

62 4201 201 4284 praeced.)
229 4203 343 4266 ratione
371 4203 498 4266 essentie
519 4205 642 4284 mutari,
662 4207 719 4270 hoc
741 4206 783 4267 esi
802 4203 849 4287 (ur
865 4209 972 4286 perse
992 4205 1099 4288 autum)
1120 4225 1157 4267 ex
1178 4204 1256 4269 veria

66 4315 132 4376 sassa
153 4315 234 4392 fieri,
253 4317 336 4394 quod
357 4315 398 4378 est
418 4316 582 4380 absurdum.
