2934 4900
366 1064 946 1181 TRACTATUS

273 1476 1046 1587 POLITICt

536 2076 716 2137 CAPUT
758 2076 781 2135 1.

67 2242 88 2321 g·
108 2246 128 2303 ἱ,
235 2220 355 2293 ffesius,
383 2219 490 2295 quibus
518 2217 735 2292 conhihamut,
763 2217 936 2293 concipiunt
965 2213 1134 2293 Philosophi
1156 2218 1250 2279 veluti

157 2252 325 2399 Arhia,
346 2324 375 2384 in
397 2344 461 2400 quae
482 2322 616 2384 homines
639 2323 687 2383 sua
709 2325 795 2400 culpa
817 2326 974 2398 labuntur;
995 2340 1072 2399 quos
1093 2338 1249 2400 propterea

68 2434 167 2514 ridere,
201 2412 289 2513 flere,
321 2453 453 2512 carpere,
485 2438 531 2498 vei
563 2434 629 2514 (qui
661 2435 816 2498 sanctiores
843 2434 937 2498 videri
966 2436 1086 2513 volunt)
1116 2434 1249 2496 detestari

68 2543 163 2608 solent.
205 2547 256 2608 sic
285 2564 355 2626 ergo
383 2545 411 2607 se
440 2564 497 2607 rem
519 2545 647 2608 divinam
670 2549 781 2623 facere,
803 2563 832 2607 et
855 2546 1003 2623 sapientiae
1024 2549 1138 2607 cuhnen
1160 2547 1248 2607 attin-

69 2673 125 2730 gere
157 2659 302 2732 credunt,
333 2659 453 2733 quando
484 2657 637 2718 humanam
669 2674 819 2732 naturam,
848 2677 913 2734 quae
943 2657 1043 2718 nullibi
1072 2659 1130 2734 est,
1151 2658 1250 2720 multis

70 2770 155 2831 modis
176 2773 314 2844 laudare,
336 2785 366 2830 et
387 2789 465 2844 eam,
488 2787 553 2846 quae
575 2787 675 2830 revera
697 2770 756 2844 est,
777 2770 861 2831 diuis
881 2769 1013 2831 lacessere
1035 2786 1154 2831 norunt.
1186 2773 1250 2831 Ho-

71 2879 153 2941 mines
175 2901 303 2957 namquo
324 2899 384 2941 non
408 2880 544 2955 ursum,
565 2879 614 2941 sed
637 2896 669 2942 ut
691 2881 808 2943 eosdem
830 2882 883 2942 esse
906 2883 1032 2958 vellent,
1060 2882 1250 2959 concipiunt:

72 2995 137 3053 unde
159 2997 267 3056 fastum
290 2993 347 3069 est,
367 3009 401 3054 ut
423 2994 593 3070 plerumque
616 3012 670 3069 pro
691 2994 798 3054 Ethica
818 2997 949 3074 satyram
972 2995 1150 3072 scripserint,
1168 3012 1198 3056 et
1217 3010 1250 3056 ut

70 3119 210 3181 nunquam
240 3104 392 3166 Politicam
422 3105 628 3182 conceperint,
657 3125 722 3181 quae
751 3108 835 3181 possit
865 3110 900 3168 ad
929 3107 1011 3168 usum
1032 3106 1180 3184 revocari,
1202 3107 1251 3168 sed

71 3233 126 3287 quae
147 3235 203 3292 pro
225 3216 368 3276 Chimaera
389 3216 561 3291 haberetur,
591 3218 638 3277 vel
661 3235 726 3294 qnae
750 3217 778 3277 in
800 3219 933 3294 Utopia,
954 3219 1002 3280 vel
1023 3219 1052 3279 in
1073 3217 1123 3279 illo
1146 3219 1250 3278 Poe‘ta-

70 3343 122 3385 rum
144 3346 235 3390 aureo
260 3328 375 3402 seculo,
397 3329 446 3389 ubi
471 3327 580 3388 scilicet
600 3328 716 3389 minime
739 3328 850 3390 necesse
872 3345 948 3405 erat,
969 3329 1080 3392 institui
1101 3329 1252 3406 potuisset.

71 3437 135 3498 Cum
168 3439 260 3520 igitur
291 3439 419 3500 omnium
452 3438 654 3517 scientiarum,
687 3460 753 3517 quae
786 3440 868 3501 usum
897 3441 1024 3517 habent,
1045 3458 1106 3503 tum
1128 3443 1252 3503 maxime

71 3545 202 3612 Politices
236 3552 365 3614 Theoria
396 3556 431 3612 ab
466 3552 554 3628 ipsuis
585 3553 670 3614 Praxi
704 3552 865 3629 discrepare
895 3554 1040 3630 creditur,
1067 3571 1098 3615 et
1118 3559 1251 3635 regendae
1346 3625 1350 3632 ,

71 3659 247 3738 Reipublicae
281 3664 350 3725 nulli
383 3664 482 3725 minus
513 3663 613 3725 idonei
646 3665 842 3740 aestimantur,
880 3685 966 3742 quam
998 3667 1170 3728 Theoretici
1201 3669 1253 3730 seu

72 3767 243 3850 Philosophi.

105 3883 129 3963 s.
151 3889 187 3948 11.
230 3889 271 3948 At
300 3888 417 3950 Politici
446 3903 549 3950 contra
577 3888 746 3950 hominibus
775 3890 865 3968 magis
892 3890 1015 3952 insidiari
1038 3913 1124 3969 quam
1147 3893 1251 3956 consu-

74 3993 122 4056 lere
142 4003 321 4078 ereduntur‚
343 4016 373 4062 et
396 3999 498 4077 potius
520 4001 616 4062 callidi
639 4021 725 4078 quam
747 4001 895 4079 sapientes
915 4002 1098 4066 aestirnantur.
1139 4007 1253 4067 Docuit

73 4109 195 4176 nimirum
225 4115 341 4176 eosdem
371 4114 570 4190 experientia,
597 4113 671 4178 vitia
701 4116 766 4176 fore
790 4119 886 4177 donec
906 4116 1049 4178 homines.
1090 4119 1252 4179 Humanam

75 4217 153 4296 igitur
179 4224 315 4286 malitiam
345 4225 506 4302 praevenire
536 4228 604 4286 dum
634 4226 768 4299 student,
790 4227 879 4304 idque
901 4226 937 4286 iis
958 4227 1086 4304 artibus,
1107 4247 1180 4305 quas
1200 4248 1251 4289 ex-

77 4333 207 4404 perientia
238 4338 329 4416 longo
361 4337 415 4399 usu
446 4335 570 4414 docuit,
602 4354 633 4398 et
665 4356 739 4415 quas
769 4337 904 4400 homines
933 4339 1024 4420 tnagis
1055 4355 1135 4400 metu
1166 4357 1252 4416 (luam
