2934 4900
381 300 438 364 De
477 300 707 367 Servitute
746 302 938 371 Humana.
1196 320 1249 385 191

110 474 182 552 (Sed
210 476 296 537 venit
322 475 371 538 hic
390 493 532 555 preterea
557 481 738 556 notandum,
758 482 840 557 qood
860 496 894 543 ut
914 480 990 558 loci,
1010 481 1048 543 fic
1069 481 1157 543 etiarn
1177 497 1252 545 tem-

71 586 151 661 poris
169 586 333 649 distantiam
353 608 415 651 non
435 588 487 651 nifi
509 590 601 668 usque
622 594 660 655 ad
676 607 789 655 certum
807 595 952 669 quendam
965 593 1086 657 limitem
1103 592 1253 670 possumus

73 698 201 761 distinete
230 701 397 781 imaginori3
426 700 485 764 hoc
516 704 575 778 est,
605 702 680 766 iieot
711 705 809 765 omnin
840 705 887 765 illo
918 704 1050 781 obieeta,
1080 724 1146 783 que
1177 707 1252 771 ultra

73 813 215 873 detentos
235 815 326 889 pede·
347 814 473 875 anobis
495 814 618 891 distem,
639 814 690 877 seo
710 832 835 891 quorum
857 814 992 879 distantia
1013 816 1126 893 eloco,
1143 816 1173 877 in
1191 835 1253 894 quo

73 921 177 1000 sonos,
194 925 271 985 iiiam
289 925 416 1003 supernt,
433 944 523 1004 quam
539 925 671 991 distinete
688 925 886 1007 imaginamur,
903 944 986 1005 aeque
1001 946 1019 989 a
1036 928 1123 989 nobis
1141 928 1253 1005 distare,

73 1052 103 1096 et
120 1037 258 1114 perinde,
276 1056 311 1100 ne
331 1038 353 1098 fl
372 1039 404 1101 in
423 1042 529 1101 eodem
550 1041 641 1116 plano
659 1038 768 1115 effent,
786 1039 934 1119 imaginari
951 1040 1092 1117 solemuo;
1110 1040 1148 1103 src
1165 1042 1253 1103 etiam

74 1146 200 1224 oriona,
237 1166 362 1226 quornm
401 1150 545 1213 existendi
577 1167 694 1227 temone
722 1152 856 1231 longiore
887 1150 1068 1229 ammenti
1099 1152 1253 1219 intervallo
1322 1202 1323 1207 1

72 1260 161 1323 arere
190 1261 397 1341 imaginarum
427 1282 516 1341 qoam
546 1267 629 1342 qood
661 1264 794 1328 distinete.
825 1262 974 1345 imaginari
993 1262 1135 1341 solemus,
1156 1265 1254 1328 omnia

72 1391 151 1450 eque
170 1376 260 1453 longe
280 1394 298 1436 a
314 1374 450 1451 presenti
467 1376 571 1437 distare
589 1375 787 1456 imaginamur,
806 1392 837 1439 et
855 1379 893 1439 od
909 1394 998 1439 unum
1017 1376 1095 1455 quasr
1113 1380 1253 1455 temporis

71 1499 246 1548 momentum
263 1485 440 1566 referimus.)

107 1596 175 1657 Vll.
205 1597 261 1659 Per
290 1599 394 1675 finem,
420 1599 506 1677 eujus
527 1600 613 1661 cansa
634 1600 746 1678 aliquid
764 1600 904 1677 facimus,
925 1601 1088 1679 appetitum
1109 1602 1251 1682 intelligo.

107 1710 189 1769 vui.
208 1710 265 1771 Per
283 1709 425 1773 virtutem
444 1727 476 1773 et
496 1711 662 1787 potentiam
679 1713 756 1775 idem
774 1713 925 1793 intellig03
941 1714 1000 1775 hoc
1017 1714 1058 1775 est
1075 1714 1147 1794 (per
1162 1716 1251 1794 Prop.

70 1837 96 1896 7.
121 1836 155 1902 p.
186 1824 247 1903 3.),
277 1822 392 1898 virtus,
417 1840 564 1901 qnatenus
591 1827 629 1887 ad
657 1826 804 1887 hominem
824 1828 964 1902 refertur,
985 1826 1026 1887 eti
1045 1825 1105 1901 ipsa
1124 1826 1253 1889 hominis

69 1932 184 1995 effentin
215 1934 268 1995 seo
298 1948 419 2011 notum,
449 1950 596 2013 quatenos
625 1937 799 2013 potestatem
826 1937 916 1999 habet
937 1939 1070 2015 qoaednn
1091 1936 1253 2014 efficiendi,

69 2062 133 2121 qoae
153 2064 206 2121 per
224 2044 302 2107 foirs
322 2045 411 2123 influo
431 2060 543 2109 nature
563 2048 645 2127 iegeo
663 2047 783 2125 potsunt
803 2048 936 2127 intelligi.

521 2206 550 2266 A
571 2206 599 2265 X
619 2206 633 2265 1
653 2206 681 2266 O
701 2207 736 2266 M
757 2207 796 2267 A.

102 2316 193 2377 Nulla
207 2334 254 2377 res
268 2315 417 2395 fingularis
438 2316 467 2377 in
485 2332 579 2379 rerum
597 2318 710 2379 Natura
728 2320 831 2394 dator,
849 2334 906 2395 qua
925 2316 1080 2393 potentior
1097 2333 1126 2379 et
1146 2318 1251 2379 fortior

67 2446 123 2488 non
143 2430 231 2490 detur
251 2427 316 2489 alia.
347 2428 406 2490 Sed
426 2446 602 2506 quacunque
623 2431 692 2490 dati
713 2430 800 2491 datur
821 2427 875 2490 alia
896 2428 1066 2506 potentior,
1088 2449 1103 2490 a
1125 2449 1182 2506 qua
1200 2430 1247 2491 illa

66 2543 129 2602 dota
151 2541 250 2619 potest
270 2541 386 2604 destrui.

463 2671 793 2732 PROPOSITIO
834 2672 857 2731 Ι.

102 2783 209 2858 Nihil,
240 2785 317 2862 quod
341 2785 409 2844 idco
433 2781 521 2862 falsa
547 2782 701 2864 pofitivum
731 2781 836 2858 habet,
859 2783 973 2843 tollitur
988 2781 1151 2862 presentie}
1168 2787 1252 2859 veri,

67 2910 202 2970 quatenus
222 2913 332 2957 verum.

464 3007 847 3053 ommonsrnnrro

103 3105 223 3166 Falfitas
250 3104 279 3165 in
300 3105 360 3166 solt
382 3103 550 3183 privatione
571 3103 771 3183 cognitionis,
791 3123 877 3181 quant
899 3103 972 3166 ideae
993 3103 1184 3181 inadaequatae
1206 3104 1244 3164 in-

68 3219 209 3294 volvunt,
239 3216 368 3279 confistit
401 3217 473 3296 (per
502 3216 592 3296 Prop.
626 3229 674 3293 35.
700 3230 733 3296 p.
763 3217 824 3296 m),
845 3235 899 3277 nec
920 3216 989 3293 ipsae
1010 3215 1119 3293 aliquid
1139 3217 1249 3276 habent

69 3329 239 3406 pofitivunr,
270 3344 393 3406 propter
422 3331 504 3405 quod
533 3327 610 3390 falsae
631 3328 771 3390 dicontur
791 3329 863 3408 (per
883 3329 972 3408 Prop.
994 3345 1041 3406 33.
1058 3342 1090 3409 p.
1111 3329 1171 3408 2.);
1192 3327 1250 3388 Sed

70 3457 185 3515 contro,
202 3455 349 3517 quatenus
366 3442 404 3502 ad
421 3441 517 3502 Deum
536 3441 710 3516 reserontor,
727 3455 804 3500 verae
823 3439 888 3501 sont
907 3439 979 3518 (per
991 3439 1080 3518 Prop.
1092 3457 1139 3516 32.
1153 3451 1185 3518 p.
1197 3438 1250 3517 2.).

69 3551 96 3610 Si
115 3551 205 3631 igitur
224 3551 271 3624 id,
292 3553 374 3628 quod
395 3551 462 3613 idea
481 3550 552 3612 falsa
573 3550 732 3628 positivum
754 3551 860 3620 habet,
881 3549 1033 3626 praesentii
1053 3550 1132 3623 veri,
1145 3565 1249 3626 quate·

70 3681 121 3723 nus
147 3681 248 3726 verum
270 3661 327 3738 est,
348 3663 518 3738 tolleretur,
538 3663 691 3724 tolleretur
711 3679 780 3742 ergo
803 3663 867 3724 idea
889 3679 958 3726 vern
980 3681 995 3722 a
1016 3661 1044 3723 se
1067 3663 1147 3739 ipii,
1168 3665 1249 3740 quod

71 3774 136 3852 (per
166 3777 256 3855 Prop.
286 3795 316 3854 4.
343 3787 376 3854 p.
399 3775 441 3853 3.)
473 3775 514 3836 est
543 3775 708 3837 absurdum.
749 3777 828 3853 Ergo
860 3773 958 3850 Nihil,
986 3777 1068 3852 quod
1090 3775 1171 3850 iden,
1193 3792 1250 3836 etc.

71 3885 220 3960 Q.E.D.

530 3986 786 4030 senoorunr.

105 4078 281 4157 Intelligitur
309 4079 372 4141 haec
403 4079 570 4156 Proposrtio
600 4079 706 4142 clarius
736 4099 774 4140 ex
806 4097 833 4140 n.
862 4079 973 4140 Coroll.
993 4080 1080 4154 Prop.
1105 4081 1150 4140 16.
1170 4097 1200 4154 p.
1222 4095 1250 4138 o.

70 4189 141 4249 Nan
170 4191 341 4270 imaginatio
371 4193 436 4278 ioca
468 4191 526 4268 est,
558 4211 623 4270 qoae
656 4192 747 4271 nugis
779 4190 922 4267 Corporis
942 4190 1060 4253 humani
1081 4189 1249 4266 praesentenn

31 4394 35 4400 Δ
71 4301 306 4365 constitutionem
312 4348 323 4379 ,
350 4322 437 4381 quam
457 4303 589 4381 corporis
610 4303 725 4368 externi
747 4317 880 4366 naturam
901 4302 1029 4380 indicot;
1050 4321 1110 4366 non
1132 4301 1249 4380 quidem
