2934 4900
524 337 580 398 De
620 337 776 396 Mente.
1220 349 1260 417 79

68 511 218 589 saepiffime
246 529 425 590 comparant.
466 515 523 574 Sed
549 513 608 575 hoc
635 513 665 572 in
687 511 852 573 corollario
876 528 902 572 1.
924 527 955 574 et
976 529 1004 573 2.
1045 511 1258 588 Proposrtionis

69 639 118 700 32.
140 623 234 698 pertis
258 640 283 684 t.
310 623 521 698 refutavimus,
540 639 571 684 et
592 621 798 700 Propofitione
823 626 868 684 16.
890 622 991 699 partit.
1014 639 1040 682 1.
1061 622 1258 697 ostendimus,

68 737 168 798 Deum
187 739 290 798 eedem
312 737 476 800 neceffitate
489 755 596 816 egere,
618 755 676 814 qua
697 735 821 812 seipsum
841 735 994 814 intelligit3
1014 735 1073 796 hoc
1100 736 1155 810 est,
1176 734 1259 796 stcuri

70 871 107 912 ex
128 853 297 913 neceffitate
318 852 426 915 divinae
444 869 554 914 naturae
572 850 704 928 sequitur
720 850 810 928 (sicut
827 865 930 912 ornnes
948 867 1010 911 uno
1028 867 1080 911 ore
1098 849 1258 929 statuunt),

69 981 103 1024 ut
117 965 206 1026 Deus
227 964 350 1041 seipsum
371 963 532 1043 intelliget,
553 965 654 1024 eadem
676 961 764 1024 etiarn
784 963 950 1024 necestitate
969 962 1111 1038 sequitur,
1125 977 1160 1023 ut
1174 964 1258 1024 Deus

67 1076 184 1137 infinita
205 1076 328 1138 infinitis
348 1075 444 1138 modis
464 1091 540 1155 agat.
566 1075 683 1137 Deinde
704 1073 909 1151 Proposttione
931 1092 980 1154 μ
999 1073 1091 1151 partis
1115 1091 1140 1134 1.
1161 1074 1256 1135 osten-

67 1188 183 1265 dimus,
204 1189 264 1250 Dei
281 1188 445 1266 potentiam
466 1186 537 1248 nihil
555 1186 629 1262 effe,
646 1201 837 1265 preterqtunn
855 1186 914 1247 Dei
931 1186 1076 1249 canosam
1094 1185 1258 1261 essentiam

65 1302 207 1379 adeoque
227 1315 287 1362 tutu
308 1300 395 1362 nobis
416 1300 584 1376 impoiiibile
605 1300 646 1360 est
665 1299 839 1376 concipere,
859 1301 956 1361 Deum
977 1317 1037 1360 non
1059 1318 1142 1379 agere
1149 1316 1256 1376 ,quarn

65 1415 167 1474 Deum
196 1432 258 1475 non
286 1412 352 1474 eise.
393 1414 483 1474 Porro
505 1412 525 1472 st
546 1413 609 1473 haec
636 1411 760 1474 ulterius
786 1411 920 1489 persequi
939 1410 1060 1486 liberet,
1080 1409 1189 1488 poti'etn
1209 1411 1257 1472 hic

65 1526 195 1588 ulterius
223 1526 390 1601 ostendere,
418 1523 581 1602 potentiam
609 1523 702 1600 illan,
724 1541 810 1600 quntn
831 1525 937 1603 vulgus
957 1525 1025 1585 Deo
1047 1522 1176 1603 affingit,
1197 1542 1258 1586 non

66 1655 186 1699 tantum
217 1637 370 1700 humanam
401 1635 457 1698 etse
489 1635 585 1715 (quod
617 1635 744 1696 ostendit
775 1636 872 1696 Deum
902 1627 1066 1710 hominem,
1097 1637 1145 1698 vel
1172 1635 1257 1696 instar

66 1750 200 1812 hominus
222 1752 350 1830 evulgo
383 1748 532 1830 concipi),
562 1748 610 1809 sed
642 1747 729 1809 etiam
761 1747 965 1826 impotentiam
996 1747 1158 1811 involvere.
1199 1748 1257 1810 Sed

67 1865 143 1925 noio
166 1865 204 1924 de
226 1865 326 1924 eadem
346 1879 377 1922 re
397 1860 488 1922 toties
510 1859 668 1920 sermonem
690 1857 849 1920 instituere.
890 1860 1043 1920 Leitoretn
1073 1859 1255 1922 solummodo

67 1973 178 2034 iterum
198 1989 288 2048 utque
310 1971 415 2034 iterum
435 1989 526 2050 rogo,
547 1985 598 2046 ut,
619 1989 684 2047 quae
707 1969 737 2031 in
758 1970 847 2046 prima
869 1988 967 2048 parte,
995 1989 1033 2032 ex
1053 1971 1255 2048 Propofitione

73 2085 120 2144 16.
151 2083 244 2160 usque
272 2085 309 2146 ad
337 2084 443 2157 finem,
463 2085 499 2144 de
519 2084 573 2143 hac
593 2099 624 2144 re
649 2081 725 2144 dida
747 2082 830 2158 sunt,
851 2081 936 2144 semel
956 2098 1046 2159 atque
1067 2081 1171 2144 iterum
1191 2100 1256 2158 per-

69 2197 193 2270 pendat.
235 2197 311 2256 Nam
343 2213 429 2256 nemo
460 2212 523 2271 en,·
543 2213 608 2270 quae
638 2197 728 2270 volo,
760 2193 909 2272 percipere
940 2195 1015 2256 rede
1046 2194 1174 2271 poterit,
1204 2193 1256 2256 nist

69 2323 250 2384 magnopere
278 2323 398 2382 caveat,
425 2325 462 2368 ne
489 2305 548 2367 Dei
570 2305 734 2381 potentiam
755 2323 821 2367 cum
841 2306 965 2367 humana
986 2307 1101 2385 Regum
1122 2306 1257 2381 potentia

70 2419 117 2481 vel
135 2417 203 2495 jure
228 2417 402 2481 contundat.

457 2560 788 2623 Pnoposrulo
819 2561 871 2619 1v.

68 2783 122 2860 effe
139 2783 239 2865 potest.

468 2913 863 2958 ouuonsunnrro

111 3008 282 3069 lnteueuus
303 3008 434 3071 infinitus
454 3008 545 3085 nihil,
563 3024 670 3085 praetet
689 3008 749 3070 Dei
770 3009 910 3071 attributa
932 3009 1051 3086 ejusque
1072 3009 1258 3084 affediiones,

71 3118 297 3195 comprehendit
327 3119 400 3201 (per
428 3122 517 3201 Prop.
540 3138 587 3199 30.
604 3135 636 3201 p.
661 3122 711 3201 1.).
752 3122 847 3199 Atqui
877 3123 961 3182 Deus
992 3121 1032 3182 est
1059 3121 1164 3183 unicus
1185 3121 1258 3200 (per

73 3230 181 3289 Coroll.
207 3246 231 3291 1.
252 3232 341 3311 Prop.
365 3248 410 3311 14„
427 3246 459 3312 p.
484 3234 534 3312 1.).
575 3232 654 3311 Ergo
675 3230 741 3294 idea
762 3232 836 3307 Dei,
864 3252 901 3294 ex
923 3252 980 3309 qua
1002 3232 1114 3295 infinita
1134 3233 1258 3295 infinitis

72 3340 172 3402 modis
194 3340 369 3419 sequuntur,
391 3343 478 3406 unica
499 3359 612 3405 tantum
634 3342 690 3404 effe
712 3344 818 3421 potest.
861 3346 895 3421 Q.
916 3345 953 3406 E.
974 3347 1014 3407 D.

472 3517 800 3579 PROPOSITIO
831 3520 870 3578 V.

114 3626 182 3707 Efflr
194 3626 322 3704 formate
348 3630 479 3689 idearum
499 3631 610 3705 Deum,
632 3644 773 3707 quatenus
794 3644 907 3691 tantum
926 3644 960 3691 ut
979 3650 1027 3691 res
1046 3635 1176 3707 cogitans
1195 3650 1257 3691 con-

76 3741 240 3818 fidentur,
255 3752 312 3819 pro
332 3741 421 3818 causa
441 3743 587 3819 agnoscit,
608 3754 636 3801 et
656 3761 710 3801 non
731 3756 871 3820 quatenus
891 3745 949 3803 alio
968 3744 1113 3803 attributo
1133 3746 1257 3823 explica·

72 3868 132 3913 tur.
161 3853 223 3913 Hoc
249 3852 304 3929 est,
327 3866 387 3912 tam
414 3854 476 3914 Dei
494 3854 721 3930 attributorum,
743 3874 828 3933 quam
848 3874 945 3916 rerum
961 3856 1153 3933 stngulart'um
1172 3857 1259 3930 tdeae,

72 3984 126 4023 non
152 3965 222 4042 t'pfa
247 3962 352 4031 ideam,
363 3963 425 4041 five
446 3984 494 4023 res
510 3978 661 4044 perceptas
677 3977 733 4043 pro
755 3966 844 4042 causa
864 3964 996 4040 efficiente
1016 3967 1188 4043 agnoscunt,
1203 3967 1261 4043 sed

70 4058 167 4155 ipsum¹
186 4076 298 4151 Deum,
319 4090 458 4152 quatenus
478 4078 516 4155 est
537 4097 583 4136 res
605 4080 742 4152 cogitans.

475 4236 859 4282 nunonsunncro

111 4344 199 4405 patet
218 4326 337 4404 quidem
359 4346 396 4389 ex
417 4330 621 4406 Propoiitione
644 4348 671 4406 3.
693 4330 789 4406 hujus.
831 4330 875 4391 lbi
897 4330 973 4391 enim
994 4332 1258 4408 concludebamuu,
