2934 4900
241 335 298 380 tro
660 313 845 378 Etbicet
875 316 944 379 Part
965 316 1004 378 11.

233 495 349 566 generis
369 493 552 566 cognitionem
569 490 696 554 vocabo.
717 488 826 551 Pretet
842 487 906 551 baec
924 490 986 551 duo
1004 487 1184 568 cognitionis
1201 505 1306 569 genera
1324 490 1426 562 datur,

236 618 271 665 ut
290 603 321 665 in
342 602 530 681 sequentibus
548 602 710 679 ostendam,
728 601 808 665 aliud
825 605 959 680 tertiato,
977 604 1060 680 quod
1077 602 1231 662 &sentiam
1246 603 1424 663 Intuinvam

235 715 418 778 vocabimus.
448 717 550 793 Atque
570 714 629 777 hoc
650 713 848 794 cognoscendi
868 732 961 794 genus
977 713 1112 791 procedit
1130 714 1166 775 ab
1185 715 1338 790 adaequata
1357 713 1422 774 idea

235 826 361 891 essentiae
389 830 518 890 sortnalls
547 829 729 906 quorundam
751 826 808 890 Dei
830 827 1039 890 attributorum
1060 829 1097 888 ad
1117 829 1299 904 adequatam
1319 824 1422 904 cogni-

233 941 346 1003 tionem
377 940 504 1004 ellentiae
534 958 638 1003 rerum.
680 941 753 1002 Haec
784 939 882 1000 omnia
909 939 996 1002 unius
1023 938 1065 1001 rei
1092 939 1227 1016 exemplo
1254 938 1421 1016 explicabo.

232 1055 348 1116 Dentur
379 1073 425 1115 ex.
456 1072 497 1132 gr.
528 1067 587 1116 tres
619 1051 748 1128 numeri,
776 1053 813 1115 ad
841 1067 976 1129 quartum
1005 1050 1214 1128 obtinendum,
1242 1049 1294 1127 qui
1320 1049 1357 1110 fit
1384 1052 1422 1110 ad

232 1165 350 1227 tertium
372 1183 405 1228 ut
425 1166 569 1228 secundus
590 1167 628 1227 ad
648 1165 782 1241 primum.
813 1165 885 1226 Non
906 1163 1046 1227 dubitant
1066 1178 1243 1225 mercatores
1259 1161 1419 1224 secundum

232 1276 262 1339 in
291 1278 410 1340 tertium
439 1280 561 1354 ducere,
590 1292 620 1338 et
641 1279 815 1354 produiium
837 1293 890 1352 per
909 1277 1031 1352 primum
1052 1274 1199 1352 dividere;
1220 1274 1289 1353 quia
1309 1273 1422 1335 scilicet

233 1410 282 1467 ea,
311 1409 375 1468 quae
398 1410 414 1452 a
435 1389 574 1470 magistro
595 1389 704 1468 absque
727 1391 785 1451 ullu
806 1389 1053 1451 demonstratione
1074 1387 1266 1464 audiverunt,
1286 1389 1419 1448 nondum

231 1505 414 1567 tradidertmrt
449 1501 611 1579 obliuioni,
651 1503 698 1565 vel
730 1502 798 1579 quia
829 1501 860 1563 id
891 1502 966 1579 saepe
996 1502 1027 1563 in
1058 1501 1184 1564 numeris
1214 1499 1422 1578 simplicisiimis

230 1617 344 1693 experti
370 1616 454 1691 sunt,
481 1617 529 1679 vel
557 1633 595 1676 ex
623 1615 654 1678 vi
681 1614 947 1676 Demonstrationis
973 1615 1061 1692 Prop.
1092 1630 1137 1692 19.
1164 1614 1214 1676 lib.
1236 1630 1264 1690 7.
1285 1613 1421 1688 Euclid,

229 1747 332 1804 nempe
368 1747 404 1790 ex
440 1727 586 1790 communi
622 1726 804 1804 proprietate
835 1726 1111 1804 proportionalium.
1153 1729 1196 1789 At
1226 1727 1256 1787 in
1288 1725 1421 1787 numeris

228 1839 432 1917 simplicisfimis
459 1839 531 1903 nihil
557 1841 661 1901 horum
690 1857 766 1915 opus
787 1839 837 1900 est.
874 1840 930 1900 Ex.
951 1857 992 1918 gr.
1015 1839 1092 1901 datis
1114 1838 1239 1901 numeris
1263 1855 1298 1915 1,
1319 1856 1358 1914 α,
1379 1855 1420 1914 3,

229 1970 314 2014 nemo
341 1971 402 2014 non
429 1953 528 2026 videt,
556 1967 692 2030 quartum
719 1970 868 2013 numerum
896 1952 1147 2029 proportionalem
1176 1950 1233 2013 else
1258 1952 1307 2026 6.,
1327 1965 1420 2026 atque

225 2065 286 2139 boc
307 2067 400 2128 multo
421 2066 543 2142 clarius,
565 2065 634 2144 quia
656 2084 693 2127 ex
714 2065 776 2142 ipsa
797 2065 928 2141 ratione,
950 2083 1036 2143 quam
1058 2066 1181 2143 primum
1203 2067 1240 2126 ad
1258 2064 1419 2126 secundum

152 2233 154 2237 ,
227 2177 333 2238 habere
355 2195 416 2240 uno
437 2177 549 2240 intuitu
569 2177 725 2255 videmus,
742 2177 837 2254 ipsum
860 2192 995 2254 quartum
1015 2178 1227 2240 concludimus.

595 2366 925 2428 PROPOSITIO
966 2367 1044 2428 XLI.

267 2477 397 2554 Cognitio
420 2482 514 2560 primi
540 2483 657 2556 generis
676 2484 764 2542 unica
784 2482 822 2560 est
836 2479 983 2560 folfitati's
1002 2482 1108 2559 causa,
1123 2480 1245 2558 secundi
1262 2490 1359 2540 autem
1387 2492 1417 2538 tt

224 2592 309 2649 tertii
327 2590 365 2668 est
384 2592 535 2670 nettffario
556 2612 639 2654 vera.

620 2751 1016 2796 numousruarro

263 2842 313 2903 Ad
332 2842 417 2919 primi
437 2845 551 2923 generis
573 2846 774 2925 cognitionem
792 2845 856 2907 illas
875 2864 976 2907 omnes
994 2846 1074 2908 ideas
1093 2845 1220 2909 diximus
1237 2845 1267 2908 in
1287 2848 1413 2922 praeced.

221 2952 319 3015 Schol.
340 2956 502 3033 pertinere,
523 2976 588 3035 quae
610 2957 677 3018 sunt
697 2958 891 3035 inadaequatae
912 2972 943 3019 et
964 2957 1110 3035 consusae;
1132 2974 1220 3035 atque
1241 2960 1317 3019 adeo
1338 2958 1413 3038 (per

221 3066 310 3143 Prop.
339 3078 387 3143 35.
416 3066 517 3147 hujus)
547 3068 609 3130 haec
632 3069 766 3149 cognitio
787 3070 874 3131 unica
895 3069 936 3130 est
957 3069 1090 3132 falsitatis
1111 3071 1205 3132 causa.
1236 3070 1352 3131 Deinde
1374 3073 1411 3132 ad

222 3175 420 3255 cognitionem
457 3178 575 3241 secundi
611 3197 641 3242 et
678 3181 759 3242 tertii
794 3181 857 3244 illas
893 3183 1039 3259 pertinere
1070 3183 1212 3259 diximus,
1244 3202 1309 3261 que
1342 3183 1410 3245 sunt

221 3288 397 3365 adaequetae3
435 3290 569 3367 adeoque
609 3292 680 3369 (per
718 3294 808 3371 Prop.
845 3310 896 3375 34.
931 3293 1034 3374 hujus)
1072 3294 1113 3355 eil
1141 3294 1297 3357 necessario
1328 3314 1408 3358 vera.

222 3397 255 3474 Q.
277 3399 314 3459 E.
335 3401 375 3461 D.

582 3516 913 3580 PROPOSITIO
954 3519 1048 3580 XLII.

258 3622 378 3684 Secundi
405 3638 433 3685 et
459 3630 559 3703 tertii,
586 3642 614 3689 et
640 3649 695 3689 non
719 3632 813 3707 primi
836 3634 952 3707 generis
979 3633 1101 3707 cognitio
1128 3633 1205 3692 dotet
1232 3650 1282 3692 nos
1304 3650 1407 3693 verum

217 3752 237 3793 a
250 3732 333 3813 salso
353 3737 536 3815 distinguere.

612 3885 1008 3935 namousranrru

256 3973 328 4035 Haec
348 3975 514 4053 Proposttio
536 3997 588 4055 per
608 3980 636 4041 se
656 3996 749 4057 patet.
782 3982 842 4065 Qui
863 3982 940 4043 enim
960 3984 1038 4046 inter
1057 4003 1159 4049 vetum
1181 4002 1211 4049 et
1228 3987 1331 4049 falsum
1348 3988 1404 4050 scit

215 4082 404 4165 distinguere,
435 4090 524 4150 debet
555 4092 737 4169 adaequatarrr
767 4093 829 4157 veri
857 4110 889 4155 et
916 4094 977 4156 falfi
1004 4095 1110 4157 habere
1138 4097 1247 4175 ideam3
1276 4100 1335 4161 hoc
1362 4100 1402 4160 esl

215 4195 286 4273 (per
305 4214 335 4259 2.
355 4197 446 4261 Sestos.
467 4200 556 4279 Prop.
576 4220 624 4282 40.
646 4201 766 4283 basias),
786 4222 888 4267 verum
909 4221 940 4267 et
960 4207 1065 4269 falsum
1085 4207 1215 4271 secundo
1236 4225 1288 4271 aut
1310 4211 1399 4273 tertio

213 4308 393 4387 cognitionis
413 4328 516 4391 genere
537 4314 722 4393 cognoscere.
