2934 4900
342 291 842 373 Theologico·Politici
882 294 1027 372 Caplsl.
1220 307 1280 373 517

90 484 141 530 cet
172 487 243 546 pura
274 472 412 551 dogmata
444 469 503 534 five
535 473 652 533 decreta
683 472 742 536 stve
774 472 933 534 sententias
963 473 1138 550 loquantur;
1159 489 1190 534 et
1210 473 1278 535 ideo

90 581 230 643 summum
258 583 433 659 Prophetam
455 583 560 645 Mosen
582 585 691 646 nullum
712 585 873 664 legitimum
894 600 1093 664 argumentum
1113 584 1227 662 fecid'e3
1248 600 1280 646 et

89 709 194 756 contra
215 695 317 774 longas
338 695 420 758 Pauli
440 696 631 758 dedudliones
650 713 680 757 et
705 697 989 776 argumentationes,
1014 699 1115 776 quales
1135 698 1165 758 in
1186 697 1279 776 Epist.

90 809 130 868 ad
160 809 314 868 Romanos
345 808 547 884 reperiuntur,
578 809 659 869 nullo
691 810 781 870 modo
810 827 847 868 ex
867 808 1049 872 revelatione
1071 807 1280 884 supernaturali

89 920 213 996 scriptas
243 919 325 983 fuisse
357 923 501 983 concedo.
542 923 646 999 Itaque
674 937 732 982 tam
754 922 833 983 modi
854 921 996 1000 loquendi
1018 939 1105 998 quam
1125 907 1298 983 disserendi¹

87 1032 300 1108 Apostolorum
322 1033 351 1093 in
372 1033 511 1109 Epistolis
533 1034 676 1094 clarillime
697 1034 847 1109 indicant,
869 1033 982 1094 easdem
1003 1051 1064 1093 non
1085 1050 1123 1092 ex
1143 1033 1280 1094 revelati·

88 1164 148 1206 one
171 1161 201 1206 et
222 1145 326 1208 divino
348 1147 503 1222 mandato,
524 1145 574 1206 sed
595 1160 708 1206 tantum
730 1164 767 1206 ex
788 1144 916 1221 ipsorum
934 1144 1057 1205 naturali
1064 1142 1179 1220 judicio
1190 1142 1278 1220 scrip-

88 1273 135 1318 tas
166 1256 265 1334 soille,
296 1272 326 1317 et
357 1257 429 1318 nihil
460 1257 611 1318 continere
648 1272 754 1335 ptaeter
791 1257 932 1316 fraternas
963 1255 1142 1316 monitiones
1172 1253 1279 1315 mixtas

88 1369 255 1430 urbanitate
277 1368 308 1448 (a
329 1387 387 1445 qua
409 1368 476 1428 sane
506 1367 680 1445 prophetica
701 1367 865 1429 authoritas
887 1367 972 1443 plane
993 1366 1162 1446 abhorret),
1182 1365 1278 1442 qualis

87 1480 129 1540 est
156 1481 204 1540 illa
231 1481 310 1542 Pauli
338 1479 488 1541 excusatio
518 1480 546 1540 in
575 1479 667 1556 Epist.
695 1481 733 1540 ad
762 1481 851 1540 Rom.
878 1478 1073 1554 cap.15.vs.
1098 1487 1162 1554 15„
1185 1478 1275 1556 paulo

87 1591 227 1650 audacius
241 1589 350 1669 scripss
368 1589 465 1666 vobis,
479 1587 608 1666 fratres.
650 1587 802 1650 Possumus
828 1603 967 1664 ptaeterea
987 1587 1046 1649 hoc
1066 1587 1159 1663 ipsum
1180 1605 1218 1648 ex
1239 1605 1277 1648 eo

88 1701 281 1777 concludere,
312 1704 394 1778 quod
424 1701 525 1763 nullibi
554 1702 691 1781 legimus,
720 1704 803 1778 quod
822 1700 960 1778 Apostoli
977 1699 1042 1777 J'uffi
1063 1700 1119 1762 lint
1139 1700 1277 1777 scribere,

89 1814 140 1875 sed
171 1829 284 1874 tantum
316 1813 472 1890 praedicare
503 1829 682 1892 quocunque
713 1815 806 1890 irent,
833 1829 864 1874 et
896 1813 972 1875 dida
992 1811 1078 1893 stgnis
1099 1813 1277 1874 confirmare.

86 1927 163 1985 Nam
191 1942 291 1985 eorum
319 1925 472 2001 prasentia
500 1942 531 1987 et
559 1925 636 2004 stgna
664 1926 797 1987 absolute
817 1925 1039 2002 requirebantur
1059 1927 1095 1985 ad
1116 1939 1220 2003 gentes
1240 1927 1278 1987 ad

90 2037 276 2116 Religionem
309 2041 542 2115 convertendas,
572 2039 678 2116 easque
710 2039 740 2098 in
772 2041 872 2100 eadem
904 2039 1131 2114 confirmandas,
1161 2054 1196 2100 ut
1215 2039 1277 2115 ipse

89 2151 197 2211 Paulus
218 2150 248 2211 in
269 2149 361 2226 Epist.
383 2153 420 2212 ad
441 2154 528 2212 Rom.
551 2170 614 2228 cap.
640 2168 665 2212 1.
687 2151 728 2214 vs.
754 2168 799 2212 11.
821 2150 1276 2228 expresseindicat3quiaualde,

88 2262 201 2339 inquit,
221 2261 344 2340 defidero
364 2277 397 2322 ut
416 2265 531 2324 videam
550 2282 619 2341 vos,
638 2277 672 2322 ur
691 2267 847 2344 impertiar
867 2262 950 2321 vobis
971 2265 1075 2322 donum
1093 2262 1278 2341 Spiritusne

87 2375 297 2455 confirmemini.
319 2378 361 2436 At
383 2374 431 2436 hic
452 2373 543 2453 objici
563 2373 675 2453 posset,
697 2376 779 2454 quod
800 2377 904 2437 eodem
925 2378 1015 2438 modo
1037 2375 1183 2453 pollemus
1203 2395 1276 2438 con·

89 2488 224 2563 cludere,
250 2487 413 2563 Apostolos
442 2505 497 2548 nec
525 2488 613 2549 etiam
634 2504 773 2565 tanquam
794 2489 957 2565 Prophetas
977 2487 1190 2565 praedicavilse:
1211 2506 1277 2548 nam

88 2618 153 2661 cum
179 2598 238 2660 huc
267 2615 319 2662 aut
341 2599 410 2661 illuc
439 2599 628 2675 predicatum
650 2601 753 2675 ibant,
774 2601 805 2661 id
826 2619 888 2664 non
909 2619 946 2661 ex
967 2599 1101 2676 expresso
1121 2601 1277 2675 mandato,

88 2709 170 2771 stcuti
203 2711 271 2772 olim
303 2712 475 2787 Propheta,
507 2712 663 2773 faciebant.
705 2712 845 2792 Legimus
875 2712 906 2773 in
938 2713 1040 2773 Veteri
1069 2712 1276 2788 Testamento,

87 2824 169 2898 quod
198 2825 290 2903 Jonas
320 2822 451 2887 Niniven
482 2822 671 2899 predicatum
703 2822 774 2899 ivit,
806 2841 840 2883 ac
871 2822 952 2883 stmul
982 2823 1065 2898 quod
1088 2840 1125 2883 eo
1146 2822 1275 2898 expresse

7 2966 9 2975 ι
87 2934 183 2997 missus
204 2936 260 3012 est,
281 2951 312 2996 et
333 2921 420 3013 quod
437 2934 464 2995 ei
485 2936 645 2999 revelatum
667 2936 757 2997 fuerit
777 2936 825 3009 id,
846 2932 991 3010 quodibi
1012 2934 1168 3009 praedicare
1186 2936 1275 2995 debe·

88 3046 149 3106 bat.
189 3046 237 3107 Sic
265 3047 351 3107 etiam
381 3048 417 3107 de
444 3046 530 3107 Mose
559 3046 673 3123 prolixe
700 3060 848 3121 narratur,
869 3047 952 3123 quod
972 3046 1002 3106 in
1024 3046 1189 3124 AEgyptum
1209 3062 1274 3106 tan-

89 3174 175 3231 quam
203 3155 262 3215 Dei
289 3157 403 3235 legatus
424 3157 574 3233 professus
594 3156 650 3233 est,
672 3171 702 3217 et
720 3155 818 3233 simul,
838 3156 910 3234 quid
930 3157 1043 3233 populo
1064 3154 1222 3216 israelitico
1243 3170 1275 3216 et

87 3267 162 3345 Regi
189 3267 352 3329 Pharahoni
382 3268 495 3345 dicere,
518 3284 549 3330 et
570 3286 701 3345 quaenam
730 3268 809 3348 ligna
830 3270 868 3329 ad
886 3269 972 3331 sidem
994 3268 1155 3329 faciendam
1176 3284 1273 3329 coram

87 3378 155 3455 ipsas
177 3380 272 3440 facere
293 3382 457 3443 tenebatur.
498 3380 615 3457 Esaias,
634 3381 790 3461 Jetemias,
810 3380 965 3457 Ezechiel,
986 3378 1115 3457 expresse
1131 3378 1274 3457 jubentur

86 3491 220 3553 Israelitis
241 3494 407 3569 praedicare.
441 3494 481 3555 Et
501 3493 629 3571 denique
650 3492 721 3554 nihil
743 3492 899 3570 Propheta
920 3493 1169 3569 predicaverunt,
1190 3494 1273 3570 quod

86 3604 233 3681 Scriptura
253 3622 313 3667 non
335 3606 471 3683 testetur,
493 3625 546 3668 eos
567 3606 597 3667 id
618 3626 635 3667 a
655 3608 721 3668 Deo
745 3604 898 3681 accepisse.
919 3608 961 3666 At
982 3607 1019 3667 de
1040 3603 1273 3681 Apostolisnihil

85 3716 188 3793 simile,
216 3735 280 3778 cum
307 3718 365 3779 huc
387 3733 437 3779 aut
459 3718 527 3779 illuc
556 3719 638 3781 ibant
667 3719 879 3796 predicatum,
901 3719 931 3780 in
950 3720 1043 3782 Novo
1062 3716 1271 3792 Testamento,

86 3826 135 3888 nist
168 3830 322 3891 admodum
353 3847 436 3906 rat0,
466 3830 597 3909 legimus.
629 3832 686 3892 Sed
715 3846 819 3892 contra
839 3832 972 3909 quaedam
991 3830 1183 3907 reperiemus,
1204 3848 1271 3907 qua·

86 3940 215 4017 expresse
237 3940 385 4019 indicant,
405 3942 568 4019 Apostolos
590 3961 628 4004 ex
650 3944 770 4020 proprio
793 3943 912 4004 confilio
932 3943 997 4003 loca
1008 3944 1045 4003 ad
1055 3942 1271 4019 praedicandum

85 4051 215 4131 elegisse:
241 4068 276 4114 ut
303 4053 462 4116 contentio
484 4054 589 4116 illaad
610 4054 751 4117 diffidium
772 4054 882 4131 usque,
904 4053 987 4115 Pauli
1007 4067 1038 4114 et
1058 4052 1212 4128 Barnabae,
1232 4055 1270 4113 de

85 4182 142 4241 qua
163 4162 231 4227 vide
252 4165 318 4226 Ad.
341 4184 404 4241 cap.
429 4178 474 4241 15.
497 4164 538 4229 vs.
562 4182 618 4245 37,
640 4168 677 4247 38
699 4167 732 4248 *,
754 4182 812 4236 etc.
831 4166 872 4237 Et
894 4163 1159 4243 quodstepeetiatq
1168 4164 1270 4241 srusba

116 4318 130 4349 ·
164 4316 211 4372 Ed.
229 4319 286 4374 Pa:
306 4330 351 4382 17,
371 4320 411 4369 ιθ.
