2934 4900
578 348 635 409 De
664 350 762 411 Deo.
1059 311 1062 315 Ι
1219 355 1259 428 67

71 534 261 595 unaqueque
277 536 324 579 res
341 520 387 595 id,
406 522 487 597 quod
504 521 561 598 est,
579 520 623 583 stt.
643 525 719 584 Nanr
738 523 808 584 uliae
824 524 906 585 Deus
923 524 1052 586 omnium
1066 541 1160 586 rerum
1174 524 1258 585 eausa

71 646 134 689 non
146 627 228 689 edet.
238 630 356 692 Deinde
366 635 448 709 quod
458 634 555 695 omnia
564 635 622 696 Dei
633 638 749 697 decreta
759 638 795 696 ab
807 650 918 697 aeterno
936 638 972 697 ab
991 634 1057 713 ipso
1073 637 1140 697 Deo
1151 634 1260 698 sancita

71 738 205 801 suerunt.
225 742 302 803 Nam
323 743 393 804 alius
412 744 640 822 supersessionis
661 762 691 808 et
710 746 912 809 inconstantia:
929 762 1105 825 argueretur.
1130 748 1172 807 At
1193 765 1259 808 cum

74 851 103 911 in
125 868 240 915 aetetno
261 872 322 916 non
344 858 430 917 detur
449 860 576 936 quando,
604 873 686 936 ante,
715 878 769 920 nec
792 860 870 939 post:
898 858 982 935 hinc,
1010 878 1048 920 ex
1069 858 1128 920 sola
1149 858 1259 919 scilicet

73 965 132 1026 Dei
161 968 363 1045 perfectione,
395 970 542 1048 sequitur,
572 972 666 1033 Deum
695 972 774 1034 aliud
801 975 954 1034 decernere
985 990 1132 1049 nunquam
1160 972 1261 1050 posse,

74 1096 130 1137 nec
158 1098 287 1157 unquam
315 1081 456 1159 potuisse3
481 1083 541 1147 sive
568 1086 664 1146 Deum
692 1099 761 1145 ante
786 1084 837 1145 sun
865 1088 982 1146 decretu
1002 1103 1063 1146 non
1083 1084 1185 1161 fuisse,
1205 1104 1260 1147 nec

73 1189 135 1251 stne
155 1192 226 1268 ipsts
247 1192 302 1254 esse
323 1194 412 1271 pose.
449 1196 492 1257 At
513 1196 632 1273 dicunt,
653 1199 752 1274 quod,
774 1197 907 1274 quumvis
927 1198 1157 1274 supponeretur,
1178 1198 1260 1273 quod

75 1305 160 1365 Deus
191 1304 274 1366 alium
304 1322 398 1368 rerunt
429 1324 559 1371 naturum
591 1308 717 1385 fecisset,
746 1310 791 1371 vel
821 1312 903 1386 quod
930 1312 966 1370 ab
992 1327 1102 1371 aeterno
1124 1308 1202 1370 aliud
1223 1309 1260 1369 de

74 1420 191 1479 Natura
221 1420 342 1497 ejusque
373 1420 476 1484 ordine
507 1422 693 1498 decrevisset,
724 1423 804 1483 nulia
836 1422 904 1483 inde
934 1421 965 1482 in
995 1424 1063 1484 Deo
1093 1422 1261 1498 sequeretur

75 1530 270 1607 imperfediio.
302 1534 411 1595 Verum
430 1533 452 1593 st
471 1534 530 1594 hoc
550 1532 665 1610 dicant,
691 1535 856 1594 concedent
874 1532 971 1607 srnul,
994 1533 1090 1594 Deum
1111 1530 1190 1607 posse
1210 1531 1260 1593 sun

74 1658 190 1705 mutare
211 1646 337 1705 decretu.
365 1646 440 1706 Num
462 1645 482 1705 fi
501 1646 584 1707 Deus
605 1648 641 1707 de
661 1646 774 1705 Natura
795 1642 914 1722 ejusque
934 1643 1036 1705 ordine
1057 1642 1153 1719 aliud,
1174 1662 1259 1720 quarn

73 1756 225 1830 decrevit,
254 1756 441 1833 decreuisset3
469 1756 527 1817 hoc
552 1758 611 1833 est,
631 1772 665 1819 ut
686 1754 764 1819 uliud
786 1759 821 1818 de
846 1758 958 1819 Natura
979 1756 1116 1821 voluisset
1137 1772 1167 1817 et
1188 1776 1259 1817 con-

72 1867 211 1945 cepisset;
242 1870 330 1932 aliurn
361 1868 531 1946 necessario,
564 1888 648 1947 quarn
676 1868 736 1946 jam
766 1870 855 1930 habet
886 1868 1081 1947 intellectum,
1107 1884 1137 1929 et
1157 1868 1260 1942 alian,

71 2000 160 2057 quum
177 1982 240 2057 jam
259 1982 349 2043 habet
372 1983 574 2058 voluntatem,
593 1980 746 2043 habuisset.
783 1982 823 2042 Et
844 1979 866 2041 st
886 1982 953 2042 Deo
975 1980 1061 2042 alium
1082 1980 1259 2043 intelledum

71 2092 216 2171 aliamque
240 2096 423 2156 uoluntatem
443 2093 569 2155 tribuere
590 2093 678 2170 licet,
698 2093 807 2171 ubsque
827 2094 885 2153 ulla
906 2092 970 2169 ejue
990 2090 1116 2155 essentiae
1138 2090 1258 2169 ejusque

71 2204 265 2281 perfectionis
296 2206 475 2281 mutatione3
502 2204 574 2283 quid
602 2204 693 2266 cunsae
722 2204 779 2279 est,
808 2222 859 2265 cur
880 2202 940 2280 jam
965 2222 1026 2265 non
1046 2204 1132 2280 posit
1151 2204 1201 2265 suu
1222 2206 1259 2265 de

71 2319 159 2377 rebus
180 2316 289 2377 creatis
309 2318 425 2378 decretu
447 2332 575 2392 mutate,
594 2332 625 2377 et
646 2314 836 2379 nihilominus
857 2332 940 2392 reque
961 2316 1107 2391 perfectus
1121 2314 1259 2376 manere?

70 2428 144 2504 Ejus
167 2428 246 2489 enim
267 2427 431 2490 intellectus
452 2442 482 2490 et
503 2430 642 2490 voluntat
663 2428 739 2490 circa
758 2444 804 2489 ree
825 2443 936 2490 cnutus
956 2442 987 2488 et
1004 2427 1259 2503 earunordinem‚

71 2540 100 2599 in
121 2539 259 2616 respectu
280 2538 337 2602 suae
358 2539 484 2602 essentiae
507 2555 536 2602 et
559 2540 767 2618 perfeetionis,
787 2539 906 2618 perinde
928 2541 969 2602 est
989 2542 1259 2618 quomodocunque

70 2651 270 2728 concipietur.
290 2651 405 2714 Deinde
425 2669 544 2730 ornnes,
565 2669 641 2730 quos
661 2651 743 2727 vidi,
762 2651 933 2730 Philosophi
949 2654 1134 2728 concedunt,
1150 2653 1259 2713 nullutn

70 2763 99 2822 in
122 2763 192 2824 Deo
216 2763 275 2824 duri
297 2763 472 2826 intelleduut
494 2763 645 2840 potentii,
667 2761 717 2826 sed
734 2777 849 2826 tantum
865 2767 948 2840 ιιὲὶιις
966 2782 1031 2826 curn
1047 2779 1143 2825 autem
1154 2779 1185 2824 et
1195 2761 1258 2841 ejus

69 2874 240 2936 iutellediue
261 2891 291 2936 et
313 2873 377 2953 ejus
398 2877 537 2938 voluntas
559 2879 596 2936 ab
618 2875 745 2953 ejusdem
766 2875 884 2936 essentia
902 2894 962 2936 non
981 2875 1207 2955 distinguantur,
1225 2890 1258 2937 ut

71 2987 161 3048 etiam
193 3005 294 3048 omnes
325 2991 514 3065 concedunt,
544 2988 676 3066 sequitur
704 3007 773 3068 ergo
802 2988 872 3049 hinc
892 2988 979 3049 etiam
987 2991 1098 3065 ,quod
1105 3033 1115 3063 ,
1134 2989 1155 3048 st
1175 2989 1258 3048 Deus

71 3101 161 3160 alium
193 3099 369 3162 intellectum
399 3105 466 3162 adiu
496 3099 657 3176 habuisset,
688 3115 719 3162 et
746 3100 830 3162 aliam
858 3101 1062 3174 voluntatem,
1087 3099 1150 3176 ejus
1171 3099 1258 3160 etiam

72 3211 194 3272 essentia
216 3211 270 3272 alia
290 3211 446 3274 necessario
468 3210 556 3288 esset;
577 3231 611 3272 nc
631 3212 755 3288 proinde
777 3211 826 3289 (ut
846 3231 862 3272 a
883 3210 1029 3288 principio
1059 3210 1257 3290 conclust),sr

73 3323 159 3384 aliter
185 3341 251 3401 res,
279 3341 364 3400 quum
388 3321 448 3400 jum
476 3323 562 3400 sunt,
590 3343 607 3384 a
626 3324 693 3386 Deo
715 3327 865 3402 produciae
886 3322 976 3384 essent
988 3368 998 3398 ,
1016 3323 1074 3384 Dei
1094 3322 1259 3382 intellecius

72 3435 197 3512 ejusque
229 3436 386 3512 voluntat,
416 3437 473 3497 hoc
505 3437 545 3498 est
576 3435 624 3514 (ut
652 3436 840 3516 conceditur)
867 3435 931 3514 ejus
959 3433 1093 3511 essentia,
1121 3435 1175 3496 alia
1204 3433 1259 3494 effe

72 3547 216 3621 deberet,
235 3549 316 3622 quod
337 3546 377 3606 esi
398 3544 561 3609 absurdum.

114 3659 192 3720 Cum
222 3657 320 3736 itaque
351 3677 397 3720 ret
424 3661 504 3720 nullo
533 3659 591 3722 alio
620 3664 709 3723 modo
735 3679 788 3720 nec
810 3659 913 3722 ordine
934 3679 950 3719 n
971 3661 1037 3720 Deo
1059 3657 1182 3733 produci
1203 3676 1257 3732 po·

73 3769 203 3845 tuerint;
234 3785 280 3845 et,
310 3771 368 3831 hoc
385 3787 496 3834 *verunt
525 3771 600 3847 esse,
628 3791 666 3832 ert
693 3771 799 3833 summa
825 3771 882 3834 Dei
903 3769 1083 3847 perfeiiione
1104 3769 1258 3846 sequutur3

73 3884 151 3943 nuile
173 3881 306 3959 profesto
328 3881 394 3944 suna
414 3883 491 3944 ratio
512 3883 682 3960 persuadete
705 3883 791 3944 nobis
812 3881 930 3959 potest,
947 3897 980 3943 ut
997 3883 1160 3954 credamus,
1175 3883 1257 3956 quod

72 3997 156 4056 Deus
186 3993 313 4055 noluerit
345 3994 461 4070 omnia,
492 4013 558 4072 quo:
586 3995 615 4058 in
644 3995 697 4058 suo
725 3995 876 4056 intellectu
897 3995 983 4071 sunt,
1004 3997 1104 4056 cadem
1125 3993 1171 4054 illa
1192 4011 1256 4068 per·

74 4107 201 4170 sediione
212 4152 223 4182 ,
243 4125 301 4182 qua
322 4107 382 4184 ipsa
402 4107 540 4186 intelligit
551 4153 560 4183 ,
581 4125 686 4170 create.
708 4106 892 4185 dedicent,
916 4107 947 4168 in
968 4109 1054 4168 rebus
1074 4109 1181 4168 nullam
1202 4103 1256 4165 esse

74 4219 282 4296 perfectionem
304 4237 399 4297 neque
420 4219 685 4296 imperfectionem
707 4219 755 4280 sed
777 4219 823 4294 id,
841 4222 923 4295 quod
941 4220 970 4279 in
985 4219 1053 4296 ipsus
1068 4219 1258 4296 esi,propter

75 4335 157 4408 quod
180 4333 317 4408 perfecie
348 4330 413 4392 sunt
439 4349 490 4392 aut
515 4331 689 4408 imperfecte
700 4377 709 4406 ,
731 4348 762 4391 et
783 4334 868 4391 bonae
889 4347 940 4392 uut
961 4332 1042 4391 malae
1062 4330 1257 4405 dicuntur,u
