2934 4900
229 330 289 381 222
645 314 825 384 Ethices
852 315 920 384 Pars
941 316 995 383 1v'.

228 501 278 575 qui
309 502 345 561 ad
376 500 484 561 Odium
513 500 679 561 referuntur
705 502 754 562 vel
781 518 818 559 ex
839 503 943 562 eodem
965 500 1116 577 oriuntur,
1137 501 1202 561 mali
1224 502 1313 579 sunt;
1336 508 1429 580 quod

225 612 313 672 etiam
333 630 372 673 ex
392 612 479 687 Prop.
502 628 549 689 39.
570 632 600 689 p.
622 630 649 689 3.
670 626 701 673 et
722 613 810 689 Prop.
832 628 880 689 37.
901 612 990 691 hujus
1011 628 1104 690 patet.

610 774 960 820 coaouuxnrunr
993 760 1030 819 11.

266 868 417 949 Quicquid
444 888 482 928 ex
510 888 564 944 e0‚
592 872 673 945 quod
701 869 773 929 odio
802 870 896 931 affesli
919 871 1033 947 sumus,
1054 874 1237 949 appetimus,
1259 890 1374 951 turpe,
1399 894 1431 933 et

226 981 255 1042 in
284 982 414 1044 Civitate
443 981 578 1058 injustum
605 981 655 1041 est.
696 982 788 1063 Quod
815 983 902 1043 etiam
931 1000 1013 1059 patet
1042 1003 1079 1044 ex
1102 984 1188 1061 Prop.
1210 1004 1258 1063 39.
1280 1006 1315 1061 p.
1339 1005 1372 1062 3.
1397 1006 1429 1047 et

225 1114 262 1155 ex
283 1095 377 1155 Defin.
398 1094 492 1170 turpis
514 1109 544 1155 et
566 1093 680 1170 iniusti,
701 1112 774 1170 quas
795 1096 863 1156 vide
885 1096 914 1155 iu
937 1096 1064 1157 Scholiis
1085 1098 1172 1174 Prop.
1195 1115 1242 1174 37.
1264 1098 1375 1175 hujus.

689 1252 947 1297 scuouruu.

264 1351 344 1410 Inter
373 1348 533 1409 lrristoncm
565 1348 665 1426 (quant
694 1348 723 1407 in
756 1346 913 1408 1.Coroll.
945 1348 1045 1408 malam
1077 1347 1132 1409 elle
1164 1349 1239 1429 dixi)
1262 1365 1292 1410 et
1326 1352 1427 1413 risum

224 1478 353 1537 magnam
384 1460 512 1537 agnosco
543 1458 748 1520 differentiam.
789 1460 863 1519 Nam
895 1458 984 1535 risus,
1016 1477 1049 1521 ut
1077 1476 1107 1520 et
1132 1459 1237 1536 jocus,
1266 1480 1345 1521 mera
1382 1464 1428 1523 cst

224 1572 358 1647 Laetitia;
389 1574 539 1648 adeoque,
571 1574 660 1632 modo
691 1570 834 1632 excelsum
867 1590 927 1632 non
959 1546 1084 1646 habeat,
1112 1590 1164 1648 per
1194 1572 1221 1632 se
1250 1574 1352 1633 bonus
1380 1576 1425 1634 est

225 1684 296 1763 (per
315 1686 403 1763 Prop.
424 1700 473 1764 41.
495 1684 605 1763 liujus).
646 1682 729 1744 Nihil
750 1684 884 1758 profesto
905 1684 956 1744 nist
978 1700 1064 1747 torva
1086 1700 1116 1745 et
1137 1684 1223 1746 tristis
1245 1685 1425 1761 superstitio

223 1796 360 1858 delesiari
381 1796 527 1871 prohibet.
568 1798 643 1855 Nam
665 1795 716 1871 qui
738 1794 827 1871 magis
849 1796 934 1854 decet
956 1795 1060 1855 sttmem
1082 1811 1112 1855 et
1134 1793 1206 1855 htim
1227 1794 1425 1873 extinguere,

224 1924 310 1982 quant
341 1905 560 1966 melancholiam
588 1906 757 1980 expellere?
799 1906 868 1966 Mea
897 1906 959 1965 haec
988 1905 1029 1965 est
1057 1905 1150 1981 ratio,
1171 1922 1200 1966 et
1223 1905 1259 1966 hc
1281 1908 1420 1969 animum

223 2018 327 2079 induxi
358 2037 461 2079 meum.
503 2020 623 2079 Nullum
654 2036 779 2093 numen,
807 2036 861 2079 nec
890 2018 1293 2095 alius,nis1invidus,mea
1316 2018 1422 2095 impo-

225 2132 317 2192 tentia
335 2147 364 2192 et
383 2132 570 2192 incommodo
589 2132 762 2206 deleclatur,
781 2148 834 2191 nec
853 2130 940 2190 nobis
958 2130 1101 2206 lacrimas,
1120 2129 1261 2209 singultus
1267 2148 1423 2207 ,metum,

223 2261 252 2305 et
275 2244 329 2303 alia
359 2242 542 2319 hujusmodi,
573 2262 638 2319 quae
671 2242 757 2302 animi
786 2242 958 2317 impotentis
980 2242 1046 2303 sunt
1068 2240 1163 2321 signa,
1185 2244 1288 2305 virtuti
1311 2245 1420 2319 ducit;

223 2356 271 2417 sed
293 2373 412 2432 contra,
439 2374 500 2433 quo
528 2354 630 2431 majori
659 2354 778 2415 Laetitia
800 2354 940 2415 afficimur
947 2400 956 2430 ,
979 2373 1016 2415 eo
1038 2358 1075 2416 ad
1096 2355 1232 2433 majorem
1254 2358 1419 2432 perfestio·

223 2487 287 2530 nem
316 2468 483 2545 transimus,
512 2468 569 2528 hoc
597 2468 653 2543 eil,
682 2485 719 2527 co
746 2487 801 2529 nos
823 2468 913 2546 magis
934 2471 970 2530 de
992 2485 1093 2531 natura
1115 2470 1215 2532 divina
1235 2471 1418 2548 participare

223 2579 333 2642 necesse
354 2583 404 2643 est.
445 2584 548 2643 Rebus
568 2581 668 2656 itaque
690 2581 750 2656 uti,
772 2596 802 2641 et
823 2581 874 2656 iis,
894 2597 1037 2658 quantum
1058 2582 1119 2643 lieri
1142 2583 1252 2659 potest,
1273 2585 1416 2643 delestati

224 2694 299 2770 (non
320 2694 438 2771 quidem
459 2697 496 2756 ad
517 2692 650 2754 nauseam
672 2691 781 2769 usque,
802 2711 866 2752 nant
887 2693 945 2752 ltoc
967 2693 1101 2755 delesinri
1122 2711 1182 2754 non
1204 2694 1270 2772 est),
1291 2693 1348 2755 viri
1374 2695 1416 2754 est

223 2803 371 2880 sapientis.
412 2805 494 2880 Viri,
525 2805 662 2881 inquam,
692 2804 831 2880 sapientis
864 2804 920 2879 est,
953 2807 1104 2866 moderato
1127 2821 1156 2865 et
1178 2805 1259 2866 suavi
1288 2805 1359 2865 cibo
1384 2822 1416 2866 et

222 2933 299 2994 potu
325 2918 354 2978 se
381 2919 498 2978 relicere
526 2933 557 2977 et
585 2934 728 2991 recreare,
758 2932 791 2976 ut
821 2931 850 2975 et
879 2915 1039 2992 odoribus,
1067 2919 1229 2991 plantatum
1250 2916 1416 2978 virentium

223 3029 408 3103 amenitate,
439 3045 563 3105 ornatu,
594 3029 713 3100 musica,
746 3027 822 3088 ludis
854 3027 1087 3104 exercitatoriis,
1120 3029 1258 3102 theatris,
1286 3043 1316 3088 et
1346 3029 1416 3090 aliis

222 3141 401 3217 hujusmodi,
422 3141 531 3217 quibus
552 3139 749 3216 unusquisque
772 3139 881 3216 absque
903 3141 964 3200 ullo
986 3141 1106 3202 alterius
1127 3143 1234 3202 damno
1245 3141 1290 3202 uti
1300 3143 1414 3218 potest.

223 3253 340 3330 Corpus
361 3273 485 3329 namque
506 3254 663 3314 humanum
685 3271 721 3312 ex
744 3253 874 3328 plurimis
896 3253 1016 3314 diversae
1038 3270 1149 3316 naturae
1171 3253 1303 3329 partibus
1328 3273 1413 3314 com·

223 3365 359 3440 ponitur,
388 3385 453 3441 quae
481 3365 625 3426 contiuuo
654 3383 736 3426 novo
765 3365 904 3426 alimento
931 3365 1061 3444 indigent
1084 3383 1113 3427 et
1135 3365 1235 3440 vario,
1255 3382 1288 3427 ut
1310 3382 1412 3429 totum

223 3477 340 3552 Corpus
360 3480 397 3537 ad
419 3477 534 3551 omnia,
561 3494 626 3552 quae
647 3495 684 3536 ex
705 3477 794 3554 ipsius
816 3492 917 3539 natura
940 3478 1021 3554 sequi
1042 3478 1176 3554 poliunt,
1202 3497 1284 3556 aeque
1305 3495 1412 3555 aptum

222 3587 273 3665 stt,
301 3605 330 3650 et
358 3589 573 3665 consequenter
600 3604 633 3649 ut
663 3591 751 3650 Mens
778 3590 866 3650 etiam
895 3607 978 3667 aeque
1007 3606 1074 3667 apta
1103 3590 1137 3651 stt
1166 3594 1202 3652 ad
1224 3593 1305 3666 plura
1328 3591 1412 3652 simul

223 3701 451 3779 intelligendum.
493 3703 560 3760 Hoc
582 3701 681 3777 itaque
704 3701 825 3762 vivendi
853 3702 1016 3763 institutum
1038 3719 1068 3763 et
1089 3721 1155 3764 cum
1176 3702 1279 3764 nostris
1301 3703 1411 3778 princi-

221 3811 279 3888 piis
308 3827 339 3872 et
367 3831 432 3872 cunr
460 3811 607 3871 communi
635 3811 719 3887 praxi
747 3812 859 3887 optime
888 3814 1047 3888 convenit;
1076 3833 1181 3890 quate,
1209 3814 1315 3890 stquae
1337 3816 1411 3888 alia,

222 3925 285 3984 haec
307 3923 428 3984 vivendi
449 3923 525 3982 ratio
546 3922 657 3999 optima
679 3922 737 3997 est,
759 3939 789 3984 et
811 3923 946 3986 omuibus
968 3926 1063 3986 modis
1085 3928 1332 4002 commendanda;
1355 3945 1410 3988 nec
1444 3989 1445 4002 ¹

224 4053 300 4111 opus
323 4034 363 4094 est
384 4037 419 4095 de
440 4033 485 4094 his
507 4033 611 4094 clarius
632 4053 728 4111 neque
751 4035 894 4110 prolixius
915 4055 1008 4115 agere.

574 4190 902 4252 PROPOSITIO
943 4191 1050 4252 XLVl.

265 4317 322 4392 Qui
350 4334 387 4374 ex
416 4317 500 4375 dulia
530 4318 667 4377 Rationis
694 4323 790 4392 vivit,
818 4331 955 4394 quantum
972 4319 1062 4396 potest
1081 4327 1212 4394 conatur,
1231 4321 1359 4382 alterius
1379 4329 1411 4384 in
