2934 4900
225 312 284 377 190
640 298 822 361 Ethices
848 296 918 361 Pars
938 296 991 361 IV.

217 474 404 555 perfidiores
423 489 477 535 aut
496 440 719 554 imperseiliores
739 476 877 551 diunius,
898 486 1039 551 quatenus
1057 474 1100 532 ad
1113 470 1166 533 stoc
1180 474 1254 532 idem
1265 472 1417 550 amplat

220 590 315 663 inagis
344 600 398 647 aret
425 590 519 647 nimis
548 588 694 647 accedunt.
736 588 817 647 Nara
840 591 972 666 apprime
998 586 1152 646 notandum
1176 584 1230 663 est,
1250 602 1313 645 curn
1336 586 1417 657 dico,

222 699 376 777 aliquema
390 703 498 760 minore
517 701 561 759 aei
577 699 715 775 majorem
728 697 929 777 perfesionetn
950 697 1092 777 transtre,
1112 710 1140 757 et
1160 710 1276 772 contra,
1295 716 1340 755 me
1358 716 1416 755 non

220 813 396 887 intelligere,
418 813 494 889 qudd
510 832 548 873 en
565 832 625 873 unu
644 812 762 891 effentin
776 813 833 888 seu
845 811 947 889 sonna
968 816 1000 871 in
1019 814 1109 873 aliani
1129 824 1281 883 mutatum
1308 812 1416 887 Equus

220 942 342 1001 numque
368 943 413 984 ex.
430 943 481 1000 gr.
502 939 563 985 tant
590 924 760 1003 destruitur,
777 924 812 1001 ¹ſs
837 928 870 985 in
897 922 1049 999 hominem,
1078 923 1205 1001 quoiast
1223 926 1255 981 in
1273 922 1415 999 insudans

219 1048 365 1108 rnutetur,·
388 1037 448 1113 sed
479 1038 555 1113 quid
582 1036 643 1112 ejus
672 1038 780 1112 agendi
805 1040 979 1115 potentiam,
1008 1048 1148 1113 quatenus
1169 1033 1303 1115 lantper
1322 1033 1415 1111 ipfius

218 1162 357 1209 naturam
383 1150 569 1224 intelligitur,
595 1153 702 1225 augeri
720 1150 770 1208 uei
787 1152 879 1209 nainui
897 1152 1076 1227 concipimus.
1117 1148 1247 1223 Denique
1263 1160 1319 1225 per
1337 1159 1411 1225 per·

214 1258 364 1336 seiiionern
383 1264 536 1336 ingerere
557 1263 735 1338 renitentem,
755 1265 801 1321 uti
820 1264 900 1336 dini,
919 1262 1097 1336 intelligam
1117 1258 1167 1321 stoc
1186 1261 1238 1339 est,
1256 1264 1300 1319 rei
1313 1260 1412 1336 cujus-

222 1392 329 1449 cunque
347 1372 510 1453 effentiarn,
532 1388 671 1451 quatenns
691 1388 767 1435 certo
787 1376 864 1435 noto
885 1375 983 1452 existit
1002 1388 1029 1435 et
1048 1386 1204 1453 operatur,
1224 1373 1303 1433 nulia
1324 1372 1415 1450 ipfios

221 1485 385 1545 durationis
414 1484 519 1545 habita
550 1490 672 1547 ratione.
702 1488 784 1549 Nam
814 1488 895 1547 nulla
916 1506 962 1547 res
978 1486 1140 1565 stragulatis
1155 1485 1246 1565 potest
1266 1486 1330 1545 ideo
1352 1486 1415 1543 dici

217 1594 384 1675 Wfssffivfi
406 1599 561 1677 priapus
580 1604 714 1678 temporis
734 1605 767 1658 in
786 1600 928 1678 explendo
944 1600 1167 1679 persiuerauitp
1189 1600 1293 1677 quippe
1313 1614 1414 1655 rerunt
1452 1628 1453 1641 .

221 1708 337 1769 duratio
368 1728 404 1768 ex
433 1729 534 1770 earum
563 1710 680 1789 effantia
710 1713 902 1773 determinari
929 1716 1047 1791 nequit‚·
1067 1709 1292 1789 quandoquidem
1312 1726 1414 1767 rerum

221 1822 336 1899 effentia
355 1824 464 1883 nullutn
488 1836 596 1883 certum
620 1839 648 1884 et
668 1826 890 1885 determinatum
911 1824 1050 1901 existendi
1069 1835 1178 1902 tenipus
1197 1821 1342 1891 tnsolote,·
1356 1822 1415 1896 sed

222 1952 269 1992 rer
299 1952 483 2013 quacunque,
508 1935 571 2013 five
601 1956 635 1997 ec
661 1934 820 2016 perfessior
845 1936 899 2015 stt,
924 1937 987 2014 five
1016 1940 1129 2011 minus,
1158 1936 1253 1994 eadem
1277 1937 1326 2009 ui,
1353 1953 1412 2009 qua

222 2046 341 2123 existere
360 2050 479 2127 incipit,
491 2050 608 2127 semper
628 2053 660 2108 in
680 2050 821 2128 existendo
838 2049 1034 2129 perseverare
1050 2050 1176 2128 poterit,
1199 2050 1245 2106 ita
1265 2060 1298 2105 ut
1318 2064 1412 2105 ornnes

221 2156 277 2218 hac
295 2164 328 2219 in
348 2180 380 2219 re
401 2164 523 2239 aquales
537 2161 606 2239 fiat.

611 2292 1019 2353 DEFINITIONES.

262 2386 285 2445 1.
313 2386 368 2447 Per
387 2389 499 2451 bonum
520 2389 551 2452 id
571 2388 748 2468 intelligam,
769 2392 851 2466 quod
872 2404 954 2450 certo
977 2387 1081 2450 scimus
1102 2386 1189 2447 nobis
1210 2384 1264 2447 esse
1285 2386 1369 2447 utile.

262 2501 299 2560 ll.
331 2501 385 2562 Per
404 2503 510 2564 malum
532 2503 697 2580 autemid,
719 2505 801 2580 quod
822 2518 904 2564 certo
926 2501 1031 2562 scimus
1052 2499 1208 2575 impedire,
1229 2515 1290 2575 quo
1312 2497 1410 2556 minus

222 2614 294 2674 boni
315 2614 438 2691 alicujus
457 2615 543 2679 fimus
562 2631 726 2693 compotes.

261 2722 320 2806 (De
340 2725 386 2790 lsis
405 2730 620 2804 procedentem
638 2729 709 2792 vide
729 2729 932 2804 praefationem
954 2727 1006 2789 sub
1026 2727 1136 2804 finem.)

262 2839 314 2898 Ill.
346 2841 407 2901 Res
438 2840 593 2920 singulares
623 2861 703 2904 voco
735 2843 958 2921 contingentes,
980 2855 1143 2916 quatenus,
1163 2839 1231 2900 dum
1253 2839 1290 2898 ad
1310 2855 1410 2896 earum

201 2949 310 3011 'solam
331 2949 477 3014 essentiam
499 2954 695 3029 attendimus,
715 2955 787 3018 nihil
808 2954 990 3030 invenimus,
1011 2954 1093 3028 quod
1111 2968 1207 3012 earum
1227 2948 1410 3010 existentiam

222 3061 378 3131 necessario
399 3079 509 3140 ponat,
529 3067 579 3127 vel
599 3068 681 3142 quod
702 3065 791 3142 ipsam
813 3065 968 3128 necessario
990 3065 1128 3126 secludat.

262 3175 315 3234 lV.
334 3174 458 3238 Easdem
476 3194 521 3240 res
539 3177 694 3257 singulares
711 3198 790 3246 voco
809 3179 965 3255 possibiles,
982 3193 1140 3255 quatenus,
1156 3177 1224 3238 dum
1244 3175 1280 3234 ad
1297 3174 1412 3249 causas,

221 3305 260 3348 er
290 3287 398 3364 quibus
429 3291 553 3366 produci
586 3293 712 3367 debent,
743 3290 938 3366 attendimus,
969 3289 1112 3350 nescimus
1119 3334 1128 3365 ,
1156 3307 1193 3348 an
1220 3286 1289 3364 ipsae
1311 3289 1410 3349 deter-

220 3399 336 3462 minatae
356 3399 411 3463 sant
432 3405 470 3466 ad
488 3403 603 3464 easdem
624 3405 855 3478 producendum.

261 3509 310 3588 (ln
340 3513 438 3574 schol.
470 3531 494 3574 1.
521 3515 609 3590 Prop.
639 3533 687 3592 33.
709 3535 738 3592 p.
763 3532 788 3576 1.
809 3515 885 3576 inter
905 3515 1035 3591 possibile
1056 3529 1086 3574 et
1104 3512 1280 3590 contingens
1300 3513 1409 3572 nullam

221 3622 279 3684 feci
306 3624 516 3701 differentiam,
543 3627 612 3703 quia
641 3627 683 3688 ibi
704 3645 765 3688 non
787 3646 864 3702 opus
885 3642 947 3688 erat
968 3627 1030 3690 haec
1052 3642 1186 3688 accurrate
1207 3625 1408 3703 distinguere.)

262 3737 301 3797 V.
331 3737 386 3798 Per
416 3739 586 3800 contrarios
615 3740 736 3803 affesius
764 3741 794 3802 in
817 3740 896 3818 seqq.
919 3739 1078 3819 intelligam
1100 3758 1169 3812 eos,
1190 3737 1240 3814 qui
1260 3738 1408 3798 hominem

221 3848 366 3911 diversum
404 3851 541 3928 trahunt,
579 3852 713 3929 quamvis
748 3852 874 3929 ejusdem
906 3851 960 3913 sant
991 3850 1121 3930 generis,
1152 3865 1186 3922 ut
1216 3848 1347 3910 luxuries
1379 3865 1409 3908 et

222 3961 360 4037 avaritia,
380 3981 446 4039 quae
468 3964 573 4027 amoris
594 3965 661 4029 sunt
682 3965 810 4042 speciem
831 3983 885 4026 nec
906 3969 1025 4042 natura,
1045 3962 1094 4024 sed
1115 3979 1167 4039 per
1186 3962 1323 4023 accidens
1342 3963 1409 4022 sunt

221 4075 370 4136 contrarii.

260 4189 315 4250 Vl.
335 4189 417 4272 Quid
437 4209 489 4267 pet
508 4191 642 4254 arenam
662 4209 728 4271 erga
750 4209 809 4253 retn
831 4191 968 4265 futuram,
986 4188 1166 4265 praesentem,
1183 4203 1214 4248 et
1232 4188 1409 4264 praeteritam

220 4298 399 4381 intelligam,
418 4303 548 4377 esplieui
567 4302 598 4364 in
619 4304 716 4365 Schol.
741 4321 765 4364 r.
787 4318 817 4364 et
839 4321 868 4364 a.
889 4303 976 4378 Prop.
1001 4302 1046 4362 18.
1068 4322 1097 4378 p.
1120 4319 1162 4378 3.,
1184 4303 1267 4379 quod
1288 4302 1370 4364 vide.

1441 4425 1453 4498 ‘l
