2934 4900
128 346 132 369 t
183 330 242 408 390
656 316 893 393 Tractatui

178 503 243 585 jura
271 507 376 585 populi
403 510 441 570 ab
468 508 525 569 alio
553 507 674 569 minoris
701 506 890 570 authoritatis
919 506 1068 583 instituta,
1095 520 1126 568 et
1152 504 1367 568 multominus
1455 533 1456 536 ¹

182 620 308 681 animum
338 618 474 682 inducere
503 622 539 683 ad
571 620 684 682 easdem
716 621 949 698 defendendum,
978 618 1136 696 presertim
1166 618 1236 696 quia
1266 617 1298 679 in
1328 616 1367 677 iis

180 730 365 793 instituendis
396 732 474 793 nulla
504 732 579 793 ratio
610 732 717 811 Regis,
748 730 799 793 sed
827 747 941 793 tantum
961 731 1066 809 populi
1087 732 1135 796 vel
1155 728 1293 805 concilii,
1313 728 1366 806 qui

180 862 298 923 regnum
320 858 420 905 tenere
440 846 582 921 putabat,
601 844 702 905 haberi
723 844 842 921 potuit,
863 859 952 920 atque
973 844 1049 906 adeo
1071 844 1156 919 Rex,
1172 842 1239 919 J'ura
1259 840 1366 917 populi

181 956 302 1033 antiqua
333 958 537 1035 defendendo,
569 956 632 1034 ejus
664 956 766 1033 potius
796 957 896 1019 servus
926 974 1013 1034 quam
1040 955 1177 1017 dominus
1203 954 1365 1018 videretur.

181 1067 290 1131 Novus
311 1085 380 1147 ergo
401 1068 563 1129 Monarcha
584 1068 695 1129 summo
716 1068 812 1130 studio
833 1086 927 1131 novas
946 1069 1026 1147 leget
1045 1066 1170 1128 statuere
1190 1064 1366 1139 conabitur,

182 1194 212 1240 et
231 1178 296 1256 jura
315 1179 428 1256 imperii
448 1180 478 1242 in
499 1180 580 1243 suum
600 1181 682 1243 usum
703 1181 877 1257 reformare,
898 1194 929 1242 et
949 1181 1092 1257 populum
1112 1197 1149 1240 eo
1170 1178 1317 1257 redigere,
1332 1191 1366 1237 ut

181 1308 242 1352 non
263 1306 322 1352 tam
342 1292 426 1353 facile
448 1293 581 1372 Regibus
602 1293 774 1373 dignitatem
795 1292 919 1354 adimere
939 1292 1025 1369 poiiit
1046 1308 1133 1368 quam
1152 1291 1231 1352 dare,

219 1406 263 1466 At
283 1404 331 1465 hic
352 1406 497 1481 preterire
518 1425 701 1483 nequaquam
723 1406 850 1483 possum,
871 1425 932 1468 non
953 1405 1049 1467 minut
1070 1403 1265 1481 periculosum
1276 1402 1365 1463 etiam

181 1514 237 1577 effe
268 1516 458 1578 Monarcham
480 1536 496 1578 a
515 1518 612 1579 medio
644 1519 763 1595 tollere,
794 1518 906 1580 ramerii
937 1517 1075 1579 omnibus
1105 1516 1200 1578 modis
1233 1515 1365 1589 constet,

181 1631 304 1691 eundem
334 1644 490 1709 tyrannum
520 1630 586 1692 effe.
626 1632 703 1693 Nam
732 1632 864 1707 populus
895 1630 982 1709 regiae
1012 1626 1186 1691 authoritati
1216 1626 1365 1702 assuetus,

180 1759 273 1818 eaque
304 1739 365 1803 sola
395 1756 545 1820 retentus,
576 1742 716 1804 minorem
748 1756 920 1803 contemnet
951 1756 982 1802 et
1011 1739 1140 1802 ludibrio
1171 1738 1311 1815 habebit;
1331 1756 1365 1798 ac

181 1852 320 1930 proinde,
339 1852 360 1914 fi
381 1852 604 1915 unumemedio
625 1856 726 1930 tollat,
748 1852 858 1915 necesse
880 1850 933 1929 ipii
954 1850 1023 1928 erit,
1045 1864 1079 1913 ut
1099 1851 1169 1912 olim
1189 1848 1365 1925 Prophetis,

182 1964 269 2027 alium
296 1966 364 2026 loco
392 1964 498 2041 prioris
525 1966 646 2046 eligere,
674 1966 725 2044 qui
747 1985 808 2027 non
828 1965 952 2042 sponte,
972 1962 1022 2025 sed
1042 1962 1200 2025 necessario
1221 1976 1366 2041 tyranrms

183 2076 246 2137 erit.
286 2078 362 2137 Nam
393 2096 450 2153 qua
481 2077 595 2139 ratione
624 2078 724 2142 videre
756 2078 869 2155 poterit
899 2077 1008 2141 civium
1038 2094 1140 2137 manus
1170 2076 1251 2135 cade
1286 2073 1365 2152 regia

181 2202 363 2265 cruentatas,
385 2187 494 2266 eosque
515 2189 687 2266 parricidio,
708 2206 847 2268 tanquam
868 2208 898 2251 re
918 2192 995 2251 bene
1015 2189 1106 2268 gesta,
1127 2186 1267 2267 gloriari?
1282 2188 1366 2263 quod

182 2319 260 2377 non,
285 2300 337 2363 nisi
365 2304 402 2363 ad
429 2305 593 2379 exemplum
621 2304 651 2365 in
679 2303 773 2381 ipsum
800 2303 893 2367 solum
921 2304 1122 2377 statuendum,
1148 2297 1366 2361 commiserunt

181 2411 383 2490 Sane,iiRex
404 2412 459 2476 eise
479 2415 562 2491 vult,
582 2433 637 2477 nec
659 2417 802 2492 populum
823 2416 939 2495 Regum
956 2412 1085 2492 judicem
1106 2410 1248 2489 suumque
1269 2408 1365 2474 domi·

181 2543 249 2586 num
270 2524 437 2604 agnoscere,
458 2544 511 2587 nec
532 2527 663 2603 precario
684 2545 817 2606 regnare,
838 2526 945 2604 prioris
959 2541 1082 2586 mortem
1092 2523 1243 2588 vindicare
1260 2525 1367 2600 debet,

180 2653 211 2699 et
231 2653 334 2700 contra
354 2637 397 2700 sui
419 2639 504 2701 causa
524 2641 687 2716 exemplum
708 2641 850 2717 statuere,
875 2658 913 2702 ne
933 2640 1065 2717 populus
1085 2638 1189 2700 iterum
1211 2639 1271 2699 tale
1291 2637 1365 2698 faci·

180 2769 235 2813 nus
256 2751 437 2812 committere
459 2755 575 2814 audeat.
616 2756 658 2815 At
680 2768 803 2816 mortem
831 2751 948 2831 tyranni
970 2751 1080 2815 civium
1101 2761 1173 2812 nece
1195 2768 1256 2811 non
1278 2749 1365 2810 facile

180 2862 328 2927 vindicare
349 2863 477 2942 poterit,
498 2863 550 2925 nist
570 2864 652 2926 iimul
673 2865 802 2942 ejusdem
821 2864 926 2941 prioris
944 2863 1061 2945 tyranni
1078 2862 1192 2925 causam
1209 2863 1367 2938 defendat,

181 2975 301 3053 ejusque
323 2978 397 3039 faeta
418 2980 621 3054 approbet,et
632 2977 848 3054 consequenter
869 2976 966 3037 omnia
987 2975 1094 3052 prioris
1113 2973 1231 3054 tyranni
1242 2973 1366 3052 vestigia

181 3085 327 3164 sequatur.
367 3087 444 3149 Hinc
476 3087 565 3168 igitur
595 3090 719 3167 fautum,
746 3103 782 3150 ut
808 3083 937 3165 popului
964 3087 1041 3163 saepe
1068 3087 1185 3163 quidem
1206 3100 1366 3164 tyrannum

180 3214 309 3275 mutare,
335 3215 365 3260 at
393 3218 540 3278 nunquam
568 3203 687 3279 tollere,
713 3220 769 3262 nec
796 3200 946 3277 imperium
977 3198 1192 3262 monarchicum
1221 3198 1253 3258 in
1284 3196 1366 3258 aliud

181 3311 301 3374 alterius
323 3311 423 3373 forme
444 3327 556 3375 mutare
577 3314 718 3390 potuerit.
760 3313 857 3390 Hujus
877 3313 920 3374 rei
940 3313 1028 3374 fatale
1048 3312 1214 3388 exemplum
1233 3311 1367 3387 populus

178 3422 358 3502 Anglicanus
386 3423 486 3500 dedit,
514 3423 565 3502 qui
595 3425 696 3486 causat
724 3424 876 3502 quaefivit,
903 3424 1011 3503 quibus
1039 3422 1135 3500 specie
1152 3422 1228 3500 juria
1248 3439 1365 3484 monar-

178 3535 260 3597 tham
282 3553 297 3596 e
319 3535 416 3599 medio
447 3537 581 3614 tolleret3
610 3551 657 3614 at,
686 3555 723 3599 eo
752 3537 887 3612 sublato,
913 3536 986 3598 nihil
1012 3535 1108 3597 minut
1127 3536 1223 3595 facere
1244 3533 1367 3611 potuit,

179 3664 264 3725 quam
293 3648 414 3708 formam
441 3647 553 3723 imperii
581 3665 708 3725 mutare,
738 3649 788 3711 sed
816 3647 882 3725 post
909 3650 1031 3709 multum
1051 3647 1219 3727 sanguinem
1240 3646 1365 3709 effusum

178 3755 236 3821 huc
268 3775 441 3836 perventum
473 3760 533 3838 est,
564 3775 598 3823 ut
630 3779 727 3825 novus
758 3760 913 3822 monarcha
943 3759 1002 3821 alio
1034 3759 1152 3820 nomine
1190 3758 1365 3822 salutaretur

180 3869 273 3949 (quaii
301 3887 367 3934 tota
396 3870 518 3950 questio
546 3873 582 3934 de
612 3871 674 3933 solo
697 3872 816 3933 nomine
837 3869 968 3952 fuisset);
989 3871 1040 3948 qui
1062 3871 1140 3932 nulla
1159 3871 1277 3932 ratione
1298 3887 1364 3948 per·

179 3977 271 4043 sistere
292 3999 428 4060 poterat,
449 3979 501 4044 niss
522 3983 636 4060 stirpem
657 3983 764 4064 regiam
786 3983 905 4061 penitus
925 3985 1070 4060 delendo,
1090 3983 1166 4064 regie
1186 3983 1298 4045 amicos
1317 3985 1365 4047 tel

179 4091 305 4156 amicitia
326 4095 475 4172 suspeiios
495 4097 645 4173 necando,
666 4111 696 4157 et
718 4096 814 4157 otium
834 4096 933 4174 pacit,
954 4093 1119 4157 rumoribus
1139 4110 1263 4172 aptum,
1283 4096 1364 4156 bello

179 4201 382 4284 disturbando,
403 4221 437 4270 ut
458 4209 558 4286 plebs,
579 4208 667 4274 novis
688 4211 775 4271 rebus
795 4221 941 4286 occupata
962 4225 994 4270 et
1016 4207 1146 4286 intenta,
1161 4207 1363 4286 cogitationes

179 4313 215 4376 de
236 4315 314 4372 cade
335 4313 411 4392 regia
433 4315 490 4376 alio
510 4313 679 4381 diverteret.
720 4319 793 4380 Sero
826 4318 917 4398 igitur
937 4317 1144 4382 animadvertit
1165 4320 1313 4397 populus,
1333 4317 1362 4378 se
