2934 4900
265 346 322 422 308
622 346 859 408 Tractatus
899 346 1086 408 Politici

263 522 440 595 habeantur,
468 535 497 580 ct
527 520 606 582 omni
627 520 771 601 dignitate
793 520 921 601 indigni;
949 541 1003 582 nec
1024 536 1176 599 parentum
1197 523 1329 585 haeredes
1358 514 1451 602 agno}

263 632 396 707 scantur,
417 632 466 694 sed
488 650 587 693 eorum
608 636 687 693 bona
708 636 745 695 nd
765 636 877 712 Regem
898 636 1029 695 redeant.
1450 608 1451 619 ἶ

209 786 215 797 .
303 742 330 823 §.
350 744 417 804 XV.
458 744 550 823 Regis
577 760 715 820 praeteren
742 744 922 821 Confiliarii,
951 746 1002 823 qui
1030 746 1056 807 ci
1085 746 1212 822 proximi
1232 749 1280 809 vel
1300 746 1444 826 dignitate

261 854 380 916 secundi
407 855 491 929 sunt,
519 856 614 931 plures
642 855 696 917 elie
724 858 850 933 debent,
878 873 908 918 et
937 876 998 918 non
1026 857 1077 919 nist
1106 877 1144 919 ex
1165 858 1281 921 civibus
1302 860 1444 937 eligendi;

261 987 364 1045 nempe
386 987 422 1029 ex
443 986 618 1047 unaquaque
647 970 755 1031 familia
781 986 841 1031 tres
863 986 914 1032 atat
934 988 1062 1047 quatuor
1082 987 1133 1032 aut
1154 972 1284 1049 quinque
1304 972 1343 1050 (st
1365 973 1443 1032 fami-

261 1080 306 1141 liae
327 1098 387 1142 non
408 1081 505 1157 plures
527 1100 611 1158 quam
635 1081 779 1143 sexcentae
801 1082 924 1163 fuerint)
931 1128 941 1160 ,
969 1082 1020 1159 qui
1043 1082 1123 1145 simul
1143 1102 1232 1144 unum
1252 1082 1342 1159 hujus
1365 1085 1443 1145 Con·

260 1192 318 1254 cilii
345 1197 501 1256 membrum
530 1194 726 1271 constituent3
754 1213 815 1257 non
844 1198 880 1257 ad
908 1195 1015 1271 vitam,
1044 1196 1093 1258 sed
1113 1195 1143 1256 in
1164 1211 1223 1257 tres
1243 1212 1295 1258 aut
1315 1213 1445 1272 quatuor

260 1320 311 1366 aut
338 1306 469 1384 quinque
498 1324 607 1382 artnos,
635 1306 676 1367 ita
697 1322 730 1368 ut
752 1306 870 1387 fingulis
899 1308 982 1370 annis
1007 1326 1107 1369 eorum
1128 1307 1232 1382 tertia,
1252 1322 1373 1384 quarta,
1396 1323 1443 1368 aut

260 1416 361 1494 quinta
392 1436 459 1494 pars
489 1435 568 1480 nova
599 1416 740 1497 eligatur,
767 1418 797 1478 in
827 1438 885 1495 qua
913 1419 1056 1481 electione
1077 1434 1175 1481 tamen
1195 1418 1324 1495 apprime
1345 1421 1444 1480 obser-

260 1532 404 1606 vandum,
435 1546 469 1592 ut
501 1548 538 1591 ex
568 1548 745 1607 unaquaque
777 1530 883 1591 familia
915 1549 992 1593 unus
1013 1533 1050 1592 ad
1071 1529 1220 1591 minimum
1236 1528 1311 1605 juris
1332 1531 1445 1605 perittu

259 1641 445 1703 Conliliarius
467 1642 598 1721 eligatur.

300 1750 317 1831 §
338 1752 419 1811 XVI.
460 1752 531 1811 Haec
553 1750 657 1811 electio
679 1753 714 1811 ab
737 1750 801 1827 ipso
822 1753 905 1830 Rege
926 1752 988 1812 fieri
1009 1754 1111 1827 debet;
1132 1751 1180 1812 tui
1201 1751 1363 1813 constituto
1376 1752 1443 1813 anni

259 1878 390 1939 tempore
402 1908 411 1939 ,
448 1880 509 1939 quo
540 1862 650 1923 scilicet
682 1863 754 1925 novi
786 1862 949 1925 Consrliarii
981 1861 1106 1942 eligendi
1136 1862 1222 1938 sunt,
1257 1880 1451 1939 unaquaeque

259 1974 364 2035 familia
393 1973 521 2035 omnium
550 1973 666 2037 suorum
694 1973 802 2037 civium
824 1974 959 2049 nomina,
981 1974 1032 2051 qui
1054 1977 1090 2035 ad
1111 1993 1216 2035 artnum
1237 1974 1451 2052 quinquagefi-⁴

258 2103 334 2145 nrum
356 2084 451 2144 aetatis
478 2102 692 2162 pervenerunt,
720 2100 750 2146 et
772 2084 824 2162 qui
844 2084 932 2161 hujus
953 2084 1044 2147 officii
1066 2084 1213 2146 candidati
1234 2083 1290 2144 rite
1310 2085 1441 2160 promoti

258 2198 392 2271 fuerunt,
421 2195 497 2274 Regi
525 2200 638 2259 tradere
665 2198 772 2271 debet,
794 2198 960 2273 exquibus
981 2215 1068 2274 quem
1090 2195 1177 2271 velit,
1197 2197 1265 2256 Rea
1285 2194 1394 2273 eliget;
1414 2214 1442 2255 at

258 2326 294 2367 eo
324 2325 418 2383 anno,
446 2326 507 2384 quo
536 2307 658 2384 alicujus
687 2308 802 2372 familiae
827 2308 901 2385 jutis
927 2309 1039 2385 peritus
1059 2308 1141 2370 alteri
1162 2308 1314 2369 succedere
1336 2310 1443 2381 debet,

253 2419 328 2496 juris
359 2420 518 2496 peritorum
550 2435 664 2482 tantum
694 2420 813 2482 nomint
844 2420 910 2484 sunt
942 2420 1018 2500 Regi
1051 2422 1201 2482 tradenda.
1241 2420 1302 2501 Qui
1332 2420 1442 2482 statuto

257 2548 389 2608 tempore
419 2533 518 2593 officio
547 2534 606 2594 hoc
627 2532 789 2594 Confiliarii
810 2533 903 2595 santii
924 2534 1008 2609 sunt,
1029 2533 1060 2594 in
1082 2535 1184 2594 codem
1204 2533 1372 2594 continuari
1394 2553 1442 2593 ne-

259 2660 390 2722 queant,
420 2664 473 2705 nec
506 2649 542 2707 ad
573 2647 740 2725 catalogum
772 2647 970 2724 eligendorum
1003 2645 1206 2723 quinquennio
1238 2659 1289 2707 aut
1320 2639 1451 2721 amplius'

257 2757 363 2817 referri.
406 2755 499 2816 Causa
531 2773 645 2833 autem,
677 2776 729 2818 cur
760 2757 871 2819 netelie
901 2757 937 2818 lit
965 2758 1082 2836 singulis
1103 2757 1186 2818 annis
1207 2775 1245 2817 en
1266 2774 1442 2832 unaquaque

257 2867 361 2929 familia
384 2886 471 2928 unum
494 2867 616 2946 eligere,
643 2869 700 2944 est,
728 2887 765 2929 ne
786 2868 952 2930 Concilium
969 2869 1029 2945 jam
1051 2887 1088 2929 ex
1109 2867 1270 2944 inexpertis
1289 2867 1442 2939 Novitiis,

253 2984 312 3060 jam
341 3003 378 3043 er
405 2982 554 3043 Veterttis
582 2998 611 3043 et
640 3001 731 3045 rerum
761 2983 892 3060 expertis
920 2999 1160 3061 componeretur,
1181 2986 1263 3059 quod
1282 2983 1441 3043 necessario

256 3099 338 3157 lieret
352 3094 414 3172 ’,ᾗ
433 3113 534 3156 omncs
555 3094 635 3156 fimul
656 3099 842 3174 recederent,
860 3110 891 3156 et
913 3095 985 3157 novi
1005 3096 1203 3157 succederent.
1224 3093 1442 3172 Sedfisrngulis

256 3209 339 3270 annis
370 3227 406 3269 ex
438 3226 613 3284 unaquaque
631 3207 752 3268 ,familia
784 3227 859 3270 unus
891 3208 1034 3286 eligatur,
1059 3224 1122 3268 tum
1149 3225 1210 3268 non
1239 3205 1290 3267 nist
1319 3205 1441 3282 quinta,

254 3335 373 3397 quarta,
391 3335 441 3381 aut
461 3323 497 3381 ad
516 3321 654 3382 summum
674 3319 759 3381 tertia
779 3320 906 3381 Concilii
925 3337 991 3397 pars
1009 3338 1046 3380 en
1063 3318 1197 3382 Novitiis
1214 3319 1279 3379 erit.
1298 3320 1441 3378 Praeterea

253 3431 379 3508 srRex,
409 3431 472 3493 aliis
503 3432 631 3510 negotiis
663 3432 839 3509 impeditus,
870 3446 922 3493 aut
951 3431 1006 3493 alia
1035 3434 1072 3493 de
1093 3432 1194 3508 causa,
1213 3430 1283 3493 huic
1303 3429 1440 3491 eledioni

254 3563 357 3607 vacare
378 3545 555 3622 aliquamdiu
576 3564 636 3606 non
661 3547 763 3620 poliat,
791 3561 853 3606 tum
880 3543 933 3620 ipsr
954 3543 1117 3604 Constliarii
1138 3544 1212 3604 alios
1232 3562 1286 3619 pro
1307 3559 1440 3618 tempore

255 3658 377 3735 eligant,
398 3660 493 3719 donec
514 3657 574 3733 ipse
597 3659 665 3718 Rex
687 3659 733 3720 vel
754 3657 829 3717 alios
850 3655 952 3733 eligat,
974 3657 1035 3732 nel,
1057 3673 1134 3731 quos
1151 3653 1318 3716 Concilium
1337 3653 1440 3731 clegit,

254 3771 371 3845 probet.

294 3879 321 3960 §.
341 3881 438 3941 XVII.
459 3880 555 3957 Hujus
576 3880 703 3941 Concilii
724 3879 890 3956 primarium
910 3877 1039 3938 officinm
1060 3878 1111 3953 ln,
1132 3877 1246 3953 imperii
1266 3879 1438 3938 fundamen·

253 3989 321 4050 talin
345 3989 410 4065 juro
438 3990 611 4067 defendere,
639 3988 759 4050 confilin
787 3991 823 4050 de
850 3991 938 4048 rebus
965 3987 1084 4066 agendis
1105 3990 1190 4062 dare,
1209 4002 1245 4047 ut
1265 3989 1347 4062 Rex,
1367 3987 1438 4062 quid

253 4101 282 4162 in
310 4104 420 4164 bonum
448 4102 598 4178 publicum
626 4104 841 4164 decernendum
868 4101 920 4175 lit,
948 4099 1036 4176 sciat;
1064 4115 1153 4175 atque
1182 4102 1276 4176 adeo,
1303 4116 1338 4160 ut
1362 4097 1437 4176 Regi

286 4351 300 4382 ⁸
334 4351 381 4400 Ed.
399 4351 455 4402 Pu:
477 4351 535 4415 fiet.
