2934 4900
202 306 259 381 328
559 306 795 364 Tractatus
837 302 1026 363 Politici
1439 343 1440 392 ι

201 502 287 546 nemo
317 483 429 559 potest;
457 482 507 543 sed
538 484 619 559 quod
641 481 750 557 absque
771 484 875 543 eodem
896 480 973 542 idem
995 481 1146 557 imperium
1169 483 1324 544 subsistere
1351 502 1406 543 ne-

204 610 310 673 queat,
338 614 424 655 nemo
452 612 581 670 unquam
610 592 758 669 probabit.
800 594 843 653 At
864 608 968 653 contra
988 594 1209 670 Rempublicam
1231 596 1324 657 alicui
1350 600 1406 655 ab·

203 706 297 767 solute
320 708 453 781 credere,
475 720 504 765 et
527 706 607 766 srmul
628 705 792 765 libertatem
814 705 969 782 obtinere,
990 707 1051 766 lieri
1071 725 1255 784 nequaquam
1277 709 1405 784 potest;

204 835 293 895 atque
320 821 395 880 adeo
424 817 537 879 inscitia
564 817 622 892 est,
650 834 772 893 parvum
805 820 941 879 damnum
961 816 1071 879 summo
1092 820 1168 880 malo
1189 819 1284 881 vitare
1306 822 1404 881 velle„

204 931 313 991 Verum
335 948 452 1005 eorum,
473 930 524 1007 qui
546 930 597 990 sibi
619 930 772 1005 imperium
793 930 958 991 absolutum
977 931 1206 1008 concupiscunt,
1223 933 1288 993 haec
1305 934 1402 993 unica

204 1042 261 1104 suit
288 1043 449 1117 cantilena,
477 1041 607 1103 civitatis
637 1042 758 1102 omnino
787 1042 936 1118 interesse,
966 1059 998 1103 ut
1027 1043 1117 1119 ipsius
1137 1045 1258 1123 negotia
1279 1044 1401 1105 secreto

203 1156 366 1235 agitentur,
397 1169 426 1215 et
459 1154 513 1215 alia
545 1154 728 1231 hujusmodi,
761 1174 826 1231 quae
859 1172 973 1233 quanto
994 1157 1086 1236 magis
1108 1158 1245 1219 utilitatis
1267 1157 1401 1237 imagine

204 1283 361 1347 teguntur,
381 1284 465 1329 tanto
488 1270 524 1328 ad
546 1267 685 1328 infensius
708 1268 858 1328 servitium
881 1284 1048 1345 erumpunt.

246 1380 274 1461 §.
294 1381 386 1441 XXX.
429 1380 565 1457 Denique
594 1380 728 1457 quamvis
757 1381 883 1456 nullum,
914 1384 996 1457 quod
1027 1381 1131 1455 sciam,
1161 1382 1318 1458 Imperium
1353 1382 1403 1442 his

205 1492 356 1567 omnibus,
385 1512 458 1569 quas
487 1492 630 1567 diximus,
663 1491 889 1553 conditionibus
918 1493 1081 1554 institutum
1105 1493 1210 1567 fuerit,
1231 1495 1402 1569 poterimus

206 1624 300 1667 tamen
333 1606 393 1682 ipsa
425 1600 512 1666 e'tiam
544 1604 725 1681 experientia
758 1604 927 1679 ostendere,
958 1606 1033 1665 hanc
1064 1605 1248 1666 Monarchici
1281 1606 1399 1681 imperii

207 1721 326 1779 sormam
354 1718 494 1793 optimam
522 1716 594 1791 esse,
625 1716 644 1775 li
672 1717 773 1777 causas
803 1716 1037 1779 conservationis
1058 1716 1256 1793 cujuscunque
1278 1718 1399 1792 Imperii

206 1848 266 1891 non
288 1828 416 1903 barbari,
439 1843 469 1888 et
491 1827 617 1904 ejusdem
640 1828 816 1903 eversionis,
839 1828 1018 1890 considerare
1039 1830 1174 1892 velimus.
1194 1831 1253 1891 Sed
1263 1830 1321 1890 hoc
1333 1850 1397 1891 non

207 1940 264 2002 srne
293 1958 397 2019 magno
426 1940 542 2001 lesloris
571 1939 660 2001 taedio
688 1940 736 2000 hic
764 1942 860 2001 facere
882 1941 1010 2017 possem;
1031 1956 1161 2003 attamen
1182 1961 1273 2003 unum
1296 1960 1397 2003 exem-

206 2053 302 2127 plum,
324 2052 406 2127 quod
427 2050 562 2109 memoria
585 2049 703 2128 dignum
725 2049 858 2125 videtur,
877 2050 990 2111 silentio
1012 2050 1160 2127 praeterire
1182 2054 1269 2127 nolo;
1291 2072 1396 2127 nempe

208 2160 449 2241 Arragonensium
478 2161 647 2237 imperium,
676 2160 727 2237 qui
757 2161 890 2240 singulari
919 2181 985 2241 erga
1010 2162 1079 2224 suos
1099 2181 1181 2241 reges
1206 2165 1262 2224 side
1283 2164 1398 2237 affec‘ti,

208 2293 238 2337 et
259 2276 320 2351 pari
349 2273 510 2336 constantia
539 2273 620 2351 regni
650 2272 784 2333 instituta
810 2272 954 2335 inviolata
975 2273 1173 2335 servaverunt.
1213 2275 1290 2333 Nam
1310 2274 1342 2333 hi
1363 2274 1396 2331 sr-

208 2390 356 2466 mulatque
385 2386 487 2449 servile
516 2387 685 2446 Maurorum
703 2383 807 2464 jugum
829 2404 845 2443 a
866 2384 1030 2447 cervicibus
1063 2384 1251 2462 dejecerant,
1288 2388 1398 2465 Regem

208 2501 259 2562 srbi
288 2500 393 2580 eligere
420 2500 599 2572 statuerunt;
629 2498 737 2574 quibus
765 2513 861 2558 autem
884 2498 1125 2574 conditionibus,
1147 2517 1206 2558 non
1232 2498 1303 2560 satis
1323 2499 1398 2559 inter

209 2615 323 2674 eosdem
346 2611 561 2685 conveniebat,
583 2625 613 2670 et
635 2611 689 2672 hac
712 2614 749 2671 de
770 2611 856 2672 causa
877 2611 1017 2672 summum
1039 2611 1210 2672 Pontificem
1231 2613 1395 2672 Romanum

208 2729 244 2787 de
272 2745 305 2786 ea
332 2743 361 2785 re
390 2724 540 2786 consulere
573 2723 799 2783 constituerunt.
842 2721 915 2797 Hic,
949 2722 1053 2782 Christi
1086 2724 1223 2797 profesto
1255 2723 1394 2785 vicarium

208 2838 261 2898 hac
282 2837 311 2896 in
333 2855 362 2896 re
385 2836 412 2896 se
442 2853 561 2914 gerens,
593 2851 645 2895 eos
678 2834 849 2913 castigavit.
880 2836 978 2911 quod,
1011 2852 1071 2894 non
1104 2834 1173 2894 satis
1205 2835 1394 2895 Hebraeorum

208 2950 340 3024 exemplo
362 2947 483 3022 moniti,
504 2950 615 3026 Regem
639 2949 712 3008 adeo
737 2948 892 3008 obfirmato
914 2948 1011 3007 animo
1033 2963 1133 3024 petere
1154 2947 1323 3022 voluerint3
1344 2947 1393 3008 sed

207 3062 227 3122 sr
249 3060 420 3122 sententiam
449 3074 559 3121 mutare
589 3060 717 3134 nollent,
748 3059 852 3136 suasit,
872 3079 909 3120 ne
930 3062 1042 3139 Regem
1063 3061 1221 3138 eligerent,
1242 3058 1294 3119 nist
1315 3059 1392 3120 insti·

208 3173 281 3235 tutis
309 3173 389 3249 prius
420 3171 525 3232 ritibus
556 3172 624 3232 satis
657 3172 767 3248 aequis,
796 3189 826 3232 et
848 3173 967 3252 ingenio
996 3171 1093 3251 gentis
1123 3171 1342 3246 consentaneis,
1362 3189 1390 3232 et

208 3284 337 3362 apprime
357 3300 391 3346 ut
413 3283 573 3360 supremum
592 3283 712 3360 aliquod
734 3284 901 3347 Concilium
917 3301 1064 3360 crearent,
1086 3287 1167 3361 quod
1190 3285 1337 3364 Regibus,
1359 3303 1389 3345 ut

209 3399 497 3460 Lacedaemoniorum
527 3397 658 3473 Ephori,
690 3413 909 3474 opponeretur,
940 3413 972 3458 et
1000 3397 1049 3474 jus
1081 3397 1245 3459 absolutum
1277 3399 1389 3458 haberet

210 3512 277 3572 lites
304 3509 472 3584 dirimendi,
501 3529 567 3587 quae
596 3509 672 3570 inter
701 3513 812 3588 Regem
840 3525 870 3569 et
899 3509 981 3571 cives
1012 3508 1168 3570 orirentur.
1210 3511 1278 3569 Hoc
1307 3509 1389 3587 igitur

211 3621 360 3684 consilium
389 3621 523 3698 sequuti,
547 3621 630 3698 jura,
659 3641 723 3698 quae
751 3621 818 3697 ipsis
840 3621 969 3682 omnium
991 3621 1143 3696 aequiffima
1166 3621 1227 3682 visa
1248 3621 1328 3695 sunt,
1348 3621 1388 3680 in·

212 3733 386 3807 stituerunt,
425 3751 547 3810 quorum
580 3732 705 3794 summus
737 3733 902 3808 interpres,
935 3747 965 3791 et
997 3731 1211 3807 consequenter
1250 3731 1388 3807 supremus

208 3845 318 3921 judex,
340 3861 400 3904 non
421 3847 504 3919 Rex,
526 3843 575 3904 sed
596 3843 762 3904 Concilium
784 3843 871 3920 esset,
891 3847 972 3920 quod
987 3843 1194 3918 Septendecim
1216 3859 1341 3917 vocant,
1361 3860 1387 3903 et

213 3953 297 4029 cujus
324 3953 428 4028 praeses
455 3954 570 4034 Justitia
593 3955 763 4030 appellatur.
805 3954 862 4014 llic
883 3954 973 4032 igitur
994 3953 1112 4035 Justitia
1135 3971 1165 4013 et
1186 3953 1217 4013 hi
1238 3956 1387 4029 Septemde-

213 4065 294 4144 cim„
306 4064 392 4126 nullis
412 4064 570 4144 suffragiis,
590 4064 640 4126 sed
660 4066 739 4126 sorte
757 4069 793 4126 ad
812 4065 901 4126 vitam
920 4065 1019 4139 electi,
1034 4065 1084 4140 jus
1106 4065 1270 4126 absolutum
1290 4066 1387 4128 habent

214 4195 313 4237 omnes
335 4177 509 4254 sententias,
528 4177 557 4238 in
576 4177 670 4240 civem
689 4196 893 4254 quemcunque
915 4180 951 4238 ab
973 4177 1036 4238 aliis
1058 4177 1219 4251 Conciliis,
1241 4193 1299 4238 tarn
1318 4180 1385 4239 Poli-

214 4289 280 4350 ticis
302 4307 387 4365 quam
409 4289 630 4366 Ecclesiasticis,
653 4293 700 4352 vel
727 4293 762 4351 ab
785 4291 849 4366 ipso
871 4293 953 4368 Rege
973 4291 1066 4366 latas,
1086 4287 1246 4352 revocandi
1268 4305 1299 4354 et
1317 4291 1384 4350 dam-
