2934 4900
203 324 261 401 398
674 321 911 382 Tractatus

200 502 360 563 revelatum
381 499 455 573 suit,
474 502 569 560 Deum
591 496 683 557 Ellam
705 499 908 573 abreptarum,
929 498 1099 574 persuadere
1121 501 1260 561 volebant
1280 501 1395 575 Elisae,

200 632 265 674 eum
287 612 355 673 alibi
374 614 506 673 locorum
527 612 670 685 delatum,
691 610 743 670 ubi
765 610 860 671 adhuc
881 610 1005 672 inveniri
1028 614 1062 670 ab
1085 610 1152 686 ipsrs
1175 611 1283 687 pollet;
1296 618 1397 689 quod

200 726 267 785 sane
287 726 362 785 clare
382 723 525 799 ostendit,
546 742 598 785 eos
618 723 675 785 Dei
695 722 905 784 revelationem
926 740 988 783 non
1008 726 1083 785 telle
1105 723 1282 785 intellexisse.
1306 726 1394 786 Haec

201 837 291 899 solius
311 837 461 898 ostendere
481 854 541 897 non
562 836 603 896 est
623 854 715 911 opus;
737 854 801 895 nam
820 835 893 895 nihil
914 854 951 895 ert
971 835 1119 910 Scriptura
1130 836 1233 897 clarius
1244 837 1363 897 constat
1385 886 1398 913 ,

201 970 287 1028 quam
307 952 389 1027 quod
408 952 490 1011 Deus
511 968 599 1011 unum
619 948 795 1023 Prophetam
815 950 902 1027 longe
924 948 1031 1024 majore
1052 948 1143 1028 gratia
1164 952 1199 1011 ad
1220 950 1391 1025 Propheti-

200 1065 325 1123 zaudum
346 1060 486 1135 donavit,
506 1080 592 1137 quam
620 1060 716 1121 alium.
744 1062 787 1120 At
809 1064 890 1137 quod
919 1062 1084 1137 Prophetiae
1112 1062 1170 1123 stve
1192 1063 1392 1138 repraesenta-

200 1176 298 1236 tiones
324 1192 379 1251 pro
410 1172 601 1249 opinionibus
627 1173 855 1248 Prophetarum,
884 1190 956 1248 quas
984 1173 1108 1249 amplexi
1139 1173 1261 1247 fuerint,
1289 1176 1389 1236 etiam

202 1288 363 1361 variarent,
400 1302 432 1347 et
468 1288 550 1362 quod
588 1286 741 1361 Prophetae
780 1285 890 1361 varias,
930 1285 988 1345 imo
1028 1288 1187 1347 contrarias
1222 1288 1389 1350 habuerint

201 1399 356 1475 opiniones
384 1414 414 1460 et
441 1400 521 1462 varia
550 1399 718 1475 praejudicia
747 1400 869 1477 (loquor
897 1399 973 1459 circa
1001 1418 1046 1459 res
1068 1418 1145 1460 mere
1167 1400 1390 1476 speculativas,

201 1531 266 1573 narn
287 1514 362 1573 circa
383 1532 433 1587 ea,
455 1530 520 1588 quae
541 1510 717 1587 probitatem
737 1518 774 1570 ee
790 1514 886 1571 bonos
908 1529 1003 1571 mores
1025 1509 1172 1587 speciant,
1193 1513 1279 1589 longe
1296 1512 1391 1573 aliter

200 1626 413 1703 sentiendum),
433 1624 573 1687 curiosius
595 1638 625 1684 et
647 1623 791 1699 prolixius
814 1624 978 1697 ostendam;
999 1642 1065 1683 narn
1086 1624 1160 1683 hanc
1182 1642 1240 1683 tem
1262 1622 1389 1699 majoris

199 1738 339 1799 momenti
360 1737 414 1798 elle
436 1752 528 1812 puto;
548 1736 617 1797 inde
638 1736 714 1795 enim
738 1738 855 1797 tandem
877 1738 1066 1811 concludam,
1095 1736 1280 1812 Prophetiam
1302 1756 1384 1799 nun-

200 1870 286 1929 quam
317 1850 479 1927 Prophetas
509 1848 656 1909 dolliores
688 1846 857 1921 reddidisse,
889 1847 938 1909 sed
960 1866 1011 1909 eos
1032 1848 1061 1909 in
1085 1847 1143 1909 suis
1164 1852 1385 1925 praeconceptis

200 1962 391 2039 opinionibus
411 1959 571 2037 reliquisse,
593 1977 626 2019 ac
647 1975 802 2035 propterea
824 1978 879 2021 nos
900 1958 936 2021 iis
954 1960 1029 2021 circa
1040 1978 1085 2021 res
1096 1978 1172 2021 mere
1184 1960 1385 2035 speculativas

200 2076 315 2135 minime
336 2073 429 2135 teneri
449 2075 573 2135 credere.

240 2184 316 2245 Mira
348 2186 472 2260 quadam
510 2182 724 2259 praecipitantia
756 2201 856 2244 omnes
886 2184 937 2245 srbi
969 2184 1186 2260 persuaserunt,
1217 2186 1382 2260 Prophetas

201 2296 315 2372 omnia,
336 2314 401 2373 quae
420 2297 564 2357 humanus
584 2295 748 2356 intellectus
769 2294 875 2372 allequi
896 2296 1009 2371 potest,
1032 2296 1152 2358 scivisse.
1181 2298 1220 2357 Et
1243 2298 1380 2373 quamvis

200 2412 265 2469 loca
296 2411 427 2486 quaedam
457 2408 611 2485 Scriptura
643 2408 730 2469 nobis
762 2426 845 2485 quam
878 2408 1021 2470 clarissime
1053 2409 1179 2485 diiient,
1217 2410 1380 2486 Prophetas

200 2525 332 2600 quadam
353 2521 542 2601 ignoravihe,
563 2521 659 2582 dicere
680 2521 782 2596 potius
803 2524 926 2598 volunt,
949 2523 976 2582 se
997 2522 1175 2598 Scripturam
1196 2522 1231 2582 iis
1252 2522 1281 2582 in
1303 2523 1379 2582 locis

200 2653 260 2695 non
281 2634 458 2713 intelligere,
478 2653 564 2710 quam
585 2636 764 2710 concedere,
786 2635 947 2710 Prophetas
968 2653 1025 2695 rern
1048 2635 1173 2711 aliquam
1195 2634 1380 2712 ignoraville,

199 2764 250 2808 aut
271 2749 359 2809 verba
379 2747 535 2822 Scriptura
562 2746 603 2806 ita
631 2761 768 2823 torquere
798 2763 958 2822 conantur,
987 2761 1020 2808 ut
1042 2748 1088 2823 id,
1110 2751 1190 2824 quod
1211 2749 1296 2822 plane
1317 2767 1378 2809 non

199 2862 281 2934 vult,
311 2860 398 2921 dicat.
435 2860 510 2920 Sane
540 2859 560 2918 sr
591 2859 695 2919 horum
726 2860 871 2921 utrumvis
902 2860 987 2934 licet,
1019 2863 1112 2920 allum
1145 2859 1186 2918 est
1216 2877 1281 2918 cum
1313 2875 1377 2921 tota

197 2973 361 3048 Scriptura;
388 2971 489 3032 frustra
517 2971 593 3031 enim
614 2969 785 3032 conabimur
812 2971 921 3048 aliquid
943 2991 979 3032 ex
1000 2971 1148 3047 Scriptum
1171 2971 1376 3046 ostendere‚sr

198 3107 248 3162 ea,
269 3105 333 3163 quae
362 3086 484 3146 maxime
513 3086 586 3144 clara
614 3084 698 3160 sunt,
719 3085 795 3145 inter
823 3083 944 3144 obscura
967 3101 996 3144 et
1017 3083 1247 3159 impenetrabilia
1268 3103 1377 3160 ponere

197 3200 283 3274 licet,
315 3214 364 3260 aut
395 3201 432 3260 ad
462 3197 577 3258 libitum
608 3197 801 3273 interpretari.
834 3197 869 3256 E.
891 3215 918 3274 g.
939 3196 1012 3256 nihil
1032 3196 1060 3256 in
1083 3196 1233 3272 Scriptura
1255 3197 1375 3272 clarius,

199 3332 284 3388 quam
306 3313 387 3388 quod
407 3309 513 3390 Josua,
534 3325 564 3369 et
587 3311 663 3370 forte
684 3309 771 3370 etiam
793 3323 894 3382 autor,
924 3307 974 3385 qui
997 3307 1060 3383 ejus
1081 3307 1228 3368 historiam
1251 3307 1375 3384 scripht,

197 3437 393 3500 putaverunt,
423 3419 512 3480 solem
543 3419 650 3480 circum
682 3435 785 3480 terram
818 3420 947 3496 moveri,
969 3405 1073 3480 terram
1095 3435 1190 3480 autem
1213 3419 1375 3496 quiescere,

195 3552 226 3596 et
254 3537 335 3611 quod
366 3533 409 3592 sol
440 3551 492 3608 per
522 3531 642 3608 aliquod
672 3547 789 3607 tempus
821 3530 959 3592 immotus
990 3531 1081 3593 stetit.
1109 3533 1248 3592 Attamen
1277 3531 1375 3605 multi,

196 3647 264 3723 quia
295 3647 401 3706 nolunt
431 3646 609 3716 concedere,
641 3643 671 3704 iu
703 3643 785 3704 coelis
816 3642 941 3719 aliquam
973 3643 1054 3718 polle
1086 3642 1146 3704 dari
1168 3643 1374 3718 mutationem,

194 3758 274 3818 illurn
311 3759 409 3818 locum
446 3755 488 3816 lta
526 3756 692 3831 explicant,
727 3771 761 3816 ut
793 3755 863 3815 nihil
901 3754 989 3815 simile
1021 3753 1115 3816 dicere
1146 3754 1298 3829 videatut;
1328 3755 1373 3815 alii

195 3885 310 3943 autem,
330 3868 381 3945 qui
408 3867 515 3929 redius
542 3867 742 3944 philosophari
763 3867 948 3942 didicerunt,
971 3867 1108 3943 quoniam
1130 3865 1299 3944 intelligunt
1319 3881 1372 3926 ter-

195 3997 254 4039 ram
275 3978 404 4054 moveri,
424 3979 513 4040 solem
533 3993 635 4039 contra
657 3977 820 4055 quiescere,
842 3977 901 4040 srve
923 3978 1030 4039 circum
1052 3993 1155 4038 terram
1177 3977 1371 4053 nonmoveri,

195 4091 311 4152 summis
350 4091 462 4152 viribus
500 4091 576 4153 idem
614 4109 651 4151 ex
689 4091 855 4167 Scriptura,
888 4091 1024 4168 quamvis
1056 4105 1155 4166 aperte
1186 4091 1371 4166 reclamante,
1459 4136 1463 4147 .

196 4221 372 4282 extorquere
394 4220 550 4280 conantur;
572 4223 648 4280 quos
670 4203 738 4264 sane
760 4203 856 4264 miror.
879 4205 943 4278 An,
966 4203 1082 4280 quaeso,
1103 4217 1234 4262 tenemur
1245 4205 1370 4276 credere,

196 4320 277 4396 quod
308 4317 390 4377 miles
420 4317 509 4396 Josua
541 4316 755 4377 Astronomiam
788 4315 935 4377 callebat?
976 4331 1005 4376 et
1037 4317 1117 4392 quod
1150 4314 1315 4375 miraculum
1346 4314 1368 4374 ei
