2934 4900
313 325 811 420 Theologico·l⁵01itici
839 338 914 414 Cap.
933 323 1015 401 XIV.
1196 341 1252 418 541

73 529 123 575 cet
143 515 168 575 Ι.
188 514 301 591 Deum,
328 513 385 575 hoc
413 513 454 574 est
481 531 533 574 ens
558 512 740 590 supremum,
766 512 874 573 summe
898 510 1007 589 justum
1037 527 1068 573 et
1098 511 1259 574 misericor·

74 628 157 702 dem,
188 624 248 689 save
278 641 355 688 verae
385 624 456 688 vitta
478 625 639 704 exemplar,
661 623 799 701 existere3
827 623 880 700 qui
900 623 977 685 enim
998 623 1107 701 nescit,
1128 624 1177 687 vel
1196 641 1257 686 non

74 736 187 812 credit,
214 736 306 813 ipsum
335 735 472 814 existere,
499 737 527 798 ei
548 735 669 799 obedire
690 736 811 814 nequit,
832 753 927 814 neque
948 753 1015 797 eum
1041 733 1176 817 Judicem
1202 754 1257 798 no·

72 849 162 910 scere.
202 849 240 909 11.
268 867 333 911 eum
355 847 412 911 else
433 849 567 912 unicum:
593 848 651 911 hoc
673 849 749 910 enim
770 846 857 909 etiam
878 850 916 910 ad
936 847 1095 924 supremam
1118 847 1258 910 devotio·

73 979 158 1037 nem,
185 959 422 1039 admirationem,
449 976 480 1022 et
508 978 632 1023 amorem
660 977 727 1039 erga
755 960 852 1022 Deum
872 959 1005 1022 absolute
1025 958 1151 1037 requiri,
1171 977 1258 1020 nemo

74 1071 209 1134 dubitare
246 1071 352 1150 potest.
392 1071 527 1135 Devotio
566 1089 707 1149 namque,
738 1071 909 1148 admiratio,
939 1086 970 1133 et
1001 1089 1098 1149 amor,
1129 1089 1167 1132 ex
1195 1071 1258 1132 sola

73 1184 248 1246 excellentia
275 1185 363 1247 uniua
388 1185 475 1262 supra
501 1183 630 1262 reliquos
657 1183 798 1246 orientur.
818 1184 870 1245 Ill.
892 1201 958 1246 eum
977 1183 1088 1261 ubique
1108 1181 1163 1244 esse
1184 1201 1258 1260 prae·

73 1297 201 1374 sentem,
227 1299 276 1361 vel
304 1297 401 1360 omnia
429 1296 481 1374 ipfi
502 1312 611 1374 patere.
639 1297 670 1358 Si
691 1315 737 1359 rea
757 1296 850 1373 ipsum
868 1297 958 1358 latere
987 1297 1190 1372 crederentur,
1208 1297 1258 1359 vel

73 1409 167 1486 ipsum
189 1409 285 1472 omnia
306 1409 407 1474 uidere
429 1408 631 1489 ignoraretur,
651 1411 688 1471 de
709 1407 850 1486 aequitate
870 1407 935 1486 ejus
954 1407 1095 1488 Justitite,
1115 1426 1174 1485 qua
1193 1425 1256 1468 om·

73 1520 122 1580 nia
153 1519 268 1600 dirigit,
298 1519 498 1596 dubitaretur,
528 1521 577 1583 vel
606 1519 667 1595 ipsa
698 1519 890 1600 ignoraretur.
916 1519 971 1579 tv.
994 1517 1088 1595 ipsum
1108 1518 1138 1580 in
1160 1519 1257 1580 omnia

73 1630 236 1721 supremum
256 1633 362 1693 habere
379 1630 429 1708 juo
449 1645 480 1692 et
500 1627 680 1708 dominium,
701 1649 756 1692 nec
776 1630 888 1708 aliquid
904 1629 970 1708 jure
989 1633 1139 1705 coaeum,
1158 1630 1256 1693 seder

73 1742 209 1806 absoluto
246 1743 433 1820 beneplacito
471 1757 501 1804 et
531 1741 663 1822 singulari
695 1742 787 1822 gratia
818 1743 922 1804 facere.
959 1743 1068 1804 Omnes
1098 1741 1174 1804 enim
1203 1742 1256 1818 ipd

73 1853 206 1916 absolute
235 1853 355 1917 obedire
382 1868 536 1932 tenentur,
557 1854 618 1931 ipse
637 1869 736 1917 autem
756 1853 875 1916 nemini.
895 1855 935 1916 V.
955 1856 1067 1917 cultum
1085 1856 1161 1932 Dei,
1180 1854 1256 1932 eius·

73 1985 133 2042 que
165 1966 378 2042 obedientiam,
414 1965 444 2027 in
474 1965 535 2028 sola
565 1965 682 2048 Juliitia
712 1981 744 2028 et
774 1965 943 2042 charitate,
973 1965 1033 2028 five
1062 1983 1160 2028 amore
1190 1983 1257 2045 erga

74 2076 259 2154 proximum,
279 2077 440 2140 consistere.
460 2079 514 2138 vl.
535 2094 654 2154 omnes,
675 2077 726 2155 qui
747 2077 802 2139 hac
822 2077 944 2143 vivendi
962 2077 1077 2140 ratione
1096 2078 1163 2139 Deo
1184 2081 1256 2139 obe·

75 2189 178 2265 diunt,
208 2189 304 2252 salvos
335 2204 449 2251 tantum
480 2187 553 2264 επις
574 2189 704 2266 reliquor
726 2203 840 2265 autem,
860 2187 913 2267 qui
932 2187 985 2250 sub
1005 2186 1128 2264 imperio
1148 2189 1256 2264 volup·

75 2315 171 2362 tatum
199 2301 323 2376 vivunt,
354 2301 496 2377 perditos.
536 2300 567 2362 si
598 2299 731 2362 homines
761 2300 820 2363 hoc
850 2299 969 2362 firmiter
998 2318 1059 2362 non
1089 2303 1257 2379 crederent,

75 2412 149 2475 nihil
178 2411 271 2475 causa
301 2410 389 2490 esset,
419 2429 471 2477 cur
500 2413 567 2475 Deo
599 2412 701 2491 potius
721 2431 808 2491 quam
828 2412 1035 2491 voluptatibus
1056 2414 1256 2489 obtemperare

76 2526 203 2586 mallent.
243 2526 311 2587 Vll.
328 2525 472 2603 denique,
489 2526 584 2589 Deum
605 2524 821 2601 prenitentibua
841 2540 963 2602 peccata
983 2526 1161 2587 condonare.
1180 2525 1256 2587 Nul-

75 2639 123 2699 lus
149 2638 225 2699 enim
253 2636 313 2715 est,
333 2638 385 2715 qui
405 2654 466 2700 non
493 2652 613 2715 peccet;
636 2636 657 2698 li
677 2637 768 2717 igitur
784 2638 844 2699 hoc
864 2656 925 2699 non
945 2637 1134 2715 statueretur,
1154 2655 1257 2699 omnea

76 2750 113 2809 de
134 2747 184 2811 sua
204 2748 295 2812 salute
323 2750 524 2829 desperarent,
552 2768 606 2813 nec
627 2751 685 2813 ulla
707 2748 776 2811 esset
795 2750 889 2827 ratio,
910 2767 962 2812 cur
980 2750 1076 2811 Deum
1096 2748 1257 2810 misericor·

76 2861 142 2920 dem
171 2863 338 2937 crederent;
368 2862 420 2939 qui
449 2877 546 2924 autem
576 2861 634 2923 hoc
666 2860 785 2923 firmiter
815 2858 925 2938 credit,
945 2860 1084 2924 videlicet
1101 2860 1197 2923 Deum
1217 2878 1256 2921 ex

76 2969 271 3035 misericordia
298 2989 328 3036 et
355 2973 465 3053 gratia,
492 2974 669 3052 quaomnia
698 2974 814 3054 dirigit,
833 2974 982 3037 hominum
1003 2990 1124 3052 peccata
1143 2978 1257 3038 condo-

76 3100 163 3161 nare,
192 3098 223 3145 et
252 3084 308 3145 hae
338 3087 375 3146 de
405 3084 489 3147 causa
520 3085 551 3146 in
581 3085 639 3148 Dei
670 3102 768 3147 amore
798 3085 889 3165 magia
908 3084 1092 3161 incenditur,
1111 3086 1137 3148 it
1156 3104 1258 3152 revera

76 3193 220 3257 Christum
251 3195 407 3258 secundum
438 3196 578 3273 Spiritum
608 3196 713 3275 novit,
743 3211 775 3258 et
805 3196 936 3259 Christus
956 3198 987 3259 in
1007 3216 1045 3259 eo
1065 3199 1116 3261 est.
1154 3202 1258 3277 Atque

75 3306 140 3367 haec
171 3306 267 3369 omnia
298 3325 384 3369 nemo
415 3308 547 3387 ignorare
579 3309 692 3385 potest,
719 3308 848 3386 apprime
868 3310 991 3389 cognitu
1011 3310 1165 3373 necessaria
1183 3311 1258 3391 esse,

77 3434 111 3481 ut
140 3417 290 3495 homines,
320 3420 403 3481 nullo
432 3434 579 3497 excepto,
610 3438 647 3481 ex
678 3420 848 3498 prescripto
879 3422 968 3501 Legis
986 3421 1072 3499 supra
1091 3423 1257 3503 explicato,

75 3532 144 3593 Deo
165 3529 284 3593 obedire
304 3530 426 3608 pollint;
446 3550 512 3593 nam
530 3530 635 3593 horum
657 3532 758 3609 aliquo
786 3532 921 3611 sublato,
942 3534 1057 3596 tollitur
1077 3534 1164 3597 etiam
1184 3538 1256 3598 obe·

76 3640 197 3704 dientia.
238 3641 399 3720 Ceterum,
430 3643 503 3720 quid
531 3644 629 3721 Deus,
660 3643 720 3709 slve
741 3644 813 3706 illud
834 3664 910 3708 verae
931 3644 1002 3711 vite
1022 3646 1183 3725 exemplar,
1201 3646 1256 3709 sit:

77 3774 115 3817 an
136 3754 246 3817 scilicet
265 3754 300 3817 lit
318 3754 410 3835 ignis,
426 3755 561 3833 spiritua,
581 3757 651 3831 lux,
672 3756 827 3836 cogitatio,
844 3772 919 3836 eto,
939 3756 970 3820 id
990 3757 1064 3820 nihil
1084 3761 1122 3821 ad
1141 3757 1258 3835 Fidem3

76 3882 112 3930 ut
132 3885 187 3930 nec
207 3866 312 3943 etiam,
339 3866 539 3945 quantique
566 3866 602 3928 stt
621 3884 698 3930 vere
726 3867 798 3931 vita
818 3870 981 3947 exemplat,
1000 3888 1037 3932 aa
1057 3869 1168 3932 scilicet
1189 3888 1257 3947 pro·

77 3994 195 4055 pterea,
225 3981 308 4057 quod
338 3978 462 4041 animum
490 3977 598 4054 justum
630 3994 660 4041 et
690 3978 902 4043 misericordem
930 3981 1019 4043 habet
1026 4027 1036 4058 ,
1056 3983 1103 4046 vel
1123 3982 1192 4059 quia
1212 4000 1258 4043 ret

77 4110 180 4153 omnes
212 4110 263 4170 per
293 4091 385 4167 ipsum
416 4091 483 4153 sunt
514 4106 544 4153 et
575 4108 681 4171 agunt,
712 4108 743 4155 et
774 4092 986 4171 consequenter
1015 4112 1072 4155 noa
1098 4092 1185 4155 etiam
1205 4110 1259 4170 per

77 4202 172 4279 ipsum
192 4201 397 4282 intelligimus,
418 4218 449 4263 et
470 4202 634 4279 peripsum
655 4204 702 4281 ld,
723 4207 807 4283 quod
826 4222 944 4283 veruto,
964 4194 1257 4283 aequum,etbonum

76 4311 135 4389 est,
166 4312 323 4377 videmus?
352 4312 475 4376 Perinde
506 4314 563 4391 est,
595 4314 737 4394 quicquid
767 4318 805 4378 de
834 4316 881 4378 hir
900 4316 1098 4395 unusquisque
1117 4314 1258 4383 statuerit.
