2934 4900
319 317 817 398 Theologico·Politici
847 317 921 395 Cap.
943 318 1054 379 xvln.
1225 315 1284 393 585

525 537 706 602 CAPUT
748 539 859 601 XVIII.

300 734 350 795 Etr
370 732 558 794 Hebraeorum
578 733 739 813 Republica
758 746 787 793 et
806 730 935 811 historus
956 734 1085 812 quadam

438 847 572 922 dogmata
591 847 716 908 Politsca
736 847 952 908 concloduntur.

139 1054 283 1139 Quamvis
303 1056 493 1117 Hebraeorum
512 1052 684 1130 imperium,
705 1054 792 1131 quale
813 1052 908 1131 ipsum
928 1053 960 1115 in
980 1052 1158 1130 precedenti
1178 1052 1286 1131 Capite

99 1166 307 1244 concepimus,
335 1180 474 1229 aeternum
504 1165 558 1227 elle
586 1168 737 1244 potuerit,
765 1167 842 1229 idem
870 1183 968 1229 tamen
995 1184 1081 1229 nemo
1100 1166 1159 1245 jam
1179 1166 1286 1228 Imitari

100 1280 214 1357 potest,
245 1296 299 1340 nec
329 1278 417 1339 etiam
449 1278 614 1340 consultum
646 1278 696 1339 est.
737 1279 814 1340 Nam
841 1279 863 1340 li
889 1278 943 1355 qui
969 1277 1052 1340 suum
1069 1276 1120 1355 jur
1140 1278 1171 1339 in
1190 1278 1285 1339 Deum

100 1391 252 1453 transferte
289 1390 416 1467 velient,
446 1388 478 1453 id
509 1408 575 1452 cum
605 1392 688 1467 Deo,
721 1388 806 1452 licuti
835 1390 954 1451 Hebraei
980 1391 1130 1466 fecerunt,
1156 1388 1285 1466 expresse

1 1506 6 1527 ³
100 1502 206 1581 pacisci
234 1503 392 1578 deberent;
421 1503 555 1578 adeoque
584 1519 644 1563 non
665 1518 780 1563 tantum
801 1502 941 1564 voluntas
963 1502 1014 1579 jus
1033 1501 1286 1579 transierentium,

100 1615 150 1677 sed
169 1614 258 1676 etiam
278 1614 352 1691 Dei,
373 1614 402 1674 in
425 1631 511 1690 quem
532 1612 603 1675 esset
631 1614 880 1692 transferendum,
897 1613 1101 1692 requireretur.
1140 1614 1184 1675 At
1203 1615 1286 1676 Deua

99 1744 203 1791 contra
224 1746 277 1805 per
295 1727 458 1805 Apostolos
478 1726 644 1805 revelavit,
664 1727 720 1790 Dei
742 1731 858 1804 paetum
878 1746 940 1791 non
961 1728 1086 1805 amplius
1106 1742 1285 1804 atramento,

100 1860 155 1903 nec
175 1841 206 1902 in
227 1840 336 1903 tabulis
355 1840 497 1917 lapideis,
517 1840 567 1902 sed
587 1840 645 1901 Dei
667 1839 772 1919 spiritu
792 1840 823 1901 in
844 1842 934 1904 corde
953 1840 1050 1903 scribi.
1080 1840 1197 1903 Deinde
1216 1840 1285 1902 talio

100 1952 213 2030 imperii
234 1954 327 2015 forma
347 1952 384 2013 iis
402 1953 499 2015 forsan
516 1967 631 2015 tantum
650 1952 731 2015 utilia
748 1952 805 2015 else
822 1954 933 2031 posset,
951 1954 1003 2033 qui
1020 1954 1073 2016 libi
1090 1954 1158 2016 solis
1177 1954 1286 2033 absque

101 2079 227 2127 externo
253 2063 428 2126 commercio
451 2064 568 2141 vivere,
591 2064 709 2142 seseque
731 2066 806 2127 intra
827 2066 896 2127 suos
916 2066 1024 2128 limites
1045 2068 1197 2145 claudere,
1217 2082 1286 2128 eta

101 2177 215 2254 reliquo
238 2178 308 2237 orbe
330 2174 470 2256 segregari
491 2176 602 2251 velint,
629 2190 660 2237 at
682 2175 799 2237 minime
818 2176 872 2253 iio,
899 2176 1009 2254 quibua
1027 2175 1138 2239 necesse
1158 2177 1200 2238 esi
1220 2196 1286 2239 cum

102 2289 167 2351 ailla
194 2289 398 2351 commercium
424 2288 549 2366 habere;
577 2304 759 2366 quapropter
778 2289 846 2351 talis
866 2288 981 2366 imperii
1001 2289 1094 2351 forma
1114 2290 1286 2367 pauciffimir

101 2418 216 2466 tanturn
248 2420 285 2464 ex
317 2400 371 2465 usu
401 2400 455 2463 else
487 2402 593 2480 potest.
635 2402 913 2480 verumenimvero,
943 2400 1057 2464 tametsi
1087 2402 1118 2464 in
1149 2402 1286 2466 omnibus

101 2515 242 2577 imitabile
263 2531 324 2576 non
345 2513 397 2590 lit,
419 2515 509 2576 multa
529 2529 627 2576 tamen
648 2513 753 2577 habuit
772 2516 946 2595 dignissima,
973 2515 1072 2577 saltem
1093 2530 1128 2577 ut
1148 2531 1286 2578 notaren-

101 2643 167 2704 tur,
188 2641 219 2688 et
239 2645 305 2705 quae
326 2625 424 2687 forsan
444 2625 549 2686 Imitari
578 2625 813 2688 consultiffimum
834 2626 914 2688 esset.
954 2629 1114 2704 Attamen,
1134 2628 1204 2705 quia
1222 2647 1287 2689 mea

100 2737 247 2816 intentio,
275 2753 309 2800 ut
332 2737 392 2815 jam
419 2738 538 2815 monui,
567 2757 628 2800 non
656 2740 713 2817 est,
734 2743 772 2802 de
793 2741 958 2818 Republica
978 2759 1016 2801 ex
1036 2739 1165 2819 professo
1185 2759 1287 2820 agere,

100 2869 203 2914 eorum
230 2853 368 2929 pleraque
396 2849 473 2912 milia
502 2850 623 2928 faciam,
650 2865 682 2912 et
700 2867 816 2913 tantum
836 2871 887 2930 ea,
908 2870 973 2929 quae
995 2855 1032 2914 ad
1051 2871 1147 2914 meum
1167 2852 1287 2929 scopum

100 2963 232 3040 faciunt,
262 2965 385 3024 notabo.
425 2963 540 3039 Nempe
572 2965 654 3040 quod
685 2978 790 3024 contra
817 2963 876 3024 Dei
905 2966 1042 3043 Regnum
1069 2982 1130 3025 non
1158 2979 1287 3043 pugnet,

100 3077 238 3140 summam
259 3074 434 3153 majestatem
455 3075 578 3155 eligere,
597 3095 663 3153 quac
684 3073 825 3137 summum
845 3074 959 3152 imperii
976 3075 1027 3152 jus
1054 3075 1171 3136 habeat.
1211 3077 1287 3135 Nam

100 3187 256 3266 postquam
283 3187 399 3250 Hebraei
426 3187 509 3250 suum
526 3187 577 3264 jur
597 3186 628 3247 in
647 3188 744 3250 Deum
764 3185 988 3262 transtulentnt,
1004 3185 1054 3262 jur
1074 3185 1213 3246 summum
1234 3185 1286 3245 im-

99 3299 223 3378 perandi
253 3299 331 3360 Moli
362 3299 563 3375 tradiderunt,
595 3299 705 3377 quique
738 3301 813 3362 adeo
843 3298 924 3360 solus
954 3297 1164 3360 authoritatem
1182 3298 1288 3360 babuit

99 3415 182 3492 leger
201 3411 258 3473 Dei
280 3410 397 3473 nomine
417 3411 565 3473 condendi
587 3425 617 3472 et
639 3410 816 3490 abrogandi,
834 3410 978 3472 sacrorum
996 3409 1141 3473 mInistros
1151 3408 1288 3489 eligendi,

96 3523 270 3604 judicandi,
291 3522 436 3600 docendi,
458 3539 489 3584 et
508 3523 684 3602 castigandi,
704 3539 735 3584 et
755 3523 892 3585 omnibus
910 3523 1037 3601 denique
1048 3521 1145 3584 omnia
1156 3521 1288 3583 absolute

100 3635 272 3712 imperandi.
292 3635 408 3699 Deinde
430 3637 528 3713 quud,
549 3635 684 3713 quamvis
704 3635 848 3698 sacrorum
869 3635 988 3696 ministri
1008 3636 1103 3715 legum
1114 3635 1288 3710 interpretes

100 3747 230 3825 fuerint,
259 3765 360 3810 eorum
388 3763 486 3810 tamen
515 3765 576 3810 non
598 3763 660 3810 erat
680 3749 763 3812 cives
779 3749 929 3826 judicare,
948 3767 1003 3810 nec
1023 3747 1148 3826 aliquem
1169 3765 1287 3809 excom·

100 3861 267 3938 municate;
298 3859 357 3921 hoc
388 3861 464 3922 enlm
496 3874 610 3922 tantum
637 3859 807 3938 judicibus,
837 3877 869 3921 et
898 3860 1082 3937 principibus
1108 3877 1145 3920 ex
1173 3859 1288 3936 populo

101 3971 224 4050 cledis,
245 3973 435 4048 competebat
456 3971 540 4051 (vide
570 3971 667 4054 Josuae
699 3991 765 4050 cap.
791 3973 821 4034 6.
848 3971 891 4036 vs.
912 3974 977 4049 26„
996 3971 1133 4053 Judicum
1154 3989 1218 4048 cap.
1239 3987 1287 4033 or.

101 4085 146 4150 vs.
170 4083 232 4162 18„
253 4100 283 4146 et
307 4101 332 4146 1.
353 4083 494 4146 Samuelis
515 4103 579 4161 cap.
609 4100 654 4165 14
675 4083 718 4149 vs.
739 4085 814 4166 24).

143 4197 251 4258 Praeter
278 4197 359 4274 haec,
386 4195 408 4258 fi
435 4196 522 4259 etlam
551 4199 588 4260 ad
609 4198 800 4259 Hebraeorum
821 4195 964 4258 successus
986 4210 1017 4257 et
1035 4195 1170 4257 historiar
1190 4210 1288 4256 atten-

101 4313 172 4374 dere
200 4308 340 4386 velimua,
367 4308 437 4386 alia,
466 4309 551 4389 digna
582 4309 669 4372 etiam
691 4325 725 4371 ut
746 4323 903 4381 notentur,
924 4308 1109 4386 reperiemus.
1140 4307 1287 4372 Videlicet
