2934 4900
226 328 283 404 348
582 330 821 391 Tractatus
861 329 1048 391 Politici

225 502 368 564 Caeterum
391 502 578 579 questiones,
600 522 664 579 quae
685 504 762 565 inter
782 506 882 580 urbes,
904 522 969 581 quae
991 504 1044 565 sub
1064 505 1186 581 imperio
1200 505 1282 580 sunt,
1299 506 1428 565 moveri

226 612 360 690 possunt,
381 614 410 673 in
433 614 566 691 supremo
588 614 725 676 Concilio
748 615 914 678 dirimendas
933 616 1011 676 sunt.

266 724 292 805 §.
313 725 447 785 XXXIX.
488 726 643 801 Temporis
671 742 828 802 praeterea,
855 728 885 788 in
914 731 997 804 quod
1018 728 1142 807 eligendi
1163 728 1247 803 sunt,
1267 730 1362 789 ratio
1388 729 1430 787 ell

226 840 324 897 eadem
353 836 382 897 in
411 856 589 915 quocunque
617 838 755 915 imperio,
783 854 817 900 et
845 840 932 901 etiam
953 856 987 902 ut
1009 839 1169 917 quotannis
1190 839 1286 917 aliqua
1315 858 1431 900 eorum

227 969 292 1027 pars
319 953 422 1027 cedat,
449 966 480 1011 et
508 951 652 1028 denique,
680 952 815 1029 quamvis
842 971 902 1013 non
928 972 1006 1029 opos
1026 952 1078 1027 stt,
1100 969 1134 1014 ut
1155 952 1368 1029 unusquisque
1392 971 1431 1010 ex

227 1062 338 1125 diversa
370 1063 404 1123 stt
435 1062 558 1139 familia,
588 1063 698 1125 necesse
727 1079 824 1125 tamen
853 1065 910 1139 est,
938 1084 975 1125 ne
1003 1067 1064 1127 duo
1092 1065 1230 1143 sanguine
1251 1062 1429 1140 propinqui

227 1176 306 1236 simul
334 1176 363 1236 in
392 1176 531 1237 subselliis
547 1179 654 1237 locum
684 1193 841 1252 occupent.
883 1178 974 1259 Quod
996 1176 1025 1236 in
1047 1176 1166 1252 reliquis
1190 1175 1343 1237 Conciliis
1368 1176 1429 1233 ob-
1450 1187 1451 1210 ³

227 1287 397 1349 servandum
426 1288 483 1362 est,
511 1304 702 1364 praeterquam
724 1288 754 1348 in
777 1288 927 1364 supremo,
948 1288 978 1347 in
1001 1308 1061 1363 quo
1082 1286 1206 1361 sufficit,
1225 1286 1246 1347 st
1267 1288 1370 1346 modo
1395 1284 1427 1343 in
1449 1354 1451 1387 1

226 1398 418 1460 electionibus
438 1401 501 1478 lege
524 1415 641 1461 cautttm
662 1398 713 1475 stt,
735 1419 770 1460 ne
793 1401 928 1476 cuiquam
950 1399 1146 1477 propinquum
1168 1398 1344 1463 nominare.
1366 1414 1425 1456 nec
1450 1388 1451 1399 ¹

228 1513 264 1570 de
285 1529 339 1587 eo,
367 1512 385 1572 st
408 1514 443 1571 ab
465 1511 523 1573 alio
544 1512 712 1573 nominatus
733 1512 783 1587 stt,
814 1510 979 1592 suffragium
1000 1512 1073 1571 serre
1094 1510 1197 1586 liceat,
1218 1526 1250 1570 et
1271 1526 1426 1585 praeterea
1450 1503 1451 1567 l

228 1641 264 1682 ne
296 1626 332 1685 ad
363 1623 475 1699 imperii
507 1623 663 1684 ministrum
694 1643 898 1701 quemcunque
926 1624 1134 1685 nominandum
1161 1626 1222 1683 duo
1250 1619 1423 1698 propinqui

228 1735 333 1795 sortem
354 1754 391 1795 ex
414 1754 483 1796 urna
505 1736 626 1795 tollant:
655 1736 730 1809 ltoc,
759 1736 894 1812 inquam,
915 1735 1021 1797 sufficit
1042 1736 1072 1795 in
1092 1735 1248 1811 Concilio,
1270 1736 1359 1811 quod
1383 1750 1424 1791 ex

228 1862 286 1907 tam
317 1866 420 1925 magno
451 1847 600 1908 hominum
632 1866 753 1908 numero
784 1847 990 1924 componitur,
1018 1862 1048 1907 et
1075 1846 1124 1907 cui
1152 1848 1230 1908 nulla
1258 1842 1421 1924 singularia

229 1960 422 2019 emolumenta
455 1962 659 2020 decernuntur.
700 1961 802 2035 Atque
825 1962 898 2020 adeo
920 1958 1041 2035 imperio
1062 1958 1130 2019 inde
1151 1957 1224 2018 nihil
1244 1957 1299 2018 etit
1320 1955 1422 2017 detri-

228 2070 334 2145 menti,
361 2086 395 2131 ut
423 2072 574 2133 absurdum
605 2072 654 2147 stt,
675 2073 767 2151 legem
790 2074 881 2146 ferre,
901 2092 958 2147 qua
980 2070 1108 2131 omnium
1129 2070 1320 2131 Patriciotum
1343 2085 1417 2144 pro·

229 2182 332 2259 pinqui
354 2204 369 2245 a
391 2184 525 2259 supremo
546 2185 683 2245 Concilio
704 2184 907 2259 secludantur,
928 2199 962 2244 ut
983 2185 1048 2243 Art.
1063 2199 1107 2261 14.
1127 2182 1216 2258 hujus
1237 2181 1312 2257 Cap.
1334 2176 1414 2240 dixi·
1450 2159 1451 2175 ³

229 2312 302 2354 mus.
342 2297 433 2375 Quod
461 2311 557 2356 autem
587 2296 616 2358 id
645 2296 798 2357 absurdum
826 2296 878 2371 stt,
897 2310 988 2371 patet.
1029 2297 1104 2355 Nam
1121 2294 1172 2371 jus
1191 2293 1263 2354 illud
1284 2294 1322 2352 ab
1345 2287 1415 2365 ipsis

229 2404 361 2468 Patriciis
390 2406 501 2468 institui
530 2426 588 2470 non
618 2408 730 2485 pollet,
759 2408 830 2485 quin
853 2426 890 2469 eo
911 2408 975 2484 ipso
998 2424 1099 2468 omnes
1120 2406 1253 2467 absolute
1275 2404 1330 2465 suo
1348 2401 1414 2479 jure

230 2537 351 2581 eatenus
372 2523 526 2596 cederent,
547 2541 579 2580 ac
602 2521 724 2596 proinde
743 2521 870 2598 ejusdem
886 2521 960 2598 juris
979 2520 1110 2583 vindices
1127 2537 1188 2579 non
1206 2518 1259 2594 ipsi
1277 2511 1414 2582 Patricii,

229 2634 278 2693 sed
309 2634 391 2708 plebs
423 2631 507 2708 elset;
540 2636 621 2710 quod
653 2633 688 2694 lis
719 2634 825 2696 directe
857 2648 1017 2712 repugnat,
1048 2651 1113 2708 quae
1138 2631 1168 2691 in
1195 2633 1260 2690 Art.
1282 2641 1311 2704 5.
1331 2644 1363 2688 et
1382 2625 1410 2682 6·

229 2743 316 2821 hujus
344 2744 417 2822 Cap.
446 2746 631 2808 ostendimus.
673 2748 738 2806 Lex
765 2762 863 2807 autem
892 2746 940 2805 illa
968 2745 1096 2821 imperii,
1123 2763 1182 2820 qua
1202 2742 1359 2816 statuitur,
1380 2752 1411 2797 ut

230 2876 288 2917 una
315 2859 473 2934 eademque
500 2857 576 2918 ratio
605 2857 680 2918 inter
706 2875 855 2918 numerum
876 2856 1066 2917 Patriciorum
1087 2871 1118 2916 et
1138 2852 1336 2914 multitudinis
1357 2851 1410 2910 scr·
1450 2904 1451 2914 ,

230 2985 332 3044 vetur,
361 2969 390 3030 id
418 2970 539 3030 maxime
560 2969 696 3046 respicit,
718 2985 751 3030 ut
773 2967 961 3028 Patriciorum
979 2966 1029 3044 jus
1050 2981 1079 3026 et
1100 2964 1236 3042 potentia
1257 2963 1409 3024 conserve·

230 3098 294 3158 tur,
314 3101 350 3142 ne
373 3081 481 3142 scilicet
502 3082 655 3158 pauciores
677 3081 750 3156 stnt,
772 3100 857 3158 quam
880 3095 914 3140 ut
934 3078 1148 3140 multitudinem
1176 3077 1283 3152 pollmt
1303 3091 1411 3154 regere.

271 3191 297 3271 §.
318 3193 381 3253 XL.
422 3193 567 3253 Caetentm
595 3192 713 3272 Judices
739 3212 755 3251 a
778 3192 911 3267 supremo
940 3189 1077 3251 Concilio
1104 3208 1141 3249 ex
1170 3187 1238 3264 ipsas
1263 3185 1410 3255 Patriciis,
1450 3233 1451 3246 .

230 3305 288 3365 hoc
308 3306 349 3365 est
377 3307 448 3384 (per
469 3305 538 3365 Art.
563 3321 608 3380 17.
630 3304 715 3379 hujus
739 3305 826 3383 Cap.)
855 3322 892 3363 ex
912 3301 980 3379 ipsts
1000 3304 1096 3381 legum
1117 3299 1341 3375 conditoribus,
1361 3294 1409 3356 eli·

230 3417 318 3496 genili
339 3417 422 3492 sunt,
444 3433 473 3477 et
496 3416 662 3492 sententiae,
683 3435 757 3492 quas
779 3417 909 3476 tulerunt
929 3431 988 3476 tam
1009 3417 1045 3476 de
1066 3415 1153 3474 rebus
1170 3412 1308 3474 civilibus
1326 3424 1406 3487 quam

231 3527 441 3601 criminalibus,
463 3543 531 3588 ratae
553 3543 654 3603 erunt,
674 3527 692 3587 st
712 3526 828 3590 servato
850 3527 968 3602 ordine,
988 3542 1018 3586 et
1039 3525 1146 3601 absque
1166 3521 1294 3599 partium
1316 3518 1406 3582 studio

230 3641 350 3715 prolatae
371 3640 498 3714 suerint;
526 3641 562 3699 de
585 3658 641 3714 qua
663 3657 692 3700 re
713 3639 848 3718 Syndicis
876 3640 938 3717 lege
960 3637 1120 3714 permissum
1142 3635 1197 3696 erit
1218 3633 1405 3712 cognoscere,

226 3751 376 3828 judicare,
397 3766 426 3811 et
448 3750 580 3811 statuere.

271 3863 297 3942 §.
319 3863 396 3922 XLl.
436 3861 572 3942 Judicum
601 3863 796 3924 emolumenta
823 3865 923 3923 eadem
952 3860 1006 3922 esse
1034 3864 1160 3936 debent,
1188 3877 1254 3936 quae
1275 3861 1342 3920 Art.
1362 3873 1402 3932 29.

230 3976 304 4051 Cap.
325 3978 354 4035 6.
375 3975 516 4049 diximus3
538 3993 640 4051 nempe
663 3989 696 4036 ut
718 3993 755 4034 ex
777 3994 951 4052 unaquaque
974 3973 1138 4049 sententia,
1159 3991 1244 4050 quam
1266 3976 1303 4034 de
1326 3975 1402 4034 rebus

231 4087 368 4151 civilibus
388 4087 526 4161 tulerint,
547 4091 582 4148 ab
605 4106 659 4163 e0,
681 4087 732 4164 qui
755 4087 839 4148 causa
861 4085 988 4161 cecidit,
1011 4104 1064 4161 pro
1086 4085 1199 4147 ratione
1220 4085 1317 4145 totius
1336 4085 1401 4145 sum·

231 4221 283 4262 mae
305 4216 414 4276 partem
437 4199 595 4277 aliquotam
618 4199 774 4275 accipiant.
815 4202 857 4260 At
879 4199 955 4259 circa
976 4199 1135 4260 sententias
1155 4201 1191 4260 de
1211 4199 1299 4259 rebus
1317 4195 1400 4258 crimi-

233 4312 347 4374 nalibus
374 4313 435 4372 haec
465 4313 525 4372 sola
552 4312 599 4371 ltic
622 4310 787 4373 differentia
808 4310 859 4387 sut,
881 4326 914 4371 ut
935 4313 1013 4370 bona
1034 4313 1071 4370 ab
1093 4309 1161 4386 ipsrs
1181 4309 1356 4386 proscripta,
1374 4321 1399 4366 et
