2934 4900
394 316 533 393 Caput
563 320 630 378 VII.
671 320 718 379 De
739 319 923 380 Monarchia.
1193 335 1252 396 327

47 494 200 570 superbia.
249 495 428 571 Superqunt
448 496 582 556 homines
603 514 698 556 annua
719 496 934 574 designatione:
956 496 1028 573 quid
1048 496 1179 571 nobiles,
1199 496 1250 572 qui

47 608 183 669 honores
207 608 242 669 In
265 622 405 669 aeternum
427 608 549 687 agitant.
575 610 632 669 Sed
654 627 755 669 eorurn
775 610 939 687 arrogantia
960 610 1051 683 fastu,
1071 610 1160 685 luxu,
1181 626 1249 684 pro-

48 718 228 797 digalitate,
253 735 394 795 certoque
418 718 559 781 vitiorum
581 734 749 795 concentu,
778 735 808 779 et
830 722 918 781 docta
939 721 1064 796 quadam
1086 718 1251 795 lnsrpIentia

51 848 80 890 et
102 832 310 907 turpitudinis
342 832 484 910 elegantia
515 834 692 905 adornatur;
724 831 766 892 ita
796 847 830 893 ut
863 830 955 906 vitia,
987 850 1112 907 quorum
1142 831 1251 909 singula

52 942 170 1003 seorsim
204 944 353 1019 speciata,
381 943 450 1019 quia
477 960 540 1003 tum
567 944 691 1003 maxime
720 944 865 1019 eminent,
894 946 973 1005 soeda
1000 959 1030 1004 et
1050 942 1148 1019 turpia
1169 944 1252 1019 sunt,

52 1054 177 1115 honesta
212 1070 246 1115 et
274 1057 380 1115 decora
405 1054 548 1129 imperitis
571 1070 600 1115 et
622 1054 728 1133 ignaris
751 1054 918 1116 videantur.
958 1054 1041 1115 Nihil
1062 1070 1201 1131 praeterea
1220 1055 1252 1115 in

51 1168 146 1245 vulgo
181 1167 352 1241 modicum;
385 1182 509 1241 terrere,
541 1166 591 1227 nili
624 1182 770 1242 paveant:
803 1185 869 1227 nam
897 1166 1017 1226 libertas
1044 1181 1075 1226 et
1101 1166 1255 1229 servitium

52 1278 132 1339 baud
158 1280 254 1341 facile
276 1279 441 1341 miscentur.
462 1278 599 1355 Denique
622 1282 703 1355 quod
726 1279 805 1355 plebi
828 1280 907 1339 nulla
928 1278 1036 1340 veritas
1057 1298 1153 1355 neque
1170 1278 1251 1355 judi-

54 1391 131 1451 cium
155 1392 211 1467 fit,
230 1393 334 1453 mitum
356 1411 416 1453 non
438 1392 492 1465 est,
511 1396 630 1467 quando
652 1391 800 1467 praecipua
821 1391 935 1467 imperii
957 1390 1076 1469 negotia
1097 1393 1169 1452 clam
1190 1391 1252 1467 ipss

54 1502 231 1579 agitantur,
252 1521 283 1564 et
305 1523 366 1565 non
388 1504 440 1563 nist
462 1522 498 1563 ex
523 1504 642 1579 paucis,
665 1522 730 1579 quae
754 1502 840 1562 celari
862 1518 1035 1578 nequeunt,
1056 1502 1252 1577 eonjesturam

57 1615 137 1675 facit.
183 1616 336 1697 Judicium
365 1616 442 1677 enim
470 1616 644 1691 suspendere
674 1634 733 1677 rara
756 1617 797 1676 est
819 1616 923 1679 virtus.
965 1618 1050 1676 Velle
1070 1616 1159 1694 igitur
1179 1618 1252 1677 clam

57 1726 178 1789 ciuibus
203 1728 303 1789 omnia
324 1745 427 1807 agere,
448 1744 477 1788 et
500 1748 535 1789 ne
558 1732 594 1789 de
617 1728 716 1789 iisdem
739 1748 828 1804 prava
846 1728 959 1805 judicia
976 1731 1086 1803 ferant,
1104 1748 1199 1805 neque
1217 1744 1252 1789 ut

59 1854 102 1896 res
132 1858 243 1901 omnes
270 1839 377 1901 sinistre
406 1840 651 1917 interpretentur,
679 1839 788 1900 summa
807 1841 849 1901 est
869 1840 991 1901 inscitia.
1032 1843 1107 1900 Nam
1127 1840 1147 1899 sr
1169 1842 1251 1916 plebs

60 1946 116 2009 sese
138 1966 324 2027 temperare,
344 1967 374 2012 et
396 1954 432 2013 de
453 1955 541 2013 rebus
562 1970 663 2027 parum
686 1952 814 2031 cognitis
831 1951 976 2028 judicIum
994 1952 1184 2028 suspendere,
1202 1954 1252 2013 vel

62 2077 96 2118 ex
126 2064 235 2136 paucis
264 2062 451 2142 praecognitis
480 2064 555 2123 redte
581 2064 616 2123 de
644 2064 731 2124 rebus
756 2062 888 2138 judicare
915 2062 1029 2138 pollet,
1049 2061 1164 2141 dignior
1184 2062 1251 2123 sane

64 2173 129 2235 ellet
153 2193 191 2237 ut
213 2192 342 2252 regeret,
371 2195 456 2253 quam
479 2190 512 2235 ut
533 2192 690 2259 regeretur.
730 2176 805 2249 Sed,
826 2176 871 2236 uti
893 2175 1036 2251 diximus,
1063 2191 1167 2236 natura
1188 2194 1250 2236 om·

64 2282 150 2345 nibus
181 2290 283 2349 eadem
312 2289 368 2363 est3
397 2288 569 2364 superbiunt
597 2308 697 2349 omnes
725 2289 942 2364 dominatione3
970 2304 1099 2363 terrent,
1125 2288 1177 2349 nist
1199 2308 1250 2365 pa·

67 2414 172 2474 veant;
203 2416 234 2462 et
263 2400 372 2479 ubique
402 2401 510 2464 veritas
538 2403 708 2478 plerumque
736 2401 904 2480 infringitur
931 2405 968 2463 ab
989 2402 1106 2464 infensis
1127 2404 1175 2466 vel
1196 2406 1250 2464 ob·

67 2511 182 2588 noxiis;
214 2513 370 2588 praesertim
397 2515 447 2574 ubi
477 2535 553 2577 tanus
575 2517 623 2577 vel
644 2516 729 2592 pauci
753 2515 956 2591 domInautur,
978 2515 1029 2592 qui
1051 2535 1110 2577 non
1128 2515 1179 2591 jus
1199 2532 1271 2579 aut·

68 2639 166 2686 verum
191 2625 221 2686 in
243 2625 481 2705 cognitionibus,
504 2627 551 2688 scd
572 2627 801 2706 magnitudinem
822 2647 912 2704 opum
935 2628 1073 2704 spectant.

104 2737 131 2814 §-
156 2739 296 2798 XXVIII.
338 2739 451 2799 Milites
471 2740 576 2800 deinde
598 2739 794 2816 stipendiarii,
822 2740 937 2801 militari
959 2740 1070 2801 scilicet
1091 2739 1251 2816 disciplina

68 2845 185 2926 alluetI,
206 2849 311 2929 algoris
330 2865 359 2910 et
378 2850 481 2912 inediae
500 2853 662 2929 patientes,
679 2853 788 2916 civium
807 2858 920 2914 turbam
939 2868 1124 2914 contemnere
1142 2853 1252 2929 solent,

69 2975 173 3035 utpote
204 2965 241 3024 ad
269 2965 505 3042 expugnationes
532 2967 580 3027 vel
608 2981 711 3040 aperto
734 2967 830 3026 Marte
853 2964 1046 3026 dimicandum
1067 2967 1154 3044 longe
1175 2967 1251 3026 infe-

65 3069 179 3135 riorem.
221 3076 277 3136 Sed
306 3078 388 3152 quod
415 3077 569 3151 Imperium
598 3095 632 3136 ea
662 3079 698 3138 de
726 3078 811 3138 causa
840 3077 986 3138 Infelicius
1014 3077 1065 3152 stt,
1085 3078 1251 3140 autminus

68 3187 218 3261 constans,
239 3188 336 3248 nullus
357 3187 404 3247 cui
426 3206 507 3248 mens
528 3189 595 3248 sana
617 3189 675 3263 est,
696 3189 857 3250 affirmabit.
898 3190 955 3250 Sed
977 3204 1080 3250 eontra
1098 3188 1250 3266 unusquis-

67 3313 122 3368 que
152 3317 254 3376 aequus
285 3319 377 3361 rerum
400 3301 554 3361 aestimator
576 3301 646 3362 illud
668 3302 823 3378 imperium
844 3303 972 3363 omnium
994 3301 1174 3363 constantius
1195 3301 1251 3362 elle

68 3422 123 3468 uon
152 3411 290 3489 negabit,
318 3415 399 3488 quod
428 3428 509 3488 parta
538 3429 652 3474 tantum
674 3414 767 3487 tueri,
788 3432 842 3474 nec
863 3413 955 3473 aliena
978 3429 1115 3490 appetere
1136 3414 1250 3489 potest,

69 3525 207 3599 quodque
230 3539 385 3598 propterea
407 3525 513 3584 bellurn
535 3523 671 3584 omnibus
693 3523 789 3584 modis
810 3523 955 3584 declinare
962 3569 972 3599 ,
989 3541 1020 3584 et
1037 3542 1138 3599 pacem
1159 3523 1251 3599 tueri,

71 3627 177 3696 summo
199 3633 294 3695 studio
317 3651 451 3696 conatur.

110 3744 136 3822 §.
157 3747 264 3806 XXIX.
296 3748 442 3808 Caeterum
464 3748 579 3821 fateor,
600 3747 688 3823 hujus
709 3747 820 3822 imperii
843 3746 961 3808 consilia
982 3745 1067 3806 celari
1088 3745 1140 3808 vix
1160 3746 1252 3822 polle.

73 3853 126 3916 Sed
148 3858 345 3935 unusquisque
374 3877 486 3920 mecum
515 3861 602 3919 etiam
625 3859 783 3934 fatebitur,
802 3860 896 3919 multo
918 3857 1008 3918 satius
1029 3856 1101 3932 elle,
1122 3873 1155 3918 ut
1175 3859 1250 3917 resta

76 3960 181 4042 imperii
209 3969 326 4030 consrlia
354 3970 486 4032 hostibus
508 3987 646 4047 pateant,
667 3990 752 4048 quam
774 3987 808 4032 ut
828 3989 917 4046 prava
938 3986 1128 4049 tyrannorum
1150 3986 1251 4029 arcana

77 4075 141 4138 clam
163 4079 279 4142 cluibus
299 4079 470 4142 habeantur.
498 4081 558 4164 Qui
580 4081 692 4158 imperii
713 4083 833 4160 negotia
854 4081 967 4143 secreto
987 4081 1096 4160 agitare
1117 4080 1234 4156 poliunt
1241 4125 1252 4157 ,

78 4184 146 4252 idem
175 4193 308 4254 absolute
330 4193 359 4253 iu
382 4194 527 4269 potestate
555 4194 681 4269 habent,
702 4210 731 4255 et
753 4210 786 4256 ut
807 4194 883 4255 hosti
904 4195 933 4254 iu
956 4196 1051 4269 bello,
1072 4193 1114 4253 ita
1135 4193 1250 4256 civibus

79 4296 105 4360 in
124 4323 195 4382 pace
217 4304 396 4368 Infidiantnr.
428 4307 518 4386 Quod
539 4306 681 4368 mendum
703 4307 824 4385 imperio
846 4308 920 4383 saepe
942 4326 979 4369 ex
1000 4306 1054 4368 usu
1074 4305 1126 4383 stt,
1145 4323 1249 4386 negate
