2934 4900
235 341 295 401 422
713 318 956 379 Tractatus

235 501 313 560 unde
341 498 448 557 factum
474 496 531 572 est,
559 510 593 557 ut
613 497 751 574 prolege
773 493 896 555 maxime
925 493 1082 555 haberetur
1100 493 1177 555 ratio
1199 494 1348 569 vivendi,
1371 512 1436 569 que

233 607 402 669 homiuibus
430 626 467 667 ex
495 605 616 667 aliorum
645 604 768 683 imperio
797 604 1013 679 prescribitur:
1044 620 1074 666 et
1095 604 1313 683 consequenter
1338 622 1379 667 ut
1401 603 1441 678 ii,

235 722 286 799 qui
306 721 421 800 legibus
448 721 670 796 obtemperant,
698 718 751 780 sub
779 719 843 797 lege
865 718 966 781 vivere
989 718 1139 795 dicantur,
1161 735 1192 780 et
1213 719 1324 781 servire
1352 718 1440 779 vide-

235 847 329 894 antur.
350 831 515 893 Et·revera
536 828 589 906 qui
616 828 777 905 unicuique
799 827 881 889 suum
903 826 1025 905 tribuit,
1046 828 1116 905 quia
1138 829 1303 905 patibulum
1328 828 1445 901 timer,

234 944 260 1004 is
281 964 319 1005 ex
339 943 458 1005 alterius
479 941 601 1019 imperio
623 957 654 1002 et
675 941 751 1001 mulo
773 942 894 1002 coadus
915 940 992 1019 agit,
1014 959 1068 1001 nec
1086 940 1183 1017 justus
1200 942 1302 1005 vocati
1315 940 1448 1019 potest;

236 1070 266 1118 at
287 1057 330 1132 it,
350 1055 402 1133 qui
423 1056 584 1132 unicuique
613 1054 695 1117 suum
724 1052 828 1114 tribuit
856 1072 893 1113 ex
915 1070 969 1127 eo,
992 1054 1073 1129 quod
1102 1070 1199 1117 veram
1220 1056 1318 1133 legum
1340 1054 1460 1115 ratio-l

235 1185 300 1228 nem
332 1181 362 1228 et
392 1184 489 1227 earum
521 1164 716 1225 necessitatem
749 1162 852 1237 novit,
884 1161 909 1223 is
941 1161 1038 1222 animo
1071 1160 1216 1223 constanti
1239 1162 1318 1241 agit,
1342 1179 1381 1223 et
1407 1181 1450 1221 ex

235 1278 376 1355 proprio,
405 1295 466 1339 non
498 1293 570 1339 veto
602 1275 698 1337 alieno
729 1277 871 1349 decreto,
893 1276 1028 1349 adeoque
1046 1273 1142 1351 justus
1163 1274 1268 1336 merito
1289 1200 1462 1337 vocaturi

235 1390 328 1471 Quod
347 1388 434 1449 etiam
455 1388 576 1451 Paulum
605 1389 711 1448 docere
741 1386 865 1449 voluille
894 1401 986 1464 puro,
1008 1368 1074 1447 cum
1096 1386 1190 1465 dixit,
1210 1406 1281 1463 eos,
1302 1389 1362 1465 qui
1389 1386 1449 1448 sub

235 1504 299 1581 lege
326 1500 487 1575 vivebant,
513 1518 566 1577 per
592 1502 685 1579 legem
713 1498 861 1575 justificari
890 1516 950 1559 non
979 1498 1124 1575 potuille;
1142 1498 1256 1576 justitia
1279 1498 1388 1575 enim,
1413 1516 1449 1559 ut

236 1614 430 1676 communiter
460 1613 615 1689 definitur,
646 1611 687 1673 est
718 1611 853 1673 constans
884 1626 915 1672 et
947 1628 1089 1688 perpetua
1119 1612 1258 1674 voluntas
1275 1612 1327 1690 jus
1353 1614 1448 1674 suum

235 1726 342 1804 cuique
372 1725 538 1802 tribuendi;
570 1739 600 1786 et
627 1724 696 1787 ideo
724 1696 873 1785 Salomon·
892 1742 956 1800 cap.
985 1740 1034 1784 21.
1056 1724 1128 1788 vers.
1154 1736 1200 1800 15.
1221 1726 1236 1759 *
1257 1726 1352 1787 Prov.
1378 1726 1448 1799 ait,

235 1839 348 1921 Justum
367 1839 477 1915 laetari,
497 1857 563 1899 cum
584 1839 617 1899 fit
635 1837 797 1916 judicium,
825 1836 945 1913 iniquos
967 1854 1063 1898 autem
1086 1854 1204 1913 pavere.
1233 1837 1308 1899 Cum
1331 1837 1446 1915 itaque

236 1952 303 2011 Lex
324 1950 397 2012 nihil
428 1950 507 2012 aliud
526 1950 579 2027 stt,
608 1969 693 2026 quam
716 1949 792 2011 ratio
818 1949 957 2025 vivendi,
979 1968 1066 2026 quam
1086 1949 1221 2011 homines
1242 1952 1281 2011 ob
1303 1951 1445 2029 aliquem

235 2064 323 2124 finem
354 2063 407 2124 srbi
438 2066 488 2125 vel
519 2062 582 2123 aliis
613 2062 822 2139 praescribunt,
854 2062 922 2124 ideo
951 2064 1017 2125 Lex
1038 2062 1239 2141 distinguenda
1261 2062 1392 2126 videtur
1416 2065 1441 2124 ir

235 2174 390 2236 humanam
411 2189 441 2235 et
463 2174 601 2238 divinam.
623 2175 678 2237 Per
698 2176 852 2237 humanam
874 2175 1007 2255 intelligo
1038 2176 1180 2238 rationem
1202 2176 1347 2253 vivendi,
1373 2200 1439 2257 qut

236 2288 274 2348 ad
305 2288 457 2347 tutandam
488 2286 579 2349 vitam
610 2302 640 2347 et
671 2286 878 2363 rempublicam
911 2303 1025 2349 tanturn
1058 2287 1195 2363 inservit,
1226 2307 1277 2365 per
1298 2248 1462 2406 divinami

235 2415 351 2477 aurern,
372 2418 438 2477 quae
460 2399 553 2462 solum
575 2400 712 2463 summum
734 2403 863 2478 bonum,
884 2400 943 2464 hoc
966 2401 1005 2464 est
1028 2400 1085 2462 Dei
1107 2419 1205 2466 veram
1227 2402 1438 2482 cognitionem
1461 2450 1462 2498 ,

236 2526 268 2572 et
298 2529 440 2588 amorem,
467 2513 587 2588 spedat.
628 2513 740 2589 Ratio,
777 2532 829 2575 cur
868 2514 942 2574 hanc
974 2516 1065 2592 legem
1097 2531 1176 2576 voco
1210 2513 1365 2593 divinam,
1400 2517 1462 2600 est,

236 2640 359 2701 propter
379 2625 478 2686 summi
499 2625 573 2687 boni
594 2641 744 2702 naturam,
766 2645 852 2704 quant
874 2625 922 2686 hic
944 2625 1063 2703 paucis,
1085 2642 1115 2687 et
1127 2644 1213 2703 quam
1225 2629 1299 2689 clare
1309 2645 1438 2705 potero,
1461 2603 1462 2607 Ἰ

232 2735 294 2812 jam
316 2737 473 2798 ostendam.

276 2848 351 2909 Cum
371 2849 473 2910 melior
494 2868 559 2925 pars
581 2849 670 2910 nostri
691 2848 725 2910 stt
748 2849 931 2925 intellectus,
952 2865 1064 2910 certum
1085 2849 1141 2926 est,
1164 2849 1337 2914 simulitum
1361 2856 1435 2916 utile
1461 2874 1462 2902 l

235 2979 337 3024 revera
367 2979 497 3038 quaerere
526 2961 669 3037 velimus,
696 2980 753 3024 nos
781 2963 867 3039 supra
898 2961 995 3022 omnia
1024 2963 1130 3023 debere
1160 2963 1278 3042 conari,
1307 2979 1343 3026 ut
1366 2987 1433 3028 eum

236 3088 378 3150 quantum
405 3073 467 3132 lieri
495 3073 592 3148 potest
618 3074 819 3150 perficiamus;
849 3074 878 3134 in
901 3073 965 3150 eius
987 3072 1063 3134 enim
1085 3075 1266 3150 perfectione
1288 3077 1432 3140 summum
1461 3085 1462 3166 i

236 3185 363 3246 nostrum
384 3188 494 3247 bonum
523 3186 675 3247 consistere
704 3190 802 3248 debet.
832 3188 941 3263 Porro,
963 3185 1101 3263 quoniam
1124 3187 1219 3248 omnia
1240 3189 1335 3250 nostra
1359 3210 1430 3269 cog·

236 3294 312 3355 nitio
344 3311 374 3356 er
407 3294 573 3373 certitudo,
605 3317 670 3374 quae
701 3315 802 3361 revera
834 3315 920 3360 omne
952 3296 1073 3359 dubium
1105 3297 1202 3374 tollit,
1234 3317 1249 3359 a
1282 3299 1342 3361 sola
1373 3302 1429 3361 Dei

236 3405 408 3484 cognitione
439 3409 603 3484 dependet;
635 3425 697 3472 tum
725 3409 794 3488 quia
821 3409 880 3471 srne
910 3411 978 3470 Deo
1008 3409 1080 3471 nihil
1105 3409 1162 3472 elle
1190 3430 1286 3488 neque
1308 3413 1427 3488 concipi

235 3535 355 3598 potest,
381 3535 444 3580 tum
475 3519 562 3580 etiam
588 3521 657 3598 quia
685 3523 721 3583 de
751 3523 888 3584 omnibus
916 3521 1051 3584 dubitare
1076 3522 1243 3600 pollumus,
1265 3543 1353 3600 quam
1375 3525 1426 3585 diu
1459 3569 1462 3582 ,

236 3631 295 3694 Dei
315 3632 422 3692 nullam
442 3633 546 3693 claram
568 3649 599 3694 et
621 3633 781 3696 distinctam
802 3635 942 3696 habemus
963 3635 1072 3712 ideam3
1094 3635 1162 3697 hinc
1184 3636 1316 3714 sequitur
1321 3681 1332 3713 ,
1351 3637 1425 3698 sum-

236 3762 313 3805 mum
333 3744 461 3804 nostrum
481 3745 592 3805 bonum
613 3761 644 3806 et
670 3746 878 3822 persedionenr
900 3767 915 3808 a
938 3748 997 3808 sola
1015 3748 1073 3808 Dei
1094 3748 1266 3828 cognitione
1288 3753 1425 3826 pendere,

237 3871 294 3917 etc.
314 3854 447 3931 Deinde,
469 3875 535 3916 curn
557 3855 628 3916 nihil
654 3856 711 3918 stne
733 3859 801 3920 Deo
821 3877 874 3920 nec
895 3860 950 3920 elle
972 3879 1025 3920 nec
1048 3861 1165 3937 concipi
1188 3863 1289 3937 polilt,
1313 3879 1422 3925 cerrum
1461 3859 1462 3880 ¹

237 3967 293 4042 est,
314 3966 427 4043 omnia,
456 3986 521 4044 quae
551 3967 580 4028 in
610 3971 724 4031 Natura
753 3971 836 4046 sunt,
857 3972 914 4034 Dei
935 3988 1130 4048 conceptum,
1151 3989 1206 4047 pro
1228 3973 1343 4034 ratione
1366 3975 1421 4038 sua

236 4077 363 4140 ellentiae
384 4078 501 4156 sueque
523 4080 729 4160 perfeetionis,
759 4083 912 4148 involvere
938 4100 1027 4164 atque
1048 4085 1225 4164 exprimere;
1247 4105 1279 4146 ac
1301 4087 1421 4162 proinde

270 4336 284 4366 ‘
318 4333 365 4386 Ed.
383 4336 439 4383 Pa:
460 4349 499 4387 ια.
