2934 4900
317 297 909 393 Theologic0·PoliticiCap.
932 304 969 374 V.
1181 321 1239 393 433

48 492 120 551 lraec
141 493 202 551 duo
224 488 349 551 attulisse
370 488 485 551 sufficit.
526 489 619 570 Quod
639 504 738 549 autem
760 488 940 551 ceremonia
961 490 1033 551 nihil
1054 494 1091 551 ad
1112 490 1248 551 beatitu··

50 602 155 661 dinem
182 600 307 678 juvent,
339 601 388 662 sed
419 602 502 677 quod
534 616 650 661 tantum
680 600 794 675 imperii
826 614 1042 677 temporaneam
1074 600 1245 661 felicitatem

50 712 236 787 respiciant,
258 712 347 774 etiam
367 731 404 773 ex
424 711 486 787 ipsa
508 712 657 787 Scriptura
679 710 810 786 constat,
831 730 897 788 quae
919 730 973 787 pro
998 712 1179 773 caeremoniis
1200 714 1246 773 ni·

50 826 99 885 hil
129 825 182 887 niti
212 824 345 901 corporis
376 827 529 885 commoda
561 840 593 883 et
622 822 742 884 delicias
773 823 939 899 promittit,
970 841 1000 885 et
1022 842 1075 899 pro
1097 824 1159 885 sola
1182 827 1246 903 lege

53 938 160 1001 diuina
187 935 342 999 universali
368 935 592 1000 beatitudinem.
632 938 666 995 ln
695 935 827 1011 quinque
858 936 934 996 enim
963 936 1060 1011 libris,
1082 935 1134 1011 qui
1155 936 1248 997 Molis

54 1052 151 1128 vulgo
182 1048 336 1121 dicunttu,
368 1047 441 1109 nihil
471 1047 568 1121 aliud,
597 1063 632 1107 ut
664 1047 750 1122 supra
773 1046 918 1122 diximus,
939 1034 1139 1122 promittitur,
1159 1066 1246 1123 quam

52 1164 122 1221 haec
148 1178 336 1237 temporanea
364 1159 507 1233 felicitas,
528 1178 632 1233 nempe
653 1159 783 1220 honores
805 1158 864 1221 ssve
886 1160 978 1234 fama,
999 1159 1147 1235 victoriae,
1169 1160 1247 1223 atti-

54 1274 125 1349 tiae,
157 1273 287 1347 delicia,
317 1288 347 1333 et
378 1272 529 1334 valetudo.
570 1271 609 1330 Et
642 1270 776 1347 quamvis
805 1271 936 1347 quinque
968 1271 1010 1331 illi
1039 1270 1122 1347 libri,
1142 1287 1249 1348 praeter

55 1383 265 1460 ceremonias,
292 1385 382 1445 multa
409 1382 529 1444 moralia
557 1382 747 1458 contineant,
774 1383 836 1443 hec
869 1398 965 1443 tamen
986 1382 1017 1443 in
1039 1382 1074 1443 iis
1096 1396 1156 1446 non
1178 1400 1249 1443 con·

54 1496 193 1559 tinentur
213 1512 351 1573 tanquam
373 1498 549 1557 documenta
572 1494 690 1555 moralia
713 1493 849 1555 omnibus
871 1493 1039 1555 hominibus
1060 1493 1250 1569 universalia,

55 1608 111 1669 sed
132 1625 271 1685 tanquam
292 1610 428 1669 mandata
448 1610 486 1669 ad
507 1623 626 1683 captum
647 1623 678 1668 et
699 1605 848 1685 ingenium
867 1607 957 1669 solius
975 1608 1107 1669 Hebraeae
1119 1608 1249 1671 nationis

55 1721 186 1781 maxime
213 1722 453 1792 accommodata,
482 1734 512 1780 et
540 1737 606 1795 quae
635 1721 710 1779 adeo
739 1716 826 1778 etiam
847 1717 938 1779 solius
958 1718 1071 1795 imperii
1092 1718 1248 1781 utilitatem

56 1835 202 1909 speciant.
242 1833 298 1893 Ex.
326 1851 367 1911 gr.
397 1832 499 1893 Moses
520 1850 581 1892 non
603 1846 743 1907 tanquam
766 1832 871 1891 doctor
891 1847 941 1893 aut
962 1830 1109 1907 Propheta
1128 1834 1249 1913 Judaeos

55 1950 168 2021 docet,
199 1964 235 2005 ne
264 1945 401 2006 occidant
429 1962 526 2021 neque
554 1945 704 2018 furentur,
733 1943 783 2005 sed
810 1943 872 2003 hec
895 1958 1031 2020 tanquam
1053 1944 1198 2023 legissator
1218 1960 1248 2005 et

58 2057 203 2133 Princeps
226 2056 331 2133 J'ubet;
359 2074 420 2117 non
448 2055 524 2117 enim
551 2058 729 2117 documenta
758 2055 872 2117 ratione
893 2058 1083 2133 comprobat,
1103 2056 1152 2119 sed
1169 2056 1249 2132 jusfi-

58 2172 120 2229 bus
148 2186 264 2245 poenam
293 2168 391 2242 addit,
419 2186 484 2244 quae
512 2186 566 2243 pro
595 2167 715 2245 ingenio
737 2167 966 2245 uniuscujusque
988 2168 1117 2229 nationis
1140 2169 1248 2231 variare

58 2281 161 2357 potest
181 2298 211 2341 et
234 2282 338 2356 debet,
359 2298 393 2341 ut
413 2279 594 2356 experientia
617 2280 686 2341 satis
706 2280 820 2342 docuit.
841 2279 888 2341 Sic
911 2280 998 2342 etiam
1017 2280 1172 2357 juliumde
1185 2300 1246 2343 non

57 2394 274 2457 committendo
291 2394 441 2456 adulterio
461 2392 552 2456 solius
571 2393 740 2472 reipublicae
763 2408 793 2454 et
816 2393 930 2471 imperii
942 2394 1101 2458 utilitatem
1113 2394 1247 2472 respicit3

57 2526 128 2568 nam
149 2505 170 2565 fi
191 2509 398 2568 documentum
420 2507 528 2566 morale
548 2508 654 2567 docere
676 2504 833 2582 voluisset,
853 2509 936 2582 quod
957 2523 1017 2566 non
1039 2504 1128 2566 solam
1147 2506 1246 2580 reipu-

56 2617 146 2678 blicae
177 2617 351 2692 utilitatem,
382 2618 432 2678 sed
462 2618 551 2678 animi
581 2616 821 2695 tranquillitatem
852 2632 882 2678 ct
903 2635 1000 2680 verant
1022 2616 1248 2693 uniuscujusque

55 2728 274 2790 beatitudinem
295 2729 467 2804 respiceret,
489 2745 552 2790 tum
573 2747 634 2790 non
655 2744 770 2790 tantum
791 2728 934 2789 astionem
956 2744 1124 2802 externam,
1144 2727 1194 2788 sed
1216 2741 1247 2788 et

56 2840 157 2916 ipsum
178 2837 265 2900 animi
286 2839 457 2901 consensum
486 2842 650 2916 damnaret3
678 2855 712 2900 ut
734 2838 865 2900 Christus
887 2838 976 2914 fecit,
997 2840 1048 2916 qui
1070 2842 1248 2902 documenta

56 2950 235 3012 universalia
262 2967 377 3014 tanturn
406 2951 510 3012 docuit
538 2951 622 3029 (vide
649 2951 759 3010 Matth.
778 2969 844 3026 cap.
865 2963 893 3030 5.
916 2950 958 3014 vs.
979 2951 1059 3029 28.);
1082 2966 1111 3012 et
1134 2952 1188 3010 hac
1210 2953 1248 3012 de

57 3063 148 3126 causa
169 3063 300 3124 Christus
319 3064 468 3141 premium
490 3063 655 3140 spirituale,
675 3081 736 3123 non
759 3077 910 3124 autemut
932 3061 1032 3124 Moses
1054 3079 1246 3138 corporeum,

56 3175 227 3252 promittit;
256 3195 320 3236 narn
347 3175 494 3249 Christus,
522 3175 566 3236 uti
595 3173 675 3250 dixi,
703 3193 765 3235 non
786 3177 823 3236 ad
843 3173 994 3250 imperium
1016 3174 1246 3236 conservandum

57 3305 90 3348 et
122 3290 204 3366 leges
236 3287 461 3361 instituendum,
493 3287 543 3348 sed
573 3288 610 3347 ad
640 3285 729 3346 solam
756 3287 848 3364 legem
871 3285 1059 3348 universalem
1082 3289 1246 3348 docendum

58 3398 159 3459 missus
180 3399 248 3460 suit.
268 3399 309 3460 Et
328 3399 397 3459 hinc
419 3399 504 3459 facile
525 3397 730 3476 intelligimus,
750 3397 893 3458 Christum
911 3399 1004 3475 legem
1025 3397 1118 3460 Mosrs
1129 3397 1245 3458 minime

59 3509 264 3588 abrogaviile,
291 3510 531 3586 quandoquidem
560 3509 689 3570 Christus
711 3511 804 3570 nullas
825 3526 919 3572 novas
940 3511 1018 3587 leges
1040 3507 1068 3568 in
1090 3509 1247 3584 rempubli-

58 3641 124 3681 cam
146 3621 333 3684 introducere
354 3621 501 3696 voluerit,
521 3641 575 3682 nec
597 3621 676 3683 aliud
696 3622 786 3700 magis
798 3621 942 3684 curaverit
949 3639 1055 3697 ,quam
1068 3623 1244 3682 documenta

59 3732 183 3793 moralia
204 3735 327 3808 docere,
349 3752 442 3809 eaque
464 3753 480 3793 a
501 3732 616 3812 legibus
627 3732 809 3808 Reipublicae
821 3731 1111 3812 distinguere;idquc
1122 3731 1245 3792 maxime

60 3863 187 3921 propter
207 3846 413 3907 Pharisaeorum
435 3845 644 3925 ignorantiam,
667 3846 718 3922 qui
739 3848 901 3922 putabant,
922 3845 1000 3906 illum
1022 3848 1107 3906 beate
1129 3845 1246 3921 vivere,

60 3956 113 4032 qui
140 3955 206 4031 jura
228 3956 412 4033 Reipublicae
433 3957 492 4021 slve
514 3960 607 4038 legem
627 3957 720 4018 Molis
749 3960 942 4033 defendebam
964 3977 1029 4019 cum
1050 3973 1146 4020 tamen
1168 3958 1228 4035 ipsa
1235 4004 1246 4035 ,

61 4069 107 4128 uti
138 4068 282 4142 diximus,
303 4071 410 4130 nullam
432 4069 483 4129 nist
510 4069 695 4146 Reipublicae
716 4069 860 4130 rationem
881 4068 1034 4144 habuerit,
1054 4087 1107 4128 nec
1129 4083 1187 4129 tant
1209 4073 1245 4130 ad

61 4181 209 4242 llebraeos
240 4183 406 4243 docendum
438 4203 523 4259 quum
556 4185 719 4262 cogendum
751 4183 943 4246 inserviucrit.
975 4181 1033 4242 Sed
1062 4185 1097 4243 ad
1119 4177 1245 4244 nostrum

61 4291 245 4368 propositum
274 4310 467 4371 revertamur,
495 4311 526 4356 et
547 4296 602 4357 alia
623 4295 779 4372 Scriptura:
800 4297 883 4370 loca,
904 4313 969 4372 quae
991 4313 1045 4370 pro
1066 4294 1246 4356 ceremoniis

1113 4408 1147 4459 28
