2934 4900
482 365 538 426 De
578 363 852 428 affectibus.
1203 369 1256 428 161

474 559 870 607 Demonstnanno

107 655 191 731 Res,
223 673 311 732 quam
338 653 456 716 liberam
485 654 541 716 esse
567 655 775 736 imaginamur,
796 657 885 717 debet
907 656 979 736 (per
997 657 1093 736 Defin.
1116 672 1143 733 7.
1160 670 1193 738 p.
1218 658 1259 738 1.)

72 785 120 841 per
148 767 180 827 se
208 766 319 844 absque
347 766 412 828 aliis
434 767 555 845 percipi.
586 768 617 829 Si
642 767 732 847 igitur
757 771 879 830 eandem
903 767 1031 830 Laetitiae
1051 771 1101 832 vel
1120 769 1259 830 Tristitia

71 877 186 940 causam
211 879 267 941 esse
292 879 500 959 imaginemur,
524 898 561 941 eo
589 879 653 958 ipso
675 879 973 962 (persuadeam.
998 897 1043 959 13.
1064 879 1165 961 lausus)
1188 899 1256 943 ean·

72 993 135 1052 dem
159 993 321 1055 amabimus
341 993 391 1056 vel
410 994 481 1055 odio
502 993 689 1071 habebimus,
709 993 798 1070 idque
816 993 1132 1074 (permamanet.)
1149 993 1260 1056 summo

69 1105 181 1166 Amore
201 1107 250 1168 vel
272 1106 370 1182 Odio,
390 1106 441 1182 qui
461 1123 498 1167 ex
521 1109 592 1168 dato
614 1106 720 1169 affestu
746 1106 814 1167 oriri
842 1105 949 1182 potest
978 1107 1036 1169 Sed
1056 1106 1077 1167 fi
1098 1125 1173 1185 rem,
1194 1126 1260 1185 quae

70 1217 201 1294 ejusdem
231 1217 353 1281 affedius
383 1217 424 1279 est
454 1219 558 1298 causa,
590 1233 623 1281 ut
655 1217 839 1280 necessariam
869 1218 1078 1299 imaginemur,
1106 1235 1167 1281 tum
1189 1219 1262 1299 (per

69 1331 185 1391 eandem
215 1329 310 1409 Defia.
332 1345 361 1406 7.
378 1343 410 1410 p.
435 1330 474 1409 t.)
506 1307 596 1407 ipsam
627 1348 688 1392 non
718 1329 828 1406 solam,
858 1330 908 1392 sed
939 1349 1005 1392 cum
1036 1330 1100 1391 aliis
1130 1327 1260 1408 ejusdem

69 1443 193 1506 effeetus
223 1441 336 1504 eausam
367 1441 422 1504 esse
452 1442 691 1522 imaginabimur,
722 1459 813 1520 atque
844 1446 919 1505 adeo
951 1441 1023 1525 (per
1048 1444 1137 1522 Prop.
1154 1444 1259 1524 prae.)

69 1557 163 1618 Amor
183 1569 214 1617 et
234 1555 342 1618 Odium
364 1573 429 1635 erga
450 1555 540 1632 ipsam
560 1556 656 1617 minor
675 1556 741 1618 erit.
784 1557 819 1634 Q.
839 1557 877 1617 E.
897 1557 938 1617 D.

536 1715 793 1760 scu0t1UM.

107 1811 190 1872 Hinc
220 1807 372 1887 sequitur,
402 1809 557 1888 homines,
587 1809 657 1887 quia
684 1810 713 1872 se
739 1810 849 1871 liberos
874 1807 932 1871 esse
951 1808 1133 1886 existimant,
1151 1807 1260 1886 majore

69 1925 182 1984 Amore
211 1921 259 1984 vel
284 1921 362 1984 Odio
387 1920 416 1982 se
442 1919 568 1985 invicem
593 1921 752 1999 prosequi,
777 1939 863 1998 quam
890 1921 965 1998 alia;
987 1922 1024 1982 ad
1043 1921 1126 1998 quod
1146 1920 1261 1982 accedit

69 2034 227 2095 affeetuum
247 2033 395 2112 imitatio,
415 2036 452 2096 de
473 2051 531 2112 qua
552 2034 621 2097 vide
642 2035 730 2110 Prop.
751 2049 800 2111 27,
822 2051 879 2115 34,
898 2051 954 2113 40,
975 2046 1005 2094 et
1026 2049 1075 2113 43.
1095 2031 1193 2111 hujus.

464 2181 794 2243 PROPOSITIO
834 2184 870 2244 L.

108 2295 170 2355 Res
192 2309 363 2371 quaecunque
378 2293 469 2372 potest
488 2293 540 2372 effe
555 2306 612 2373 per
631 2295 762 2354 accidens
781 2293 855 2374 Spei
872 2307 928 2356 aut
946 2295 1048 2356 Metus
1068 2296 1167 2372 causa.

469 2445 866 2492 nemonsnnanuo

107 2540 180 2601 Haec
201 2539 368 2616 Propofitio
388 2540 488 2603 eadem
509 2540 559 2603 via
580 2541 814 2617 demonstratur,
834 2560 895 2619 qua
913 2540 1081 2618 Propositio
1101 2551 1146 2614 15.
1157 2538 1260 2619 hujus,

70 2668 154 2725 quam
175 2651 245 2715 vide
265 2669 324 2713 una
344 2669 410 2713 cum
430 2651 530 2713 Schob
552 2652 769 2730 Propositionis
793 2653 838 2715 18.
859 2652 958 2731 hujus.

539 2800 620 2842 scm
633 2800 651 2843 ο
664 2800 795 2843 ntum,

109 2892 190 2968 Res,
221 2910 287 2969 quae
318 2910 371 2969 per
401 2894 537 2956 accident
566 2893 636 2971 spei
664 2910 715 2957 aut
743 2897 847 2957 Metus
875 2896 942 2957 sunt
969 2894 1083 2972 causae,
1107 2878 1188 2957 bona
1207 2908 1259 2956 aut

75 3004 145 3063 nala
164 3001 263 3064 omina
283 3018 438 3067 vocantur.
466 3005 581 3068 Deinde
610 3020 758 3083 quatenus
776 3006 840 3067 haec
862 3008 962 3068 eadem
983 3007 1081 3068 omina
1100 3006 1168 3067 sunt
1189 3004 1259 3081 Spei

76 3128 123 3175 aut
142 3116 248 3177 Metuo
275 3115 360 3177 causa
371 3162 380 3193 ,
401 3132 524 3179 eatenus
544 3118 617 3197 (per
636 3118 731 3197 Defin.
754 3118 827 3199 Spei
845 3132 874 3179 et
894 3120 994 3179 Metus
1000 3163 1011 3194 ,
1031 3136 1120 3196 quam
1139 3117 1207 3177 vide
1226 3120 1259 3175 t'n

76 3226 165 3291 Sados.
176 3245 205 3289 2.
221 3230 312 3309 Prop.
331 3230 375 3291 18.
390 3228 491 3311 hujus)
511 3230 639 3293 Laetitiae
661 3246 713 3293 aut
733 3230 873 3292 Tristitia
893 3231 961 3293 sunt
981 3228 1083 3306 causa,
1103 3243 1135 3289 et
1154 3226 1257 3289 conse·

75 3356 194 3416 quentet
215 3340 288 3421 (ptr
309 3342 411 3405 Corosl.
431 3344 522 3423 Prop.
546 3354 591 3418 15.
613 3341 713 3423 husius)
733 3357 857 3405 eatenus
873 3345 973 3405 eadem
988 3358 1116 3403 amamus
1127 3341 1174 3404 vel
1184 3336 1256 3402 odio

74 3450 226 3530 habemus,
247 3468 279 3515 et
298 3452 369 3536 (per
387 3456 479 3535 Prop.
500 3456 549 3517 28.
571 3454 672 3535 ausus)
700 3470 840 3533 tanquam
861 3454 955 3517 media
975 3456 1013 3515 ad
1034 3472 1085 3531 ea,
1105 3470 1172 3530 quae
1193 3451 1257 3528 spe-

72 3582 184 3641 nmua,
212 3564 373 3645 adhibere,
392 3568 441 3631 vel
471 3582 610 3645 tanquam
631 3568 780 3631 obstacula
807 3582 859 3630 aut
879 3568 982 3629 Metus
1002 3565 1103 3628 causas
1122 3581 1258 3628 amouere

74 3694 217 3739 conamur.
238 3677 382 3740 Ptaetetea
401 3696 439 3739 ex
460 3678 664 3756 Propositione
685 3692 735 3757 25.
755 3680 844 3758 hujus
864 3670 1007 3757 sequitur,
1023 3696 1080 3740 noa
1096 3692 1199 3739 natura
1215 3677 1257 3739 ita

73 3786 124 3850 esse
144 3788 346 3867 constitutos,
366 3804 401 3852 ut
420 3808 476 3867 ea,
495 3810 561 3869 quae
582 3792 749 3871 speramus,
769 3794 876 3869 facile,
896 3812 962 3871 quae
983 3807 1081 3855 autem
1102 3792 1258 3869 timemus,

73 3900 186 3962 difficile
207 3900 378 3977 credamus,
397 3918 429 3965 et
448 3918 483 3965 ut
505 3905 542 3966 de
563 3904 599 3967 iis
620 3906 687 3982 plus
707 3907 842 3968 minusve
859 3905 939 3983 justo
959 3904 1127 3967 sentiamus.
1154 3902 1257 3982 Atque

22 4076 47 4113 q
73 4030 107 4072 ex
125 4012 172 4074 hia
193 4029 268 4076 ottae
287 4012 355 4077 sunt
375 4014 621 4095 Superstitionem
642 4017 751 4095 quibua
770 4017 906 4080 hominen
920 4016 1031 4094 ubique
1042 4016 1257 4079 condiebantur.

17 4130 55 4208 ..5
73 4122 216 4187 Ceterum
236 4142 298 4187 non
319 4141 395 4203 puto
417 4144 514 4204 opere
536 4126 592 4189 effe
613 4128 761 4207 pretium,
787 4127 875 4191 animi
895 4128 942 4190 hic
964 4128 1116 4191 ostendere
1135 4128 1257 4191 fludua-

72 4234 168 4298 tionea
178 4282 189 4315 ,
209 4255 275 4314 quae
296 4255 334 4299 ex
351 4239 410 4315 Spe
432 4254 462 4300 et
482 4240 572 4301 Metu
592 4240 747 4319 oriuntut3
768 4240 1008 4320 quandoquidem
1025 4258 1063 4302 ex
1078 4239 1138 4302 sola
1152 4238 1255 4301 borum

71 4346 222 4413 affedtuum
255 4349 428 4413 definitione
459 4350 611 4432 sequitur,
641 4370 702 4416 non
735 4353 796 4416 dari
826 4354 913 4431 Spem
940 4352 999 4414 stne
1026 4353 1135 4431 Metu,
1159 4368 1256 4429 neque

1123 4463 1152 4501 11
