2934 4900
356 316 492 393 Caput
524 316 606 379 Vlll.
646 318 692 379 De
714 314 912 379 Aristocratia.
1163 331 1218 395 351

27 490 95 551 Art.
120 508 150 567 3.
175 506 207 551 et
230 512 258 570 4
278 490 365 567 liujus
393 492 497 571 Cap),
527 507 615 569 atque
643 494 717 553 adeo
747 508 780 553 ut
808 492 938 568 suprema
959 491 1072 568 imperii
1092 493 1221 568 potestas

26 624 116 679 penes
141 622 253 665 ornnes
275 604 433 679 Patricius,
454 604 611 667 aueioritas
633 619 729 666 autern
752 624 843 681 penes
863 605 1008 683 Syndieos
1023 620 1054 665 et
1068 606 1221 679 Senatum,

26 732 49 773 er
69 716 124 791 jus
148 718 286 792 denique
306 718 444 779 Senatum
472 718 675 792 convocandi,
702 718 804 795 resque
833 720 870 779 ad
896 736 1077 779 communem
1101 718 1220 779 salutem

26 828 219 902 pertinentes
236 830 422 906 proponendi
433 831 457 905 ⁵⁸,
475 848 565 905 penes
576 830 734 907 Consules,
753 850 790 891 ea
801 830 866 907 ipso
877 832 988 892 Senatu
998 832 1124 904 eletios,
1141 829 1220 891 esset.

25 941 114 1018 Quod
146 941 169 1001 fi
201 958 340 1017 praterea
361 942 524 1018 statuatur,
545 958 577 1004 ut
599 942 650 1019 qui
672 962 687 1003 a
708 943 833 1005 Secretis
854 944 884 1004 in
905 944 1016 1005 Senatu
1037 945 1084 1006 vel
1105 943 1134 1003 in
1157 943 1221 1004 aliis

25 1054 176 1113 Conciliis
200 1054 258 1129 est,
286 1054 316 1114 in
337 1071 481 1131 quatuor,
504 1055 705 1132 autquinque
729 1058 766 1117 nd
788 1056 945 1132 summum,
967 1073 1059 1116 anuos
1081 1055 1222 1133 eligatur,

25 1182 113 1239 utque
127 1168 157 1226 ei
171 1166 333 1242 secundus,
352 1168 403 1244 qui
415 1186 430 1227 a
441 1167 565 1229 Secretis
577 1167 606 1228 in
619 1168 694 1229 idem
706 1184 823 1244 tempus
835 1168 1001 1246 desrgnatus
1012 1167 1062 1243 fit,
1081 1167 1221 1247 adjunga-

26 1293 80 1351 tur,
103 1279 162 1355 qui
181 1278 299 1339 interim
316 1278 425 1341 laboris
443 1294 554 1355 partem
574 1281 665 1355 serat;
687 1282 735 1342 vel
756 1279 776 1339 fi
797 1279 827 1340 in
848 1282 957 1341 Senatu
979 1298 1038 1340 non
1060 1299 1152 1355 unus,
1173 1280 1223 1341 sed

27 1390 123 1463 plures
148 1410 167 1451 a
192 1392 319 1453 Secretis
347 1390 419 1465 lint,
448 1410 571 1468 quorum
599 1392 672 1453 alius
696 1392 759 1468 his,
779 1392 854 1453 alius
875 1392 939 1453 aliis
959 1392 1088 1469 negotiis
1108 1392 1222 1453 detine·

30 1516 87 1575 rur;
110 1522 271 1579 nunquam
293 1504 361 1579 liet,
382 1518 415 1565 ut
437 1502 666 1565 administratum
687 1505 822 1579 potentia
843 1503 967 1580 alicujus
988 1504 1022 1563 srt
1044 1495 1195 1565 momenti.

65 1612 92 1691 S.
115 1616 219 1675 XLV.
260 1616 366 1676 AErarii
393 1615 518 1676 Tribuni
549 1634 586 1675 ex
614 1617 698 1691 plebe
727 1616 814 1676 etiam
836 1615 961 1694 eligendi
981 1615 1065 1691 sunt,
1086 1614 1137 1691 qui
1158 1614 1221 1691 ejus

30 1724 177 1786 rationem
199 1745 260 1787 non
283 1741 395 1787 tantum
417 1726 557 1803 Senatui,
578 1727 627 1787 sed
649 1727 737 1787 etiam
757 1727 893 1805 Syndicis
913 1730 1032 1789 reddere
1053 1742 1222 1787 teneantur.

67 1837 92 1915 ᾗ.
115 1840 232 1900 XLVI.
274 1841 323 1901 Ad
350 1838 534 1917 Religionem
562 1858 627 1915 quae
649 1838 797 1914 speilant,
817 1838 886 1900 satis
907 1839 1021 1915 prolixe
1041 1838 1220 1901 ostendimus

30 1948 55 2007 in
83 1954 191 2014 Traei.
220 1951 560 2031 Theologico-Politico.
600 1952 742 2033 Quaedum
769 1965 866 2011 tamen
893 1967 955 2011 tum
989 1952 1155 2027 omisimus,
1185 1954 1222 2012 de

35 2061 142 2135 qrribus
167 2064 210 2124 ibi
231 2081 291 2124 non
313 2080 373 2124 erat
395 2064 498 2142 agendi
519 2066 612 2125 locus.
643 2066 758 2141 Nempe
779 2066 862 2141 quod
884 2081 984 2125 omnes
1005 2063 1123 2125 Patricii
1144 2062 1222 2140 ejus·

35 2175 95 2233 dem
119 2176 309 2255 Religionis,
336 2175 538 2251 snnplicilllmae
567 2176 677 2237 scilicet
698 2192 727 2237 et
748 2176 871 2237 maxime
898 2176 1079 2251 Catholicae,
1108 2178 1222 2254 qualem

35 2282 60 2341 in
82 2290 193 2347 eodem
214 2288 355 2349 Tradatu
376 2288 590 2363 descripsimus,
611 2288 666 2349 else
689 2290 825 2350 debeant.
868 2292 943 2350 Nam
964 2289 1092 2366 apprime
1113 2308 1221 2375 caveu-

38 2396 101 2458 dum
131 2399 193 2476 est,
221 2418 257 2460 ne
285 2398 336 2476 ipsa
364 2400 480 2462 Patricii
509 2400 538 2462 in
567 2402 657 2464 sosiae
684 2401 873 2478 dividantur,
900 2417 930 2463 et
959 2376 1070 2462 ne⁸alii
1090 2400 1153 2476 his,
1173 2400 1224 2461 alii

39 2509 98 2572 aliis
127 2515 199 2588 plus
227 2514 361 2588 faveanr;
389 2531 419 2574 et
444 2513 568 2589 deinde,
589 2533 624 2575 ne
646 2513 849 2590 superstitione
870 2511 950 2588 capti
970 2511 1134 2572 libertatem
1155 2511 1222 2572 sub·

41 2621 105 2682 ditis
128 2624 248 2686 dicendi
270 2643 321 2700 ea,
348 2643 413 2701 quae
435 2625 581 2701 sentiunt,
607 2627 731 2688 adimere
753 2625 896 2687 studeant.
936 2624 1068 2699 Deinde,
1088 2625 1222 2701 quamvis

41 2734 200 2813 uuicuique
227 2737 346 2798 libertas
375 2737 491 2799 dicendi
518 2757 569 2816 ea,
597 2757 661 2815 quae
690 2738 796 2812 sentit,
816 2741 909 2800 danda
931 2737 989 2812 est,
1008 2737 1104 2816 magni
1124 2752 1221 2799 tamen

43 2861 209 2909 conventus
235 2847 410 2924 prohibendi
437 2849 519 2910 sunt:
548 2866 637 2926 atque
666 2854 742 2911 adeo
771 2849 825 2926 iis,
852 2849 903 2926 qui
931 2848 979 2910 alii
1001 2848 1150 2927 Religioni
1170 2850 1222 2909 ad·

44 2956 107 3018 dicti
128 2961 214 3035 sunt,
236 2963 455 3022 eoncedendum
484 2961 601 3037 quidem
629 2961 687 3036 est,
710 2977 774 3037 tot,
796 2977 871 3037 quot
892 2961 1003 3036 velint,
1022 2963 1129 3036 templa
1151 2958 1221 3021 aedi-

45 3069 141 3148 ficare,
170 3071 219 3133 sed
246 3090 352 3148 parva,
381 3089 412 3134 et
440 3089 525 3134 certae
547 3073 695 3151 cujusdam
717 3073 874 3148 mensurae,
894 3087 925 3134 et
945 3071 975 3132 in
995 3071 1070 3133 locis
1090 3072 1221 3147 aliquan·

45 3182 131 3244 tulum
155 3186 190 3244 ab
212 3183 338 3246 invicem
359 3185 468 3246 dillitis.
489 3187 531 3246 At
552 3187 677 3262 templa,
699 3205 765 3262 quae
786 3184 886 3260 patriae
907 3182 1056 3261 Religioni
1077 3181 1221 3258 dicantur,

46 3295 163 3358 multum
191 3297 294 3372 refert,
322 3311 354 3358 ut
383 3315 484 3375 magna
514 3311 543 3357 et
572 3295 741 3372 sumptuosa
762 3295 834 3371 sint,
856 3311 886 3355 et
907 3309 941 3356 ιιι
961 3293 1111 3369 praecipuo
1131 3293 1220 3369 iplius

47 3404 133 3466 uultui
162 3405 230 3466 solis
256 3407 389 3468 Patriciis
417 3408 465 3469 vel
491 3406 681 3468 senatoribus
708 3423 810 3466 manus
834 3407 989 3466 admovere
1008 3403 1112 3479 liceat;
1132 3418 1221 3479 atque

46 3513 114 3574 adeo
147 3530 180 3576 ut
210 3515 280 3576 solis
310 3515 444 3576 Patriciis
475 3515 560 3576 liceat
591 3514 763 3590 baptizare,
794 3512 1007 3574 matrimonium
1038 3511 1222 3586 consecrare,

47 3639 142 3686 manus
162 3625 328 3702 imponere,
349 3643 379 3688 et
400 3627 532 3689 absolute
554 3643 589 3688 ut
610 3627 785 3702 templorum
806 3623 901 3688 veluti
922 3625 1111 3700 Sacerdotes,
1130 3622 1220 3700 patri-

47 3750 123 3810 eque
144 3737 309 3816 Religionis
331 3739 462 3802 vindices
483 3754 513 3800 et
534 3737 708 3814 interpretes
729 3737 932 3816 agnoscantur.
972 3738 1021 3797 Ad
1041 3735 1220 3796 concionan-

47 3845 108 3908 dum
129 3863 243 3924 autem,
264 3863 293 3910 et
316 3850 440 3912 ecclelia
463 3851 579 3927 aerario,
608 3851 727 3928 ejusque
749 3849 930 3927 quotidianis
951 3847 1079 3928 negotiis
1099 3847 1220 3910 admini-

48 3954 177 4035 strandis,
205 3959 294 4037 aliqui
322 3979 359 4022 ex
387 3963 472 4037 plebe
500 3963 535 4022 ab
558 3935 621 4037 ipso
642 3963 754 4023 Senatu
774 3961 899 4040 eligendi
920 3960 1004 4037 sunt,
1024 3961 1076 4037 qui
1096 3961 1221 4022 Senatus
1290 3991 1300 4009 ·

49 4067 119 4138 quasi
142 4069 240 4131 vicarii
262 4068 317 4129 sunt
328 4115 338 4145 ,
358 4071 407 4131 cui
426 4086 581 4146 propterea
603 4069 746 4132 rationem
767 4070 896 4132 omnium
916 4073 1036 4132 reddere
1057 4085 1220 4132 teneantur.

54 4231 318 4248 Q*

79 4321 89 4348 ⁸
107 4318 223 4370 omilium
242 4317 277 4370 est
291 4321 448 4386 proponendi
465 4317 490 4370 in
509 4319 619 4381 Edeta
637 4318 696 4372 vide
712 4315 1222 4383 autemsupmsanvsmethmsg.
