2934 4900
397 332 453 391 De
493 327 721 393 Servitute
763 328 957 389 Humana.
1210 342 1269 402 203

75 511 135 572 eise
162 512 396 572 fundamentum.
437 506 592 583 Postquam
620 504 711 585 igitur
730 522 790 565 rem
811 502 870 564 sese
891 517 994 564 contra
1014 502 1120 563 habere
1141 500 1271 563 breviter

77 622 272 697 ostenderim,
298 639 392 700 pergo
419 622 456 681 ad
484 620 604 680 eandem
633 619 733 678 eadem
762 615 832 692 via,
860 634 918 693 qua
944 614 1002 676 huc
1022 613 1114 692 usque
1136 614 1270 695 progressi

77 736 197 810 sumus,
218 734 482 796 demonstrandum.

451 888 783 953 PROPOSITIO
818 887 897 947 XIX.

119 1008 161 1067 Id
176 1002 373 1083 unusquisque
393 1024 429 1063 tx
448 1002 558 1079 legibus
571 1004 637 1080 suu
657 1014 772 1061 natura
789 998 940 1078 ncceffart'o
957 1003 1070 1079 appetit
1086 999 1135 1059 vel
1147 996 1269 1075 aversa·

76 1134 142 1195 tur,
163 1120 242 1198 quod
258 1119 359 1179 bonurn
378 1118 428 1177 νιΙ
445 1116 550 1177 malum
570 1114 622 1194 effe
635 1115 761 1189 judicat.

486 1274 882 1321 uruonsvunnrn

114 1374 196 1436 Boni
224 1388 256 1435 et
281 1372 348 1434 mali
376 1370 509 1451 cognitio
538 1370 579 1431 est
606 1368 680 1449 (per
699 1369 790 1447 Prop.
813 1368 840 1429 8.
861 1366 961 1449 hujus)
991 1366 1051 1444 ipse
1072 1366 1199 1429 Laetitiae
1220 1366 1269 1429 vel

74 1485 219 1547 Tristitia
243 1484 382 1560 affetius,
403 1498 549 1559 quatenus
574 1480 703 1557 ejusdem
729 1479 827 1542 sumus
848 1478 974 1555 conscii;
995 1499 1028 1541 ac
1050 1480 1174 1557 proinde
1196 1478 1270 1559 (prr
1322 1472 1326 1484 '

76 1600 169 1677 Prop.
190 1600 240 1659 28.
257 1611 289 1677 p.
311 1597 355 1675 3.)
383 1594 414 1656 id
435 1593 633 1671 unusquisque
655 1591 814 1654 necessario
835 1592 968 1669 appetit,
988 1595 1070 1670 quod
1090 1593 1219 1668 bonurn,
1240 1608 1270 1653 et

17 1684 21 1752 3'
77 1724 184 1770 contra
212 1709 243 1770 id
271 1706 459 1782 adversatur,
487 1709 568 1783 quod
595 1706 701 1767 malurn
731 1703 786 1765 esse
809 1704 933 1781 judicat.
974 1704 1032 1766 Sed
1052 1703 1099 1764 hic
1121 1703 1271 1780 appetitus

78 1821 152 1882 nihil
180 1820 262 1881 aliud
287 1820 329 1879 est
335 1865 346 1895 ,
372 1836 458 1896 quarn
487 1818 548 1896 ipsa
574 1817 702 1879 hominis
731 1816 851 1878 essentia
879 1817 929 1879 seu
957 1832 1060 1879 natura
1081 1816 1154 1897 (per
1173 1818 1269 1897 Defin.

80 1932 159 2011 App.
165 1976 178 2007 ‚
204 1948 290 2008 quam
309 1932 377 1990 vide
395 1935 428 1990 sn
448 1928 543 1992 Stltus.
563 1930 653 2009 Prop.
674 1948 703 2007 9.
727 1942 760 2009 p.
783 1947 828 2006 3.,
849 1942 876 1989 et
900 1947 925 1990 r.
946 1926 1009 2006 Aff.
1029 1928 1149 2008 Desit).
1189 1928 1269 2007 Ergo

80 2043 282 2121 unusquisque
313 2061 350 2103 ex
381 2042 449 2104 solis
480 2043 537 2118 ‚sua
568 2057 679 2103 naturae
707 2042 823 2120 iegibus
851 2041 881 2103 id
910 2040 1066 2103 necessario
1088 2040 1202 2119 appetit
1222 2041 1271 2103 vel

81 2156 249 2233 aversatur,
268 2172 326 2217 etc.
369 2157 403 2233 Q.
424 2156 463 2217 E.
483 2156 523 2216 D.

462 2316 796 2379 PROPOSITIO
837 2316 901 2376 XX.

121 2449 182 2525 Quo
210 2451 305 2524 magis
330 2447 525 2526 unusqur’sque
538 2447 627 2524 suum
646 2446 717 2505 ursle
737 2463 883 2524 quarere,
907 2442 958 2505 hoc
977 2444 1015 2524 ιβ
1028 2446 1116 2523 fuum
1136 2445 1186 2524 effe
1207 2465 1269 2504 con-

77 2563 227 2636 servare,
246 2572 367 2620 conatur
386 2572 415 2619 et
429 2559 535 2639 potest,
562 2579 592 2618 ιο
618 2561 712 2634 magis
731 2561 845 2617 virtute
860 2558 1005 2635 preditus
1025 2557 1081 2634 ιβ,·
1105 2569 1133 2616 ιι
1153 2570 1272 2632 contra,

15 2668 20 2685 ⁶
82 2685 224 2748 quatenus
242 2671 438 2748 unusquisque
450 2672 539 2748 suum
558 2669 644 2744 utile,
665 2667 717 2728 hoc
736 2668 775 2746 ιβ
788 2669 876 2746 suum
895 2668 964 2746 effe,
990 2668 1162 2745 conservare
1181 2669 1271 2743 negli-

79 2787 142 2859 git,
162 2795 280 2842 cateruas
299 2783 338 2861 ιβ
355 2786 502 2862 impotens.

483 2925 879 2970 neuonsuunnru

121 3021 231 3083 Vrrtus
250 3023 292 3083 ιβ
312 3021 373 3099 ipsa
393 3023 518 3084 humana
539 3019 692 3098 potentia,
713 3039 780 3097 quae
801 3020 863 3081 sola
881 3019 1009 3081 huminis
1030 3019 1151 3082 essentia
1170 3020 1272 3081 defini-

83 3151 130 3196 tur
158 3135 236 3214 (per
260 3135 356 3214 Drfiu.
378 3135 406 3195 8.
427 3133 547 3212 hujus),
575 3135 633 3194 hoc
661 3133 702 3194 ιβ
730 3133 803 3212 (per
831 3133 921 3212 Prop.
943 3147 970 3209 7.
988 3145 1020 3211 p.
1042 3129 1084 3213 3.)
1113 3151 1178 3210 quae
1210 3132 1273 3194 solo

83 3263 213 3323 conatu,
241 3266 303 3324 quo
331 3247 422 3308 homo
443 3247 472 3308 in
494 3247 548 3308 suu
569 3245 624 3307 esse
645 3244 829 3322 perseverare
849 3259 990 3320 conatur,
1016 3243 1162 3306 definitur.
1202 3245 1273 3327 Quo

84 3377 155 3438 ergo
184 3358 383 3438 unusquisque
412 3359 503 3438 tnagis
532 3359 614 3420 suum
635 3357 692 3419 esse
713 3357 884 3421 conservare
905 3373 1030 3419 conatur
1050 3371 1080 3418 et
1101 3357 1214 3435 potest,
1235 3377 1273 3419 eo

84 3472 175 3551 magis
197 3471 308 3535 virtute
328 3471 471 3548 praeditus
492 3472 550 3548 est,
571 3487 602 3532 et
621 3469 837 3548 consequenter
856 3469 931 3549 (per
947 3471 1036 3549 Prop.
1054 3482 1122 3549 4et
1131 3471 1161 3530 6.
1168 3483 1200 3549 p.
1213 3471 1274 3550 3.),

85 3599 232 3662 quatenus
254 3583 359 3662 aliquis
382 3583 464 3644 suurn
486 3581 542 3644 esse
563 3582 734 3645 conservare
756 3581 892 3662 negligit,
912 3597 1035 3643 eatenus
1055 3582 1096 3643 est
1116 3580 1274 3658 impotens.

16 3775 18 3787 Ι
87 3699 119 3774 Q.
141 3697 179 3757 u.
199 3697 241 3757 n.

555 3794 811 3838 scrinulum.

124 3892 224 3952 Nemo
244 3889 344 3968 igitur,
364 3889 418 3950 nisr
435 3908 451 3950 a
470 3889 562 3952 caufis
583 3890 714 3951 externis
736 3905 766 3950 et
787 3890 845 3952 suae
867 3904 977 3951 naturae
999 3889 1151 3950 contrariis
1161 3889 1275 3966 vitius,

86 4001 168 4062 suum
198 3999 272 4061 utile
303 4015 460 4076 appetere,
491 3999 551 4063 sive
583 4000 666 4062 suum
694 3999 751 4062 esse
779 4001 968 4078 conservare,
989 4001 1120 4082 negligit.
1160 4003 1275 4078 Nemo,

87 4113 224 4190 inquam,
255 4131 293 4172 ex
323 4114 490 4174 necessitate
522 4113 580 4174 suae
611 4129 740 4189 naturae,
769 4113 818 4176 sed
839 4133 855 4174 a
876 4113 967 4176 causis
987 4115 1117 4176 externis
1138 4119 1276 4190 coaetus,

87 4224 224 4286 alimenta
254 4223 419 4300 aversatur,
446 4225 496 4286 vel
523 4224 553 4285 se
580 4224 674 4301 ipsum
698 4224 855 4302 interficit,
876 4229 958 4303 quod
979 4225 1077 4288 multis
1099 4228 1194 4288 modis
1214 4227 1276 4288 sieri

87 4335 202 4416 potest3
228 4353 333 4417 nempe
360 4335 499 4398 interficit
526 4335 631 4416 aliquis
659 4338 688 4399 se
715 4338 809 4417 ipsun
837 4341 958 4402 coaetus
983 4341 1019 4400 ab
1042 4339 1116 4416 alio,
1138 4339 1189 4416 qui
1210 4339 1274 4417 ejus
