2934 4900
282 335 772 416 Theologico·Politici
813 337 1004 416 eap.xvl1.
1187 344 1242 420 581

57 526 90 573 et
110 528 224 574 monum
244 525 447 587 receptorum
468 526 500 572 et
520 529 559 572 ex
578 509 625 573 hir
645 514 781 591 duobus,
804 514 919 595 legibue
938 516 1049 581 scilicet
1067 520 1248 598 etmoribue,

56 639 176 686 tantum
197 622 266 686 oriri
287 623 403 702 potest,
424 625 507 700 quod
527 641 713 702 unaquaeque
741 625 824 689 natio
846 626 987 707 fingulare
1007 630 1115 692 habeat
1134 630 1247 712 ingeni·

58 755 128 814 um,
158 735 329 816 ungularem
359 735 580 811 conditionem,
611 749 642 796 et
673 736 802 814 denique
832 737 984 818 fingularia
1013 741 1191 819 praejudicia.
1217 744 1249 806 Si

58 848 153 928 igitur
173 849 395 911 concedendum
416 846 503 924 edet,
524 848 607 926 quod
627 849 745 910 Hebraei
766 848 852 926 supra
871 851 1001 928 reliquos
1022 856 1158 918 mortales
1176 873 1248 918 con·

58 977 192 1022 tumaces
221 961 350 1036 fuerint,
380 960 411 1022 id
440 959 518 1024 vitio
547 961 645 1040 legum
675 962 724 1024 vel
753 977 938 1038 receptorum
970 983 1082 1028 morum
1113 967 1250 1045 imputari

59 1074 193 1134 deberet.
233 1073 273 1133 Et
304 1071 373 1134 sane
402 1071 461 1133 hoc
492 1089 594 1134 verum
625 1073 683 1149 est,
713 1076 813 1151 quod,
833 1073 854 1134 ii
875 1075 957 1138 Deue
978 1095 1078 1140 eorum
1099 1078 1250 1156 imperium

60 1182 245 1244 constantina
264 1182 422 1256 animilia,
441 1182 526 1244 aliter
546 1177 634 1244 etiam
650 1183 717 1260 jura
738 1199 770 1245 et
789 1185 868 1264 leger
889 1187 1084 1266 condidisset,
1105 1189 1249 1268 aliamque

59 1294 207 1356 rationem
227 1294 259 1357 id
287 1292 502 1356 administrandi
523 1293 707 1371 instituiffet3
727 1313 818 1372 quare
839 1295 913 1373 quid
934 1296 1013 1360 aliud
1034 1297 1130 1362 dicere
1151 1299 1249 1377 porru-

60 1425 146 1482 mue,
166 1404 219 1468 niii
240 1407 323 1482 quod
342 1407 439 1468 Deum
459 1405 542 1468 suum
562 1407 668 1468 iratum
687 1406 862 1486 habuerint,
881 1425 942 1470 non
963 1424 1095 1486 cantum,
1116 1426 1151 1474 ut
1169 1413 1250 1492 Jere·

60 1519 136 1582 miae
167 1537 231 1595 cap.
264 1535 312 1595 32.
333 1518 377 1582 vs.
398 1534 447 1595 3¹·
468 1517 528 1595 ait,
547 1520 584 1580 ab
605 1519 677 1580 urbe
707 1517 845 1595 condita,
864 1517 915 1580 sed
931 1518 991 1595 jam
1011 1519 1080 1583 inde
1101 1539 1117 1582 a
1136 1521 1251 1601 legibue

61 1629 204 1692 conditio
244 1628 336 1713 Quod
361 1627 500 1690 Ezechiel
526 1647 591 1706 cap.
618 1647 667 1692 oo.
697 1628 741 1693 vs.
761 1641 810 1706 25.
832 1628 919 1692 etiam
939 1631 1078 1710 testatem,
1098 1631 1251 1710 inquiens:

62 1743 130 1818 Ego
147 1745 236 1802 etiam
255 1742 322 1802 dedi
347 1742 415 1822 r'pfis
436 1741 553 1820 structa
571 1761 627 1802 non
645 1741 735 1820 bona,
757 1755 786 1802 er
805 1743 882 1818 jura
902 1743 1005 1822 quibus
1024 1764 1080 1805 non
1098 1749 1251 1824 viverent,

61 1874 95 1915 eo
115 1855 191 1932 quod
205 1856 357 1934 impuram·
375 1855 453 1932 ipsos
472 1853 637 1914 moribus
650 1854 734 1931 suis,
755 1856 921 1916 remittendo
945 1873 1049 1916 omnem
1078 1870 1249 1937 aperturam

61 1967 162 2027 vulva
192 1965 238 2045 (ad
267 1965 310 2025 est
339 1964 597 2044 primogenitum),
627 1978 662 2025 ut
680 1985 725 2025 eor
744 1965 905 2044 vastarem,
925 1981 959 2028 ur
971 1969 1087 2044 scirent
1107 1971 1183 2047 quod
1198 1989 1249 2046 ego

56 2079 129 2156 sum
147 2077 268 2149 renova.
289 2079 365 2160 Quae
376 2079 483 2154 rerba,
503 2091 535 2138 et
552 2075 638 2138 causa
657 2076 831 2140 vastationis
851 2077 983 2156 imperii,
1002 2097 1037 2142 ut
1054 2083 1131 2144 reste
1142 2081 1250 2142 intelli·

68 2207 194 2272 gantur,
213 2193 393 2267 notandum,
414 2192 497 2267 quod
517 2188 640 2266 primum
660 2188 807 2252 intentum
828 2189 905 2268 fuit,
925 2203 1023 2253 totum
1040 2190 1149 2254 sacrum
1166 2191 1251 2254 mini-

67 2305 184 2369 sterium
205 2304 408 2385 primogenitis
428 2305 558 2381 tradere,
577 2321 640 2366 non
650 2302 767 2367 levitis
778 2301 862 2380 (vide
871 2303 992 2364 Numer.
1002 2321 1067 2379 cap.
1078 2301 1106 2365 8.
1117 2303 1159 2368 vi
1175 2303 1250 2383 17.);

65 2419 119 2481 sed
145 2417 299 2497 postquam
326 2435 429 2480 omnea
455 2431 561 2494 praeter
580 2414 704 2479 Levitae
723 2415 850 2479 vitulum
871 2418 1086 2492 adoraverunt,
1105 2413 1252 2492 repudiati

65 2546 98 2593 et
119 2530 256 2608 imputati
276 2530 345 2592 sunt
363 2528 570 2609 primogeniti,
590 2544 622 2591 et
643 2528 760 2593 Levita
778 2546 879 2591 eorum
897 2530 967 2591 loco
978 2526 1062 2591 eledi
1073 2526 1251 2607 (Deuteron.

63 2660 131 2719 cap.
154 2658 200 2703 ro.
221 2640 263 2706 vs.
284 2641 346 2721 8.);
373 2660 440 2719 quae
468 2640 613 2718 mutatio,
640 2658 702 2719 quo
722 2660 786 2703 eam
806 2640 897 2720 magis
917 2660 951 2703 ac
971 2640 1061 2721 magio
1082 2639 1252 2715 confidere,

62 2755 95 2817 in
116 2756 207 2818 verba
225 2754 326 2816 Taciti
356 2756 372 2792 *
402 2773 448 2816 me
468 2754 551 2834 cogit
579 2772 746 2832 entmpere,
775 2754 826 2817 illo
847 2768 980 2831 tempore
999 2772 1061 2815 non
1082 2750 1166 2815 fuiiie
1185 2753 1253 2813 Deo

64 2884 144 2929 cutae
175 2866 361 2929 iecuritatem
391 2866 525 2945 illorum,
554 2865 639 2929 fuiiie
660 2866 813 2928 ultionem.
833 2868 899 2927 Nec
919 2863 988 2927 satir
1008 2864 1103 2925 mirari
1124 2862 1253 2940 poss'um,

63 2993 178 3040 tantam
204 2976 302 3040 animo
331 2978 441 3040 coelesti
460 2976 546 3040 snriiie
566 2978 654 3055 iram,
675 2992 710 3039 ut
730 2976 807 3054 ipsas
827 2978 923 3056 leger,
944 2994 1011 3053 que
1031 2974 1143 3051 semper
1161 2974 1254 3037 solum

63 3090 193 3153 universr
225 3089 330 3168 populi
357 3090 516 3166 honorem,
544 3089 683 3166 salutem,
704 3103 735 3151 et
755 3087 938 3151 securitatem
960 3086 1138 3163 intendunt,
1156 3084 1254 3149 animo

63 3203 95 3263 se
127 3200 314 3277 vindicandi,
345 3216 376 3263 et
405 3204 443 3263 ad
471 3203 615 3278 populum
646 3200 828 3279 puniendum
856 3198 1038 3274 condiderit,
1057 3198 1154 3261 itaut
1174 3200 1254 3277 leges

64 3332 127 3375 non
146 3314 244 3393 leger,
262 3314 322 3376 boc
342 3315 384 3375 est
404 3314 510 3392 popuii
531 3315 626 3391 stiur,
645 3315 697 3377 scd
717 3312 821 3391 potius
841 3330 936 3389 poenre
957 3326 988 3375 et
1009 3310 1151 3387 supplicia
1182 3310 1253 3373 visre

62 3426 131 3487 fint.
171 3425 279 3487 Omnia
310 3425 387 3487 enim
415 3444 553 3503 munera,
581 3444 648 3504 quae
668 3424 785 3490 Levitis
805 3438 836 3487 et
856 3423 1058 3487 sacerdotibur
1080 3425 1147 3485 dure
1169 3438 1252 3483 tene-

62 3540 191 3613 bantur,
210 3551 246 3597 ut
266 3535 355 3597 etiam
376 3540 459 3614 quod
479 3536 668 3618 primogeniti
688 3536 790 3599 redimi
811 3539 977 3614 debebant,
994 3552 1025 3599 et
1035 3550 1186 3617 argentum
1197 3554 1252 3613 pro

63 3645 164 3723 capite
186 3646 304 3711 Levitia
324 3649 411 3725 dere,
431 3664 462 3709 et
481 3648 611 3725 denique
627 3650 711 3726 quod
731 3646 849 3713 Levitis
870 3646 940 3709 solia
960 3650 996 3709 ad
1017 3646 1096 3709 secra
1115 3648 1253 3709 accedere

63 3758 305 3835 concedebatur,
330 3776 384 3821 eoo
412 3758 559 3821 continuo
586 3759 645 3822 sue
666 3758 844 3837 impuritatis
865 3773 897 3821 et
916 3757 1131 3837 repudiationie
1152 3776 1253 3837 argue·

63 3874 149 3931 bant.
178 3870 338 3931 Habebant
368 3870 475 3934 deinde
505 3871 640 3949 Levitae,
671 3872 756 3949 quod
787 3870 824 3933 iis
855 3870 1002 3934 continuo
1033 3871 1254 3948 exprobrarent.

62 3984 142 4044 Nam
161 3999 225 4043 non
244 3981 366 4044 dubium
387 3982 445 4060 est,
466 3984 539 4061 quin
560 3982 637 4046 inter
657 3998 706 4045 tot
725 3982 815 4045 millia
835 3982 920 4047 mrtlti
940 3982 1101 4060 importuni
1119 3982 1254 4045 Theolo-

63 4092 150 4174 gastri
169 4092 278 4169 reperti
298 4095 430 4171 fuerint;
451 4096 530 4157 unde
551 4097 666 4178 populo
687 4092 877 4174 defiderium,
898 4096 974 4163 feda
993 4094 1180 4171 Levitarum,
1201 4092 1253 4183 qui

99 4344 113 4374 ·
147 4339 210 4391 niu
230 4340 249 4391 l.
269 4354 292 4392 r.
309 4352 366 4403 cap.
383 4354 409 4407 3.
