2934 4900
538 343 594 404 De
634 343 788 404 Mente.
1216 361 1256 423 97

64 517 142 598 (per
168 520 327 600 Prop.13.
353 517 471 600 hujus),
499 538 564 598 quae
593 520 667 601 (per
694 523 783 602 Prop.
803 539 834 599 9.
854 519 955 601 hujus)
984 521 1015 583 in
1043 522 1109 583 Deo
1138 521 1256 600 quidem

62 632 124 710 est,
153 651 300 710 quatenus
321 632 377 694 aiii
401 633 442 695 rei
463 633 612 713 {ingularis
632 634 699 697 idei
719 633 841 696 affertur
861 633 1076 710 consideratum
1096 635 1164 711 vel,
1186 635 1257 712 quia

64 745 143 823 (per
161 745 238 824 Post.
257 745 302 825 4)
331 745 448 821 Corpus
472 745 630 807 humanum
651 743 783 822 plurimis
804 745 979 821 corporibus
1000 744 1130 824 indiget,
1152 763 1168 805 a
1189 745 1255 823 qui·

63 859 122 918 bus
148 857 296 919 continuo
323 857 402 934 quusi
428 873 631 937 regeneratur;
657 872 687 918 er
708 860 783 919 ordo
804 873 835 918 et
855 857 1004 919 connexio
1021 839 1154 918 idearum
1177 857 1255 920 idem

63 969 105 1028 est
133 967 210 1050 (per
228 972 318 1050 Prop.
340 986 368 1046 7.
390 967 507 1049 hujus),
536 989 570 1030 nr
599 971 673 1030 ordo
694 985 724 1031 et
746 969 894 1031 connexio
925 970 1090 1046 causarum
1117 970 1172 1031 erit
1192 970 1256 1032 haec

62 1083 130 1142 idea
158 1081 190 1142 in
218 1083 305 1160 Deo,
332 1098 479 1159 quatenus
506 1081 691 1158 plurimarum
717 1099 811 1143 rerum
832 1081 1017 1161 singularium
1038 1081 1113 1142 ideis
1133 1081 1255 1143 affeeius

63 1192 274 1256 consideretur.
295 1196 378 1256 Deus
398 1194 499 1272 itaque
518 1194 614 1256 ideam
635 1193 778 1270 Corporis
798 1194 918 1256 humani
935 1194 1044 1271 haber,
1061 1191 1121 1256 five
1139 1193 1256 1270 Corpus

63 1306 225 1368 humanum
246 1305 416 1386 cognoscit,
437 1321 584 1384 quatenus
605 1305 737 1382 piurimis
757 1305 821 1367 aiiis
841 1306 917 1368 ideis
936 1305 1058 1369 affeiius
1074 1306 1130 1382 est,
1147 1322 1178 1368 et
1195 1324 1256 1367 non

62 1434 214 1495 quantenus
243 1433 376 1480 naturam
403 1418 536 1480 humente
564 1417 678 1479 Mentis
706 1417 878 1494 constituit,
905 1418 965 1478 hoc
993 1417 1035 1480 est
1057 1418 1131 1498 (per
1153 1417 1256 1480 Caroli.
1359 1422 1361 1424 ’

65 1533 155 1612 Prop.
180 1548 227 1593 ιι.
247 1529 366 1610 bajus),
397 1531 485 1592 Mens
516 1531 642 1592 humana
674 1529 791 1606 Corpus
822 1530 980 1590 humanum
1010 1546 1072 1590 non
1093 1528 1256 1608 cognoscit.

65 1645 106 1705 At
126 1643 203 1706 ideae
226 1643 412 1706 affectionum
434 1641 576 1719 Corporis
595 1642 624 1703 in
641 1643 708 1702 Deo
727 1641 810 1718 sunt,
828 1657 975 1718 quatenus
992 1641 1126 1702 humane
1144 1640 1257 1702 Mentis

63 1773 198 1818 naturam
226 1753 396 1832 constituit,
421 1755 482 1817 five
511 1755 599 1816 Mene
628 1754 755 1814 humana
783 1752 898 1814 easdem
930 1752 1101 1816 offertiones
1132 1751 1257 1828 percipit

64 1869 138 1946 (per
158 1869 250 1948 Prop.
274 1884 319 1928 η.
340 1866 459 1946 liujus);
481 1882 511 1928 et
532 1866 748 1944 consequenter
769 1865 843 1945 (per
862 1867 952 1945 Prop.
974 1867 1020 1927 16.
1040 1864 1142 1943 nujus)
1162 1864 1255 1940 ipsum

64 1981 184 2057 Corpus
211 1980 386 2056 humanum,
415 1978 505 2056 idque
533 1979 609 2059 (per
635 1979 724 2058 Prop.
756 1993 803 2055 17.
832 1976 934 2057 hujus)
962 1993 998 2038 ut
1022 1980 1090 2040 triu
1114 1976 1255 2052 existens;

65 2092 194 2170 percipit
211 2073 286 2172 ¹ergo
308 2108 430 2155 eatenus
451 2106 565 2154 tantum
583 2093 671 2154 Mens
688 2092 813 2153 humana
834 2090 928 2167 ipsum
949 2089 1107 2152 humanum
1128 2089 1256 2166 Corpus.

69 2207 101 2282 Q.
122 2205 161 2266 E.
182 2205 224 2266 D.

449 2315 780 2378 PROPOSITIO
811 2315 875 2376 XX.

102 2464 220 2524 Mentis
240 2460 371 2523 humana
391 2463 482 2522 datur
501 2465 588 2522 etiam
607 2466 639 2521 r'n
658 2463 719 2524 Deo
739 2463 805 2522 idea
820 2460 883 2539 five
903 2465 1039 2539 cognitio,
1061 2479 1124 2540 quae
1143 2466 1175 2523 in
1194 2465 1256 2526 Deo

69 2577 157 2635 eudem
185 2575 264 2633 modo
285 2574 433 2651 sequitur,
461 2587 490 2633 et
516 2576 557 2634 ad
574 2574 667 2635 Deum
687 2576 778 2634 eodem
797 2575 875 2634 modo
895 2570 1037 2651 refertur,
1057 2593 1094 2634 ac
1111 2576 1178 2635 idea
1193 2575 1256 2653 stur

66 2690 188 2762 cognitio
211 2684 348 2764 Corporis
368 2682 495 2745 humani.

466 2862 860 2909 Demons'rknrlo.

102 2986 262 3069 Cogitatio
283 2988 456 3050 attributum
478 2988 535 3049 Dei
555 2989 596 3049 est
618 2988 692 3068 (per
712 2990 802 3069 Prop.
823 3006 848 3051 1.
867 2988 986 3071 husius);
1016 2994 1151 3069 adeoque
1183 2991 1256 3071 (per

67 3104 155 3181 Prop.
178 3118 207 3177 3.
227 3098 327 3179 hujus)
356 3115 414 3160 tarn
443 3099 507 3177 eius
527 3118 614 3177 quarn
636 3100 767 3161 omnium
796 3101 860 3178 ejus
888 3102 1092 3179 ascesionum,
1125 3118 1156 3165 et
1183 3122 1254 3165 con·

67 3214 225 3291 sequenter
256 3212 330 3291 (per
350 3212 438 3291 Prop.
459 3228 504 3273 11.
525 3210 626 3291 hujus)
657 3212 769 3274 Mentis
802 3213 888 3274 etiam
919 3213 1053 3275 humanae
1086 3216 1174 3275 debet
1202 3233 1254 3275 ne·

66 3324 187 3387 cesario
216 3324 246 3384 in
274 3326 340 3385 Deo
369 3324 429 3387 dari
451 3323 525 3385 idea.
566 3324 681 3387 Deinde
708 3324 772 3386 haec
799 3326 913 3387 Mentis
940 3326 1007 3388 idea
1034 3326 1093 3389 sive
1122 3325 1255 3406 cognitio

69 3456 128 3499 non
150 3436 284 3514 sequitur
303 3437 334 3497 in
355 3438 422 3497 Deo
444 3436 523 3513 dari,
550 3452 697 3514 quatenus
719 3437 869 3513 infinitus,
898 3438 949 3498 sed
970 3453 1116 3514 quatenus
1138 3436 1193 3499 alia
1213 3437 1255 3499 rei

68 3548 218 3628 singularis
245 3548 310 3611 idea
338 3548 461 3611 affeuus
490 3549 531 3610 est
553 3550 626 3629 (per
646 3552 735 3629 Prop.
755 3568 786 3628 9.
806 3548 916 3630 husius).
957 3550 1016 3611 Sed
1037 3553 1111 3612 ordo
1133 3566 1163 3611 et
1183 3568 1254 3611 con·

69 3660 159 3723 nexio
179 3657 308 3721 idearum
330 3660 406 3721 idern
429 3660 469 3721 est
491 3680 524 3721 ac
547 3663 621 3722 ordo
643 3677 673 3722 et
694 3662 843 3722 connexio
865 3661 1013 3723 causarum
1034 3661 1107 3740 (per
1127 3663 1216 3740 Prop.
1226 3677 1255 3737 7.

71 3770 187 3852 hujus);
216 3772 348 3849 sequitur
375 3789 445 3851 ergo
471 3772 534 3835 haec
556 3772 669 3835 Mentis
690 3773 756 3835 idea
776 3772 836 3836 sive
858 3773 991 3853 cognitio
1012 3773 1044 3834 in
1064 3775 1147 3849 Deo,
1169 3789 1199 3835 ct
1219 3774 1256 3833 ad

70 3886 163 3947 Deum
184 3887 288 3947 eodem
311 3886 402 3947 modo
423 3886 564 3962 refertur,
583 3904 615 3947 ac
633 3886 699 3947 idea
716 3886 777 3948 srve
794 3883 929 3963 cognitio
947 3883 1098 3962 Corporis.
1122 3884 1156 3961 Q.
1167 3884 1204 3946 E.
1215 3882 1255 3945 D.

442 4078 772 4141 PROPOSITIO
802 4074 882 4138 XXI.

110 4224 179 4284 Haec
200 4222 312 4283 Mentis
331 4224 399 4284 idea
419 4224 509 4284 eodem
528 4224 605 4284 modu
626 4226 710 4283 unita
730 4223 769 4301 est
789 4223 904 4297 Menti,
924 4240 960 4282 ac
977 4221 1045 4300 ipsa
1064 4220 1152 4281 Mens
1172 4220 1257 4279 unita

71 4336 107 4413 est
127 4336 257 4413 Corpori.

1140 4441 1158 4493 7
