2934 4900
194 315 251 390 380
669 318 906 379 Tractatus

196 506 208 550 1
236 491 395 553 §lamuelis
425 510 489 569 cap.
518 510 547 569 3.
575 492 616 554 vs.
646 492 749 554 ultimo
783 493 890 555 dicitur
922 483 1018 567 nim
1041 486 1157 569 :spu-b
1180 513 1258 568 mm*
1283 515 1376 590 eoru

193 624 271 680 arm*
294 625 381 682 mar
406 596 492 684 bns
513 598 626 684 burso
649 598 693 684 bs
716 626 794 683 cnmt
817 601 892 685 asu
915 629 949 687 *a
972 628 1000 674 ee
1020 618 1125 692 rursus
1146 616 1378 695 appareremus

192 725 338 786 Sltamut'lt‘
345 724 479 803 t'nSht'lo,
497 731 567 806 quia
588 728 786 808 manifestatus
800 729 868 806 fuit
887 730 965 791 Deus
985 729 1130 789 Sdamrre'lt'
1146 734 1177 788 itt
1194 729 1273 789 Sltr'lo
1290 731 1378 790 verba

191 841 269 912 Det',·
296 838 375 915 quast
404 839 532 913 diceret,
560 840 718 915 Apparitio
748 840 803 901 Dei
833 841 977 902 Shamueb
1004 840 1075 901 nihil
1096 841 1174 901 aliud
1196 840 1269 914 suit,
1290 860 1378 917 quarn

193 954 274 1027 quod
306 952 387 1011 Deus
417 950 446 1011 se
479 954 573 1014 verbo
606 951 658 1028 ipsr
690 937 901 1027 manifestavit,
936 954 982 1017 vel
1004 953 1075 1013 nihil
1096 953 1174 1012 aliud
1195 952 1268 1027 fuit,
1290 972 1378 1029 quarn

193 1064 274 1137 quod
301 1062 436 1121 Sbamuel
462 1064 556 1125 Deum
586 1061 733 1125 audiverit
756 1066 935 1141 loquentem.
975 1065 1133 1139 Attamen,
1156 1063 1222 1141 quia
1245 1064 1379 1142 cogimur

193 1172 366 1251 distinguere
394 1174 471 1234 inter
496 1174 681 1249 Prophetiam
710 1175 802 1235 Mosrs
825 1191 855 1235 et
877 1174 1048 1253 reliquarum
1078 1174 1304 1250 Prophetarum,
1325 1193 1377 1234 ne·

193 1283 311 1345 cessario
343 1284 518 1360 dicendum,
548 1284 622 1345 hanc
654 1304 759 1347 vocem
791 1304 806 1345 a
838 1287 989 1347 Shamue'le
1022 1286 1150 1347 auditam
1182 1286 1377 1365 imaginariam

193 1395 291 1470 fuisse3
312 1399 394 1473 quod
415 1396 482 1457 inde
504 1396 590 1458 etiarn
612 1396 710 1475 colligi
732 1397 847 1473 potest,
869 1402 951 1475 quod
973 1397 1033 1473 ipsa
1056 1416 1161 1459 vocem
1183 1397 1268 1471 Heli,
1289 1417 1377 1474 quam

192 1509 326 1569 Shamuel
346 1508 468 1570 maxime
490 1510 589 1570 audire
610 1508 740 1585 solebat,
769 1512 903 1586 adeoque
932 1508 1097 1587 promptius
1119 1510 1206 1571 etiam
1228 1508 1378 1587 imaginari

193 1636 327 1697 poterat,
353 1622 511 1683 referebat:
539 1639 584 1682 ter
611 1622 723 1683 enimn
746 1624 811 1683 Deo
842 1638 984 1698 vocatus,
1012 1621 1174 1697 suspicatus
1203 1621 1260 1696 est,
1288 1621 1317 1681 se
1340 1625 1377 1681 ab

194 1734 261 1793 Heli
289 1734 399 1796 vocari.
439 1735 528 1810 Vos,
556 1752 641 1811 quam
669 1732 840 1795 Abimelecb
869 1732 999 1809 audivit,
1028 1732 1193 1811 imaginaria
1216 1732 1288 1808 suit;
1309 1752 1376 1794 nam

193 1846 301 1907 dicitur
322 1847 396 1907 Gen.
418 1866 482 1923 cap.
502 1864 550 1907 20.
573 1846 614 1907 vs.
634 1846 663 1905 6.
694 1859 722 1906 et
743 1847 821 1905 dixit
841 1844 895 1923 ipss
913 1846 992 1905 Deus
1012 1848 1044 1903 r'n
1057 1847 1167 1921 scamnis
1187 1856 1238 1903 erc.
1277 1846 1377 1925 Quare

193 1960 241 2020 hic
263 1977 321 2019 non
345 1958 511 2037 vigilando,
532 1958 580 2018 sed
602 1973 715 2018 tantum
738 1958 767 2017 in
789 1956 897 2017 somnis
918 1956 1064 2034 (tempore
1087 1956 1209 2032 scilicet,
1222 1976 1283 2033 quo
1305 1956 1377 2017 ima-

193 2071 306 2151 ginatio
327 2070 450 2131 maxime
472 2070 641 2132 naturaliter
662 2085 730 2146 apta
753 2067 849 2129 estad
871 2086 933 2143 res,
954 2087 1018 2145 quae
1040 2086 1100 2129 non
1122 2068 1378 2147 sunt,imaginan-

193 2185 278 2263 dum)
299 2183 356 2243 Dei
378 2184 561 2245 voluntatem
582 2181 730 2261 imaginari
751 2180 861 2257 potuit.

232 2296 331 2355 Verba
352 2295 493 2373 Decalogi
516 2314 553 2355 ex
574 2294 714 2371 opinione
738 2294 920 2371 quorundam
948 2292 1115 2373 judaeorum
1138 2310 1198 2353 non
1221 2294 1379 2353 suerunta

193 2408 259 2468 Deo
282 2408 408 2483 prolata,
431 2406 479 2468 sed
499 2422 618 2482 putant,
637 2409 718 2482 quod
740 2404 874 2467 Israelita
894 2404 1041 2481 strepitum
1059 2418 1173 2465 tantum
1185 2402 1379 2480 audiverunt,

194 2519 272 2579 nulla
304 2517 419 2594 quidem
452 2519 539 2578 verba
570 2518 786 2593 proferentem,
817 2531 905 2592 arque
926 2534 963 2576 eo
986 2519 1107 2577 durante
1134 2516 1214 2594 leges
1234 2517 1377 2596 Decalogi

194 2649 266 2706 pura
286 2646 383 2690 mente
403 2643 606 2705 perceperunt.
638 2629 727 2709 Quod
750 2645 805 2705 ego
828 2627 913 2688 etiam
936 2625 1093 2704 aliquando
1115 2626 1277 2703 suspicatus
1300 2629 1377 2703 surn,

194 2744 261 2820 quia
284 2743 435 2817 videbam,
457 2743 545 2804 verba
565 2740 707 2818 Decalogi
736 2739 834 2800 Exodi
857 2739 965 2801 variare
988 2741 1022 2798 ab
1045 2738 1081 2799 iis
1101 2739 1244 2818 Decalogi
1266 2742 1375 2816 Deur.;

194 2876 231 2917 ex
263 2875 323 2933 quo
357 2855 474 2917 videtur
505 2853 586 2940 sequi
616 2849 871 2930 (quandoquidem
900 2853 980 2912 Deus
1009 2850 1093 2912 semel
1122 2867 1236 2914 tantum
1257 2854 1378 2914 locutus

195 2968 266 3047 est),
294 2969 473 3046 Decalogum
502 2982 561 3026 non
589 2963 651 3040 ipsa
679 2963 736 3025 Dei
759 2965 863 3039 verba,
885 2964 932 3024 sed
954 2978 1066 3024 tantum
1090 2963 1248 3024 sententias
1269 2967 1378 3026 docere

194 3081 279 3143 velle.
319 3081 476 3153 Attamen,
504 3076 553 3137 nisr
581 3077 739 3151 Scripturae
762 3075 820 3137 vim
842 3075 944 3135 inferre
967 3073 1105 3150 velimus,
1127 3075 1247 3136 omnino
1269 3094 1378 3137 conce·

194 3193 320 3252 dendum
341 3169 401 3264 est,
421 3188 562 3249 Israelitas
584 3206 680 3250 veram
704 3205 808 3249 vocem
830 3185 977 3248 audivisse.
1019 3187 1094 3246 Nam
1116 3187 1264 3262 Scriptura
1285 3188 1378 3248 Deut.

194 3299 391 3380 cap.5.vs.4.
412 3299 538 3376 expresse
560 3299 632 3362 dicit
655 3315 698 3372 nr
722 3317 814 3376 nsua*
838 3314 915 3370 rom
939 3316 1002 3371 ma
1028 3315 1127 3372 uum
1148 3316 1226 3372 uua
1246 3299 1280 3358 de
1294 3299 1378 3378 faeie

194 3420 237 3480 ad
247 3419 356 3496 sociem
382 3419 488 3476 locutus
515 3417 552 3493 est
578 3417 658 3477 Deus
678 3416 821 3492 vobiscum
847 3428 916 3486 etc.,·
938 3416 995 3475 lroc
1018 3416 1075 3491 esi,
1097 3430 1129 3476 ut
1152 3418 1212 3477 rluo
1243 3415 1377 3476 homines

195 3529 263 3589 suos
289 3543 452 3603 conceptus
482 3527 624 3602 invicem,
645 3527 841 3589 mediantibus
863 3527 921 3589 suis
944 3530 1060 3589 duobus
1083 3529 1273 3606 corporibus,
1295 3547 1377 3590 tom·

194 3640 338 3702 municare
361 3639 465 3701 solent.
491 3639 678 3720 Quapropter
700 3639 790 3718 magis
812 3660 875 3701 curn
897 3640 1046 3718 Scriptura
1068 3641 1226 3702 convenire
1248 3638 1377 3716 videtur,

194 3755 275 3831 quod
303 3755 385 3814 Deus
414 3751 538 3828 aliquam
567 3769 671 3813 vocem
693 3769 761 3812 vere
784 3751 909 3828 creavit,
932 3773 989 3828 qua
1010 3753 1069 3829 ipse
1091 3753 1271 3830 Decalogum
1291 3770 1376 3814 reve-

192 3865 276 3927 lavit.
317 3863 410 3926 Causa
440 3880 536 3940 autem
548 3909 557 3940 ,
584 3883 635 3925 cur
664 3867 752 3925 verba
770 3881 799 3923 et
819 3864 948 3924 rationes
971 3863 1057 3925 unius
1078 3883 1093 3924 a
1115 3865 1214 3926 verbis
1235 3879 1265 3926 et
1285 3865 1375 3925 rario-

194 3977 280 4038 nibus
302 3976 421 4038 alterius
443 3976 574 4052 variant,
595 3979 631 4036 de
653 3995 687 4035 ea
709 3976 776 4036 vide
798 3973 870 4050 Cap.
894 3977 920 4035 8.
942 3975 1050 4036 Verum
1072 3971 1228 4039 enimvero
1244 3995 1297 4037 nec
1317 3977 1376 4036 hoc

194 4092 282 4152 modo
312 4089 407 4150 omnis
436 4090 548 4150 tollitur
568 4087 735 4150 difficultas.
763 4089 837 4148 Nam
859 4106 918 4148 non
939 4081 1038 4164 pa'run
1061 4107 1076 4148 a
1099 4089 1229 4150 Ratione
1251 4089 1375 4150 alienum

195 4201 328 4276 videtur,
355 4202 496 4275 statuere,
524 4202 606 4276 quod
634 4219 680 4260 res
708 4217 820 4275 creata,
842 4219 857 4260 a
878 4202 944 4262 Deo
967 4205 1068 4263 eodem
1091 4203 1181 4262 modo
1203 4221 1235 4263 ac
1256 4201 1374 4278 reliquae

195 4315 377 4389 dependens,
408 4311 554 4372 essentiam
583 4327 634 4372 aut
657 4310 838 4373 existentiam
860 4311 934 4388 Dei,
955 4330 985 4373 re
1006 4327 1057 4374 aut
1080 4311 1194 4386 verbis,
1215 4310 1373 4387 exprimere
1456 4345 1457 4358 κ
