2934 4900
137 350 140 357 .
216 299 275 374 356
574 294 814 355 Tractatus
855 294 1042 357 Politici

255 470 282 549 ξ.
303 472 385 531 Vlll.
426 469 586 548 vestigalia
609 470 687 531 nulla
708 469 795 531 etiarn
818 488 833 530 a
856 470 966 533 Senatu
988 471 1113 533 subditis
1132 470 1331 547 imponenda;
1354 472 1408 533 sed

214 584 419 661 adsumptus,
449 581 499 658 qui
527 584 563 642 ad
590 582 709 660 negotia
738 581 855 657 publica
884 586 1048 661 peragenda
1076 601 1113 644 ex
1134 583 1258 645 Senatus
1280 586 1408 645 decreto

214 696 414 774 requiruntur,
442 714 503 756 non
530 694 656 770 subditi,
683 694 731 757 sed
754 700 840 758 urbes
861 697 930 772 ipsae
952 698 987 757 ab
1009 696 1073 773 ipso
1094 698 1204 759 Senatu
1225 700 1262 759 ad
1283 698 1406 757 censum

214 812 355 873 vocandae
376 808 459 884 sunt,
479 807 521 867 ita
541 824 574 868 ut
596 826 780 885 unaquaeque
808 813 877 870 urbs
899 828 953 885 pro
975 809 1089 871 ratione
1110 810 1168 871 suae
1189 810 1408 889 magnitudinis
1457 874 1458 887 2

213 923 379 999 sumptuum
407 937 517 996 partem
546 918 682 997 majorem
705 922 753 982 vel
774 921 914 981 minorem
937 922 1258 998 ferredebea13quam
1281 921 1408 997 quidem

212 1050 322 1111 partem
351 1032 477 1111 ejusdem
507 1032 585 1092 urbis
606 1031 725 1092 Patricii
748 1052 762 1093 a
785 1032 843 1093 suis
866 1034 995 1094 Urbanis
1019 1052 1052 1094 ea
1074 1052 1131 1110 qua
1153 1034 1246 1095 velint
1268 1032 1315 1096 via
1338 1034 1409 1093 exi-

211 1162 298 1225 gent,
319 1164 371 1205 eos
392 1143 501 1204 scilicet
523 1145 570 1205 vel
591 1146 627 1204 ad
648 1143 765 1204 censum
795 1145 938 1206 trahendo
946 1190 956 1221 ,
982 1146 1046 1221 vel,
1068 1149 1150 1223 quod
1171 1149 1264 1208 multo
1287 1146 1409 1223 aequius
1457 1198 1458 1201 ,

213 1261 269 1336 est,
291 1259 390 1320 iisdem
411 1257 564 1336 vestigalia
585 1257 779 1333 imponendo,

252 1372 350 1453 §.1x.
391 1372 482 1431 Porro
489 1415 499 1445 ,
529 1368 661 1446 quamvis
690 1387 792 1429 omnes
818 1369 905 1446 hujus
927 1370 1039 1445 imperii
1060 1372 1147 1431 urbes
1169 1368 1317 1430 maritima
1339 1390 1405 1431 non

211 1485 283 1559 sant,
313 1501 368 1544 nec
398 1484 554 1543 Senatores
586 1499 624 1540 ex
655 1479 724 1539 solis
756 1480 876 1542 urbibus
909 1481 1058 1542 maritimis
1091 1498 1251 1557 vocentur,
1280 1482 1406 1559 possunt

213 1612 308 1657 tamen
336 1593 436 1655 iisdem
464 1595 563 1653 eadem
591 1594 786 1653 emolumenta
815 1594 932 1654 decerni
939 1638 949 1667 ,
972 1612 1036 1669 quae
1058 1595 1123 1655 Art.
1146 1612 1193 1671 31.
1215 1612 1302 1670 praec.
1323 1596 1404 1670 Cap.

212 1707 354 1781 diximus;
383 1723 468 1782 quem
496 1704 525 1766 in
554 1705 639 1763 finem
668 1721 722 1779 pro
752 1704 864 1779 imperii
886 1705 1098 1767 constitutione
1120 1706 1213 1767 media
1234 1706 1404 1785 excogitari

212 1834 369 1895 poterunt,
390 1818 498 1894 quibus
518 1819 606 1877 urbes
627 1816 752 1877 invicem
776 1815 881 1878 arstius
903 1818 1088 1894 copulentur.
1117 1819 1262 1879 Caeterum
1284 1818 1402 1895 reliqua

212 1937 248 1995 ad
268 1935 424 2005 Senatum,
444 1946 474 1991 et
494 1931 617 2006 Forum,
639 1945 670 1989 et
691 1928 823 1990 absolute
846 1932 882 1991 ad
903 1930 1068 1993 universum
1089 1930 1243 2005 Imperium
1265 1930 1402 2007 spectan-

107 2118 110 2123 ¹
210 2045 269 2120 tia,
290 2063 355 2121 quae
376 2043 405 2102 in
427 2059 512 2118 praec.
534 2042 607 2117 Cap.
628 2040 751 2115 tradidi,
778 2041 847 2102 huic
874 2042 961 2103 etiam
982 2042 1103 2118 imperio
1125 2043 1299 2119 applicanda
1320 2042 1403 2103 sunt.

212 2159 313 2234 Atque
341 2159 415 2217 adeo
443 2156 594 2229 videmus,
621 2157 703 2231 quod
732 2154 762 2215 in
791 2155 931 2232 imperio,
951 2159 1032 2233 quod
1053 2158 1150 2232 plures
1172 2158 1258 2217 urbes
1280 2172 1405 2229 tenent,

211 2287 270 2328 non
299 2266 411 2328 necesse
439 2266 473 2327 fit
500 2265 634 2343 supremo
664 2266 802 2327 Concilio
831 2272 1026 2331 convocando
1059 2284 1169 2329 certum
1201 2285 1318 2344 tempus
1347 2285 1403 2328 aut

209 2383 308 2442 locum
337 2378 493 2458 desrgnare.
534 2380 576 2438 At
603 2379 723 2439 Senatui
752 2394 782 2439 et
811 2380 887 2439 Foro
915 2381 999 2439 locus
1029 2379 1169 2440 dicandus
1191 2379 1230 2439 est
1251 2379 1281 2439 in
1302 2398 1403 2458 pag0‚

213 2491 260 2553 vel
281 2489 311 2549 in
333 2490 421 2563 urbe,
449 2505 514 2564 quae
541 2486 666 2565 suffragii
685 2487 736 2565 jus
757 2507 816 2550 non
838 2488 936 2549 habet.
978 2490 1034 2550 Sed
1055 2492 1091 2551 ad
1111 2488 1176 2565 illa,
1198 2508 1262 2567 quae
1285 2492 1321 2551 ad
1343 2489 1403 2548 srn-

211 2603 293 2679 gulas
313 2602 398 2661 urbes
419 2598 567 2675 speuant,
587 2599 728 2661 revertor.

251 2711 278 2792 §.
298 2712 335 2772 X.
376 2712 458 2772 Ordo
490 2709 613 2786 supremi
645 2710 773 2772 Concilii
805 2711 892 2772 unius
924 2711 1003 2772 urbis
1034 2713 1064 2772 in
1095 2711 1237 2791 eligendis
1265 2711 1345 2772 urbis
1369 2728 1400 2772 et

210 2824 322 2899 imperii
342 2823 493 2900 ministris,
514 2839 544 2884 et
565 2823 595 2884 in
617 2825 704 2884 rebus
729 2823 935 2900 decernendis,
963 2824 1039 2886 idern
1067 2825 1129 2901 illc,
1151 2843 1237 2901 quem
1259 2826 1326 2884 Art.
1348 2841 1399 2900 αῖ.

210 2952 240 2997 et
262 2938 309 3012 36.
330 2954 415 3012 praec.
444 2935 517 3010 Cap.
546 2934 671 3009 tradidi,
699 2934 756 2995 esl'e
785 2937 883 2997 debet.
924 2938 1000 2996 Nam
1029 2939 1128 2997 eadem
1155 2936 1202 2996 hic
1229 2955 1315 3012 quant
1337 2937 1399 2996 illic

210 3049 250 3108 est
278 3047 363 3108 ratio.
404 3047 519 3107 Deinde
546 3045 741 3124 Syndicorum
773 3047 939 3108 Concilium
971 3047 1038 3108 stuic
1070 3047 1316 3109 subordinandum
1340 3049 1400 3123 est,

209 3163 290 3237 quod
318 3163 354 3221 ad
383 3158 462 3220 urbis
493 3158 658 3219 Concilium
689 3158 718 3218 se
750 3159 873 3236 habeat,
902 3176 936 3220 ut
965 3159 1036 3222 illud
1057 3160 1250 3238 Syndicorum
1272 3164 1399 3235 praeced.

207 3274 281 3350 Cap.
313 3275 349 3334 ad
381 3271 546 3334 Concilium
578 3271 674 3332 totius
705 3271 840 3348 Imperii,
870 3287 899 3333 et
928 3272 1013 3348 cujus
1040 3272 1169 3334 officium
1195 3273 1269 3334 intra
1289 3273 1398 3333 limites

203 3382 413 3461 jurisdictionis
440 3382 520 3443 urbis
547 3383 623 3443 idem
651 3383 738 3444 etiam
767 3383 817 3460 sn,
845 3383 1005 3460 iisdemque
1034 3385 1238 3456 emolumentis
1258 3387 1396 3464 gaudeat.

207 3497 299 3577 Quod
320 3494 339 3556 fi
361 3498 447 3570 urbs,
475 3510 505 3555 et
526 3495 740 3572 consequenter
769 3495 957 3557 Patriciorum
986 3515 1140 3575 uumenrs,
1168 3499 1242 3558 adeo
1270 3497 1396 3576 exiguus

207 3608 313 3684 fuerit,
340 3624 374 3669 ut
402 3627 462 3668 non
491 3607 543 3668 nifi
572 3627 660 3670 unum
683 3625 734 3668 aut
756 3610 831 3670 duos
853 3608 1000 3686 Syndicos
1021 3627 1115 3669 creare
1138 3611 1238 3685 possit,
1260 3608 1394 3684 quidun

207 3719 373 3782 Concilium
404 3720 499 3779 facere
531 3735 699 3796 nequeunt,
732 3735 794 3782 tum
825 3720 961 3798 Syndicis
989 3720 1018 3780 in
1045 3719 1267 3800 cognitionibus
1288 3739 1342 3796 pro
1365 3738 1394 3780 rc

207 3847 275 3893 nata
301 3832 422 3913 Judices
444 3850 460 3891 a
481 3831 614 3908 supremo
644 3831 723 3892 urbis
753 3830 890 3892 Concilio
912 3830 1077 3910 designandi
1099 3831 1182 3906 sunt,
1205 3833 1251 3892 vel
1272 3831 1394 3907 quaeilio

207 3945 243 4004 ad
264 3941 426 4018 supremum
449 3942 644 4022 Syndicorum
667 3941 833 4003 Concilium
856 3943 1021 4004 deserenda.
1063 3945 1138 4002 Nam
1160 3961 1196 4003 ex
1218 3961 1392 4020 unaquaque

206 4057 278 4114 urbe
300 4054 389 4132 aliqui
410 4053 498 4115 etiarn
519 4072 555 4114 ex
572 4054 880 4132 Syndicisinlocum,
903 4053 953 4115 ubi
973 4055 1098 4116 Senatus
1119 4054 1236 4130 residet,
1257 4055 1392 4116 mittendi

206 4165 290 4241 sunt,
318 4166 370 4242 qui
398 4166 596 4242 prospiciant,
624 4183 656 4227 ut
681 4166 748 4242 jura
777 4166 901 4229 universi
930 4166 1041 4244 imperii
1062 4167 1204 4230 inviolata
1225 4166 1390 4240 serventur,

206 4277 316 4354 quique
338 4277 367 4338 in
389 4279 500 4338 Senatu
521 4278 628 4354 absque
646 4277 711 4355 jure
732 4277 859 4356 suffragii
880 4279 1007 4340 sedeant.
