2934 4900
415 318 553 393 Caput
584 318 621 377 X.
661 318 707 377 De
728 314 927 377 aristocratia.
1203 318 1259 391 3⁶3

67 493 141 555 tatis
171 511 292 568 amore,
321 508 352 553 et
381 492 421 552 rei
444 495 584 571 augenda
605 492 719 568 studio,
741 493 850 569 speque
871 492 983 569 imperii
1004 494 1131 554 honores
1153 492 1261 567 adipis·

68 606 176 684 cendi,
208 607 401 667 retineantur.
443 605 590 666 Caeterum
621 604 779 685 imagines,
810 604 963 682 triumphi,
994 621 1024 666 et
1056 606 1111 667 alia
1142 604 1260 667 virtutis

69 695 266 781 incitamenta
287 719 376 799 magis
399 718 548 783 servitutis
569 738 657 796 quarn
677 718 821 779 libertatis
843 718 908 780 sunt
930 718 1017 797 signa.
1047 718 1144 779 Servis
1167 718 1260 792 enim,

70 851 130 892 non
152 831 258 893 liberis
279 830 400 895 virtutis
419 830 537 906 praemia
558 833 763 892 decernuntur.
785 832 891 891 Fateor
912 830 1046 907 quidem,
1062 828 1196 891 homines
1216 830 1262 889 his

69 946 194 1007 stimulis
211 944 336 1005 maxime
352 942 481 1019 incitari3
503 942 552 1003 sed
573 958 606 1003 ιιι
624 942 688 1003 haec
706 941 736 1002 in
755 941 842 1003 initio
861 942 933 1004 viris
950 942 1075 1021 magnis,
1093 941 1134 1003 ita
1152 941 1263 1019 pollen,

67 1058 223 1117 crescente
245 1054 376 1130 invidia,
396 1053 512 1133 ignavis
525 1070 555 1115 et
565 1072 656 1129 opum
678 1054 878 1133 magnitudine
900 1053 1021 1115 tumidis
1042 1056 1262 1129 dercemuntur,

67 1188 173 1248 magna
197 1168 329 1230 omniunt
350 1170 496 1228 bonorum
524 1165 737 1245 indignatione.
778 1164 892 1227 Deinde
914 1164 965 1241 qui
985 1179 1138 1240 parentum
1159 1164 1261 1225 trium-

66 1283 145 1357 phos
177 1299 212 1343 et
242 1280 380 1361 imagines
412 1279 576 1354 ostentant,
608 1278 742 1355 injuriam
772 1277 824 1339 srbi
845 1278 907 1339 fieri
928 1279 1067 1353 credunt,
1089 1276 1118 1338 ni
1140 1277 1259 1354 reliquis

65 1396 274 1469 preferantur.
307 1392 462 1469 Denique,
484 1407 518 1452 ut
538 1391 595 1451 alia
615 1406 745 1466 taceam,
766 1391 824 1452 hoc
846 1404 957 1451 certum
979 1390 1036 1465 est,
1058 1392 1140 1467 quod
1162 1407 1259 1467 aequa-

64 1506 153 1582 litas,
175 1524 237 1583 qua
257 1505 342 1566 semel
364 1517 454 1565 exuta
475 1502 638 1564 communis
658 1502 778 1563 libertas
800 1500 957 1564 necessario
979 1502 1075 1578 perit,
1097 1501 1261 1565 conservari

66 1620 149 1679 nullo
183 1620 277 1679 modo
308 1618 411 1693 posstt,
442 1615 613 1690 simulatque
641 1614 728 1675 alicui
758 1612 832 1675 Viro
861 1614 971 1677 virtute
1000 1616 1077 1675 claro
1105 1613 1261 1694 srngulares

66 1730 202 1791 honores
220 1730 286 1807 J'ure
308 1729 431 1805 publico
453 1731 659 1791 decernuntur.

108 1842 137 1923 §.
159 1844 214 1904 IX.
256 1841 311 1903 His
332 1842 453 1918 postris,
473 1841 625 1903 videamus
643 1840 717 1917 jam,
740 1858 776 1901 an
797 1839 964 1917 hujusmodi
984 1840 1103 1916 imperia
1122 1840 1259 1917 culpabili

68 1952 168 2031 aliqua
191 1953 278 2015 causa
299 1954 405 2030 polllnt
427 1952 542 2014 destrui.
575 1953 705 2028 Verum,
726 1951 746 2011 st
767 1955 849 2028 quod
871 1952 1022 2029 imperium
1044 1967 1183 2013 aternum
1205 1952 1259 2013 else

69 2068 185 2143 potest,
207 2067 279 2128 illud
300 2064 458 2126 necessario
480 2064 553 2140 etit,
571 2065 655 2143 cnjus
677 2066 763 2126 semel
784 2068 859 2127 reste
881 2064 1011 2127 instituta
1030 2065 1096 2142 J'ura
1117 2064 1260 2127 inviolata

70 2196 202 2241 manent.
233 2178 340 2239 Anima
361 2178 438 2238 enim
450 2178 573 2254 imperii
594 2180 663 2259 Jura
685 2179 762 2240 sunt.
784 2179 839 2239 His
860 2178 951 2257 igitur
971 2178 1109 2255 servatis,
1131 2178 1261 2243 servatur

71 2292 233 2353 necessario
254 2289 415 2365 imperium.
456 2292 498 2351 At
516 2289 583 2367 jura
604 2290 713 2353 invidia
735 2290 790 2351 esse
813 2306 983 2368 nequeunt,
1005 2290 1055 2352 nifi
1078 2306 1109 2351 et
1130 2290 1260 2353 Ratione

70 2420 100 2464 et
130 2403 281 2468 communi
313 2403 462 2466 hominurn
483 2404 602 2466 Affesiu
632 2404 847 2481 defendantur;
879 2404 969 2482 alias,
1001 2404 1021 2465 sr
1053 2403 1163 2466 scilicet
1194 2404 1258 2466 solo

70 2517 213 2579 Rationis
241 2516 353 2578 auxilio
381 2515 533 2592 nituntur,
561 2515 696 2579 invalida
726 2517 793 2577 sane
819 2517 902 2594 sunt,
924 2517 1069 2594 facileque
1092 2517 1259 2580 vincuntur.

71 2630 145 2691 Cum
175 2633 278 2706 itaque
305 2627 457 2705 utriusque
485 2627 597 2703 imperii
626 2626 829 2688 Aristocratici
854 2627 920 2705 jura
945 2628 1173 2690 fundamentalia
1194 2648 1259 2690 cunr

70 2742 203 2804 Ratione
215 2757 246 2802 et
256 2741 403 2802 communi
423 2740 573 2802 hominum
598 2742 715 2803 Affeiiu
736 2742 897 2804 convenire
919 2741 1145 2818 ostenderimus,
1163 2741 1260 2820 pollu-

71 2869 133 2913 mus
155 2871 228 2932 ergo
251 2853 407 2927 affirmate,
427 2851 448 2912 sr
468 2871 534 2928 quae
555 2853 612 2913 ulla
633 2851 769 2929 imperia,
789 2853 851 2914 haec
873 2852 1028 2914 necessario
1052 2869 1157 2914 aeterna
1181 2857 1259 2930 sore,

72 2966 119 3025 vel
149 2967 232 3028 nullst
262 2965 400 3042 culpabili
432 2965 535 3039 cauli,
567 2963 617 3026 sed
645 2966 708 3026 sato
738 2967 944 3026 tantummodo
974 2965 1073 3042 aliquo
1095 2965 1259 3028 inevitabili

73 3077 153 3148 posse
176 3078 293 3140 destrui.

113 3188 139 3268 S.
160 3190 199 3250 X.
240 3191 284 3250 At
311 3189 404 3266 objici
424 3189 513 3250 nobis
534 3189 630 3250 adhuc
651 3191 766 3266 potest,
787 3179 886 3266 quod',
907 3191 1041 3267 quamvis
1062 3190 1176 3268 imperii
1193 3191 1259 3268 jura

74 3297 103 3358 in
123 3304 250 3378 praeced.
272 3302 384 3363 ostensa
406 3301 537 3362 Ratione
549 3317 579 3362 et
590 3303 737 3364 communi
759 3303 910 3364 hominurn
932 3303 1037 3366 afferam
1057 3305 1261 3379 defendantur,

76 3417 181 3486 pnllrnt
212 3415 400 3478 nihilominus
433 3415 591 3492 aliquando
623 3415 713 3478 vinci.
753 3418 830 3477 Nam
862 3417 958 3480 nullus
991 3415 1111 3478 affeslus
1132 3416 1188 3492 est,
1210 3417 1261 3492 qui

77 3526 232 3605 aliquando
265 3547 281 3588 a
310 3527 428 3589 fortiori
459 3543 489 3588 et
522 3527 669 3589 contrario
701 3529 809 3592 affestu
844 3547 904 3589 non
939 3527 1092 3604 vincatur;
1128 3528 1259 3591 timorem

77 3655 199 3718 namque
230 3639 333 3700 mortis
365 3659 381 3700 a
413 3639 552 3715 cupidine
583 3639 625 3700 rei
656 3640 758 3702 alienae
791 3640 865 3718 saepe
898 3640 976 3702 vinci
1009 3641 1151 3704 videmus.
1200 3641 1260 3723 Qui

77 3745 185 3813 hostem
206 3767 288 3812 metu
308 3749 401 3812 territi
424 3750 543 3830 fugiunt
550 3795 560 3827 ,
581 3754 661 3814 nullo
683 3753 803 3814 alterius
824 3752 865 3814 rei
886 3768 967 3813 metu
988 3752 1112 3814 detineri
1132 3751 1261 3830 possunt,

78 3859 124 3922 sed
153 3863 212 3923 sese
244 3863 273 3923 in
304 3862 422 3924 flumina
454 3863 657 3940 praecipitant,
688 3867 736 3927 vel
767 3865 797 3925 in
830 3863 924 3943 ignem
952 3880 1058 3938 ruunt,
1080 3879 1114 3926 ut
1135 3863 1259 3927 hostium

79 3971 178 4035 scrrum
210 3973 335 4054 fugiant.
376 3974 576 4056 Quantumvis
607 3975 696 4054 igitur
727 3975 834 4038 civitas
864 3979 940 4038 reite
969 3977 1119 4053 ordinata,
1148 3993 1177 4038 et
1195 3977 1260 4054 jura

80 4085 186 4157 optime
215 4084 346 4146 instituta
374 4084 446 4161 sint,
475 4085 505 4146 in
533 4087 665 4148 maximis
692 4103 789 4148 tamen
818 4087 929 4164 imperii
958 4088 1112 4167 angustiis,
1140 4092 1259 4166 quando

81 4211 193 4275 omnes,
224 4213 258 4260 ut
289 4199 340 4274 lit,
369 4213 479 4259 terrore
512 4202 639 4274 quodam
670 4199 778 4277 panico
807 4200 979 4277 capiuntur,
1008 4215 1069 4262 turn
1098 4219 1198 4262 omnes
1227 4201 1257 4262 id

80 4303 184 4386 solum,
204 4313 286 4387 quod
307 4309 431 4386 presens
453 4326 548 4372 metus
570 4311 689 4387 suadet,
710 4313 789 4373 nulla
812 4312 903 4375 futuri
925 4331 1020 4391 neque
1042 4315 1136 4392 legum
1157 4313 1257 4374 habita
