2934 4900
581 862 807 1045 L.S.
911 868 914 879 ’

140 1241 329 1311 Consilium
351 1242 443 1327 quod
466 1262 552 1309 anno
578 1244 694 1324 1880„
714 1262 777 1309 aere
803 1242 948 1327 undique
967 1260 1128 1315 terrarum
1147 1248 1288 1331 collato,

93 1364 251 1449 Spinozae
273 1363 414 1433 statuam
436 1362 538 1453 Hagae
562 1362 732 1431 Comitum
755 1363 938 1447 ponendam
967 1385 1159 1451 curaverat,
1190 1388 1289 1453 pecu·

93 1486 189 1569 nias,
210 1506 289 1570 quas
308 1486 449 1571 reliquas
467 1484 627 1567 habebnt,
645 1486 679 1551 in
700 1483 881 1570 philosophi
899 1483 1020 1573 scripta
1038 1487 1150 1555 denuo
1165 1487 1289 1557 edenda

93 1607 286 1691 impendere
318 1604 444 1674 summo
476 1604 635 1673 consensu
669 1604 793 1673 statuit.
849 1606 938 1674 Nam
961 1610 1006 1676 ‘et
1039 1608 1113 1693 post
1145 1610 1287 1678 Broderi

93 1730 226 1797 laborer
242 1728 388 1814 quaedam
407 1746 534 1813 reperta
555 1744 647 1795 erant
668 1726 809 1795 necdum
828 1730 863 1793 in
884 1748 988 1795 unum
1005 1732 1289 1816 corpulentiores,

92 1867 129 1917 et
155 1850 220 1917 alia
242 1852 275 1917 in
300 1852 399 1917 variis
421 1850 629 1916 bibliothecis
652 1851 753 1915 latere
775 1847 860 1915 fama
889 1848 1033 1933 ferebat,
1063 1866 1097 1917 et
1127 1850 1289 1917 recentio-

93 1992 176 2039 rum
204 1971 367 2039 editorum
398 1972 455 2037 vix
487 1969 657 2056 quisquam
680 1986 809 2039 tantum
831 1989 939 2053 operte
961 1972 995 2036 in
1018 1971 1157 2038 audieris
1180 1972 1289 2039 verbis

94 2091 367 2179 repraesentandis
386 2089 551 2177 posuerat,
570 2108 729 2175 quantum
740 2092 804 2159 viri
824 2092 930 2159 honor
948 2110 982 2160 et
999 2091 1137 2182 dignitas
1155 2091 1287 2178 poscere

95 2216 308 2285 videbantur.
332 2216 427 2299 Opus
450 2214 544 2281 nobis
566 2213 754 2281 mandatum
777 2234 817 2280 eo
840 2214 994 2282 libentius
1012 2214 1141 2304 aggreffi
1160 2215 1288 2298 sumus,

96 2359 169 2423 qno
200 2340 299 2428 magis
333 2334 519 2423 persuasum
552 2337 646 2403 nobis
682 2353 771 2419 erat,
801 2338 942 2421 optimos
975 2339 1071 2425 huius
1094 2340 1142 2405 rei
1161 2338 1287 2425 judices

98 2461 193 2528 nobis
215 2460 302 2528 haud
325 2459 507 2526 defuturos.
552 2459 667 2544 Atque
690 2479 810 2526 novam
837 2458 1013 2527 editionem
1043 2461 1090 2526 ita
1119 2459 1286 2545 disponere
1320 2469 1325 2479 '

98 2581 203 2648 visum
234 2579 300 2664 est,
322 2601 361 2648 ut
385 2601 488 2648 unum
512 2581 664 2648 volumen
688 2580 789 2646 libros
812 2582 995 2648 contineret
1015 2582 1205 2666 primarios,
1227 2583 1285 2666 qui

99 2706 257 2794 integram
288 2703 440 2787 Spinozae
470 2702 648 2769 dodlrinam
676 2699 928 2787 philosophicam
951 2703 1124 2785 exhibent,
1147 2704 1285 2772 alterum

99 2845 139 2890 ea
163 2823 302 2909 scripta,
333 2844 473 2908 quorum
496 2825 600 2891 omnis
630 2823 699 2890 fere
729 2819 805 2889 usus
828 2822 875 2890 est
895 2825 931 2890 in
953 2825 1019 2891 illis
1036 2823 1288 2908 interpretandis

99 2963 133 3012 et
162 2943 371 3012 illustrandis,

143 3063 226 3133 Haec
257 3067 366 3134 omnia
396 3066 437 3132 ad
469 3063 554 3150 ipsos
585 3065 693 3134 fontes
716 3066 935 3149 revocareris,
958 3068 1112 3149 quoniam
1134 3067 1286 3152 Spinozae

99 3189 297 3278 autographa
327 3190 497 3256 maximam
527 3205 651 3288 partem
679 3191 850 3271 interiere,
872 3187 1032 3255 editiones
1054 3206 1179 3256 veteres
1202 3188 1285 3258 Am·

99 3309 341 3379 stelodamenses
363 3310 518 3379 adeunde
541 3329 653 3395 erant,
675 3311 915 3397 Principiorum
934 3308 1148 3395 Philosophia
1168 3309 1287 3378 Carte-

99 3431 192 3499 sranae
225 3435 303 3499 anni
339 3435 455 3520 1663„
489 3433 662 3504 Trasiatus
694 3433 1286 3523 TheologicoPoliticiann11670.,

100 3553 247 3638 Operum
279 3551 531 3622 Posthumorum
565 3557 642 3622 anni
680 3556 795 3638 1677„
826 3574 900 3621 cum
932 3551 1067 3643 Hagana
1089 3552 1285 3620 Hollandica

99 3675 200 3742 hbelli
221 3675 263 3742 de
289 3674 374 3743 iride
399 3696 472 3760 quae
495 3696 581 3743 anno
607 3677 703 3759 1687.
726 3675 858 3760 prodiit.
904 3675 1011 3759 Atqui
1033 3693 1227 3744 monuerant
1249 3693 1286 3744 et

100 3796 249 3864 Graeliius
283 3798 523 3888 bibliographos
559 3799 567 3832 ¹
607 3814 640 3864 et
675 3796 837 3865 Heinzius
871 3795 1082 3882 philosophie
1115 3796 1283 3866 historiam

99 3917 385 4008 Ueberwegianam
411 3920 586 3986 retradlans
608 3917 636 4003 ²,
667 3919 860 4003 exemplaria
893 3919 949 3985 illa
984 3920 1284 4002 annum1670.in

98 4039 207 4107 fronte
224 4041 368 4129 gerentia
387 4041 473 4108 inter
492 4039 525 4106 se
543 4039 743 4126 discrepare;
761 4061 825 4126 qua
844 4061 880 4108 re
898 4042 1036 4109 ulterius
1053 4040 1285 4133 pervestigata,
1303 4041 1306 4046 ’

134 4296 144 4323 ⁸
180 4289 275 4343 'l'rdl'or
291 4292 336 4343 des
353 4290 431 4344 livres
448 4307 516 4344 rates
532 4307 560 4346 et
577 4292 711 4358 prdcleux‚
728 4295 762 4344 T.
778 4294 832 4357 Vl,
848 4292 943 4346 Dresde
962 4293 1049 4359 1⁸65„
1065 4309 1092 4358 p.
1106 4293 1167 4363 469.

73 4416 74 4426 ,
133 4380 144 4406 ¹
182 4373 317 4427 Grundrlss
335 4375 380 4430 der
397 4375 546 4436 Gsschithte
563 4377 610 4430 der
626 4377 730 4442 Philus,
748 4389 791 4444 ste
808 4377 890 4444 nus„
906 4377 990 4431 Berlin
1010 4379 1098 4441 1880„
1113 4393 1142 4443 p·
1156 4378 1199 4438 nd.
