2934 4900
326 325 816 406 Theologico·Politicl
856 326 929 402 Cap.
951 326 1048 386 xv11.
1229 334 1286 399 571

95 501 163 562 Dei
194 503 315 562 decreto
346 500 518 562 Monarchae
548 514 664 562 tannun
690 501 822 564 revelato
851 515 931 562 certa
957 499 1072 563 ratione
1092 513 1223 580 regatur,
1243 499 1293 560 vel

95 613 167 692 regi
193 612 338 674 debuerit.
378 613 455 695 Quae
481 612 601 690 quidem
628 611 795 675 differentia
822 615 992 676 Monarchae
1012 612 1172 675 dominium
1193 627 1224 673 et
1240 609 1291 687 J'us

97 726 136 786 in
158 743 260 787 omnes
280 743 341 786 non
362 724 485 801 minuit,
515 724 567 786 sed
587 740 690 786 contra
710 741 808 804 auget.
849 725 994 787 Ceterum
1001 771 1011 802 ,
1032 725 1114 802 quod
1136 726 1172 786 ad
1194 741 1290 800 popu-

96 842 165 900 lum
186 837 338 916 utriusque
358 838 488 914 imperii,
509 855 595 914 aque
613 851 739 914 uterque
761 838 907 916 subjestus
929 838 988 914 est,
1010 853 1041 898 et
1061 838 1177 918 ignarus
1198 835 1292 898 divini

100 950 228 1012 decreti.
247 951 323 1011 Nam
343 965 470 1026 uterque
490 951 528 1010 ab
550 967 600 1009 ore
621 948 793 1011 Monarchae
814 951 942 1027 pendet,
973 966 1020 1026 et,
1041 950 1113 1026 quid
1134 950 1178 1010 fas
1199 946 1293 1008 nefas·

101 1081 165 1140 que
184 1062 236 1139 fit,
256 1063 351 1124 abeo
370 1061 435 1123 solo
455 1061 613 1140 intelligit3
641 1079 696 1122 nec
722 1077 896 1139 propterea,
925 1065 1008 1140 quod
1031 1064 1160 1139 populus
1181 1060 1293 1136 credit,

102 1175 297 1237 Monatclram
327 1174 400 1235 nrlail
429 1173 481 1234 nist
512 1192 549 1235 ex
570 1174 628 1235 Dei
649 1177 770 1236 decreto
791 1174 843 1251 ipsr
864 1175 998 1237 revelato
1018 1175 1174 1252 imperare,
1196 1173 1289 1236 eidem

102 1286 218 1361 minus,
238 1287 288 1349 sed
308 1301 412 1348 contra
432 1285 522 1364 magis
543 1303 644 1348 reuera
664 1285 812 1363 subjestus
833 1286 883 1347 est.
904 1288 948 1347 At
967 1286 1068 1348 Moses
1084 1287 1291 1348 nullumtalem

102 1398 293 1460 successorem
324 1397 429 1478 elegit,
461 1397 511 1459 sed
541 1397 696 1474 imperium
727 1397 769 1459 ita
800 1397 1054 1460 administrandum
1084 1396 1293 1460 successoribus

104 1509 243 1588 reliqmt,
273 1526 307 1571 ut
337 1525 392 1570 nec
423 1509 584 1585 PopuIare,
614 1527 669 1570 nec
700 1508 956 1586 Aristocraticum,
978 1527 1033 1571 nec
1053 1509 1293 1585 Monarchicum,

104 1622 157 1684 secl
178 1622 407 1683 Theocraticum
434 1620 536 1682 vocari
563 1622 705 1697 potuerit.
745 1623 822 1684 Nam
839 1621 888 1700 jus
909 1624 989 1702 leges
1014 1622 1241 1699 interpretandi,
1262 1637 1294 1684 et

104 1735 163 1796 Dei
183 1733 321 1811 responsa
342 1733 592 1810 communicandi,
611 1753 704 1810 penes
723 1752 832 1810 unum,
854 1749 884 1796 et
901 1734 951 1812 jus
961 1749 992 1796 et
1002 1735 1133 1812 potestas
1142 1735 1294 1810 imperium

103 1846 322 1909 administrandi
352 1846 511 1909 secundum
541 1848 621 1925 leges
648 1846 708 1924 jam
740 1847 922 1924 explicatas,
951 1847 1058 1925 etjam
1079 1847 1293 1910 communicata

103 1959 258 2036 responsa,
279 1977 371 2036 penes
392 1959 479 2020 alium
500 1974 571 2020 erat.
592 1959 659 2037 Qua
680 1961 717 2021 de
739 1977 769 2020 re
789 1960 859 2022 vide
879 1962 968 2021 Num.
990 1979 1054 2037 cap.
1075 1975 1124 2036 27.
1144 1960 1186 2024 vs.
1205 1962 1291 2021 an*

146 2071 206 2149 Et,
234 2089 268 2133 ut
295 2074 358 2133 haec
385 2072 487 2133 melius
515 2071 733 2152 intelligantur,
754 2073 1028 2134 administrationem
1051 2074 1146 2134 totius
1180 2073 1291 2150 imperii

105 2183 210 2246 ordine
241 2201 397 2261 exponam.
428 2185 524 2245 Primo
551 2184 644 2261 jussus
674 2185 715 2245 est
746 2187 876 2261 populus
907 2188 1025 2248 domum
1047 2185 1207 2263 edificate,
1226 2204 1292 2264 quae

105 2295 186 2372 quast
207 2296 282 2372 Dei,
302 2296 360 2358 hoc
380 2295 422 2356 est
441 2295 580 2372 supreme
601 2295 679 2358 illius
699 2296 813 2372 imperii
840 2295 1019 2374 Maiestatis,
1039 2299 1105 2360 aula
1125 2297 1205 2360 effet.
1236 2300 1292 2360 At·

104 2425 165 2486 que
191 2409 257 2470 haec
284 2426 346 2469 non
366 2406 510 2469 sumtibus
531 2407 636 2486 unius,
660 2407 711 2470 sed
730 2407 827 2470 totius
848 2409 951 2486 populi
973 2409 1142 2472 aedilicanda
1163 2409 1238 2487 suit,
1258 2425 1294 2472 ut

104 2522 230 2597 domus,
261 2520 313 2581 ubi
343 2521 426 2581 Deus
458 2519 654 2582 consulendus
684 2536 765 2596 erat,
795 2522 957 2583 communis
978 2522 1047 2583 esset
1065 2521 1149 2598 juris.
1190 2520 1292 2601 Regiae

103 2629 194 2707 hujus
225 2630 334 2693 divina·
365 2630 452 2691 aulici
483 2645 513 2691 et
545 2630 790 2693 administratores
820 2632 936 2695 Levitae
968 2632 1051 2696 elesii
1081 2634 1165 2709 sunt;
1186 2634 1291 2696 horum

104 2759 205 2804 autem
225 2743 388 2821 supremus,
410 2758 442 2804 et
461 2743 542 2821 qutfi
562 2762 579 2804 a
600 2746 683 2823 Rege
710 2745 777 2805 Deo
799 2743 959 2820 secundus,
980 2747 1088 2809 escilus
1110 2746 1150 2807 est
1170 2746 1291 2808 Aharon

105 2856 195 2915 frater
224 2854 335 2932 Molis,
365 2856 395 2916 in
426 2855 511 2932 cujus
543 2856 641 2917 locum
671 2854 736 2931 ejus
764 2855 814 2916 lilii
836 2855 965 2935 legitime
987 2857 1192 2918 succedebant.
1233 2858 1291 2918 Hic

104 2984 196 3047 ergo,
213 2984 249 3029 ut
270 2960 337 3029 Deo
356 2968 527 3044 proximus,
547 2967 673 3029 summus
692 2969 789 3047 legum
811 2967 974 3031 divinantm
996 2969 1139 3046 interpres
1161 2983 1240 3047 erat,
1261 2986 1292 3031 et

103 3080 158 3158 qui
178 3083 292 3157 populo
313 3080 408 3144 diuini
428 3080 539 3143 oraculi
559 3079 695 3157 responsa
716 3082 822 3155 dabat,
843 3096 874 3140 et
895 3079 945 3157 qui
967 3080 1094 3157 denique
1110 3098 1164 3157 pro
1176 3082 1290 3159 populo

103 3196 173 3255 Deo
202 3194 394 3269 supplicabat.
434 3194 526 3275 Quod
557 3191 578 3252 fi
609 3210 676 3253 cum
707 3191 754 3252 his
781 3191 831 3268 jus
852 3194 952 3253 eadem
973 3192 1134 3269 imperandi
1154 3194 1293 3267 haberet,

104 3307 179 3369 nihil
198 3308 341 3383 restabat,
362 3322 397 3369 ut
418 3305 569 3368 absolutus
591 3304 662 3367 esset
682 3304 855 3379 monarcha;
878 3304 927 3365 sed
949 3322 986 3366 eo
1007 3305 1141 3382 privatus
1161 3322 1240 3381 erat,
1261 3320 1293 3368 et

103 3418 239 3481 absolute
266 3434 333 3479 tota
354 3418 449 3479 tribus
469 3417 545 3480 Levi
571 3417 718 3478 communi
739 3416 860 3491 imperio
883 3416 924 3477 ita
945 3416 1084 3478 destituta
1104 3416 1180 3494 serit,
1201 3434 1235 3480 ut
1254 3436 1291 3479 ne

104 3529 223 3608 quidem
243 3545 356 3607 partem
377 3548 442 3590 cum
462 3530 582 3606 reliquis
602 3528 739 3590 tribubus
759 3528 910 3603 habuerit,
932 3546 1018 3605 quam
1036 3527 1102 3605 jure
1120 3530 1292 3605 possideret,

104 3644 183 3704 unde
203 3642 303 3703 saltem
324 3641 426 3704 uivere
447 3639 558 3716 posset3
579 3640 629 3701 sed
647 3656 681 3700 ut
702 3659 718 3701 a
739 3640 853 3716 reliquo
874 3641 989 3715 populo
1000 3641 1142 3714 aleretur,
1154 3639 1290 3714 instituit,

103 3770 135 3816 at
157 3754 214 3830 ita,
233 3770 269 3814 ut
289 3753 400 3830 semper
419 3752 545 3813 maximo
566 3753 679 3813 honore
700 3770 717 3811 a
739 3749 884 3812 communi
903 3751 988 3827 plebe
999 3750 1170 3827 haberetur,
1182 3768 1288 3827 utpote

104 3866 165 3927 sols
185 3867 253 3926 Deo
273 3864 379 3926 dicata.
406 3864 543 3939 Deinde,
571 3863 674 3925 militib
692 3882 730 3923 ex
753 3862 872 3939 reliquis
894 3864 1050 3924 duodecim
1071 3863 1207 3925 tribubus
1228 3867 1288 3927 sor-

104 3981 198 4053 mam,
214 3976 279 4053 jussr
299 3975 366 4037 sunt
387 3974 631 4037 Canahanitarum
649 3974 801 4051 imperium
822 3974 976 4049 invadere,
988 3974 1077 4051 idque
1088 3975 1119 4036 in
1131 3976 1287 4039 duodecim

103 4106 202 4169 partes
232 4088 380 4165 dividere,
411 4105 443 4149 et
469 4088 605 4149 tribubus
631 4106 685 4164 per
713 4086 806 4151 sortes
834 4084 1013 4157 distribuere,
1054 4088 1103 4148 Ad
1124 4086 1182 4160 hoc
1204 4088 1288 4153 mini·

138 4340 151 4371 '
185 4337 228 4391 Cl'.
243 4339 342 4396 dunot.
358 4336 489 4393 xxxvu.
