2934 4900
570 316 626 376 De
656 316 754 377 Deo.

451 508 801 554 conoutnnruu
830 488 868 551 ΙΙ.

97 602 241 681 Sequitur
268 602 319 663 11⁰.
327 646 337 678 ,
366 603 549 665 voluntatem
578 617 608 663 et
632 602 808 666 intelleftum
837 605 874 665 nd
900 602 956 664 Dei
977 618 1108 665 naturam
1128 605 1169 666 ita
1191 605 1248 667 sese

57 714 184 790 habere,
206 731 241 777 ut
262 729 360 775 motus
382 730 411 776 et
433 713 532 793 quies,
554 730 582 775 et
605 714 736 777 absolute
756 731 791 777 ut
808 715 904 777 omniu
924 716 1081 794 naturalia,
1097 736 1162 795 quae
1180 715 1250 800 (per

59 828 151 903 Prop.
168 824 232 907 29.)
250 846 267 887 a
282 828 350 888 Deo
372 830 408 889 ad
429 826 608 889 existendum
627 844 657 889 et
675 831 855 905 operandum
873 845 954 891 certo
966 832 1055 892 modo
1066 829 1249 891 determinari

58 941 180 998 debent.
197 940 286 1027 'Nam
316 940 471 1015 voluntas,
499 954 532 1001 ut
560 939 670 1017 reliqua
697 940 811 1019 omnin,
836 941 920 1003 cnusn
947 940 1076 1021 indiget,
1096 961 1113 1003 a
1134 961 1191 1019 qun
1212 944 1250 1003 ad

57 1052 240 1113 existendum
262 1069 292 1113 et
313 1055 491 1129 operandum
514 1069 594 1114 cerro
622 1055 710 1115 modo
733 1052 949 1115 determinetur.
978 1055 1034 1129 Et,
1056 1054 1190 1130 quamvis
1210 1074 1247 1115 ex

58 1168 126 1225 data
147 1166 306 1229 voluntate
326 1164 385 1227 five
407 1164 555 1226 intelleiiu
575 1163 688 1225 infinita
710 1164 883 1241 sequnntur,
897 1182 964 1246 non
986 1179 1081 1225 tamen
1094 1178 1248 1240 propterea

57 1278 140 1337 Deus
168 1276 262 1356 magis
282 1276 341 1338 dici
370 1276 466 1353 potest
494 1295 531 1337 ex
558 1276 693 1337 libertate
714 1276 878 1339 voluntatis
899 1294 999 1355 agere,
1022 1294 1108 1352 quum
1129 1291 1250 1352 propter

56 1408 108 1464 en,
137 1407 205 1465 quae
233 1408 271 1448 ex
299 1402 384 1449 motu
411 1403 442 1447 et
470 1387 569 1464 quiete
597 1387 759 1465 sequuntur
786 1387 911 1469 (infinito
940 1388 1016 1449 enim
1037 1407 1075 1449 ex
1095 1388 1141 1449 his
1163 1389 1248 1451 etiarn

56 1500 250 1577 sequuntur),
269 1500 328 1561 diei
354 1498 451 1577 potest
476 1518 513 1561 ex
540 1500 674 1561 libertate
702 1518 802 1562 motus
830 1516 860 1561 et
888 1500 997 1577 quietis
1027 1520 1120 1580 agere.
1152 1503 1249 1585 Quare

57 1614 198 1673 voluntas
219 1613 257 1673 ad
277 1610 334 1672 Dei
355 1626 486 1673 naturam
506 1630 567 1673 non
589 1612 679 1691 magis
700 1612 845 1689 pertinet,
868 1631 954 1689 quarn
970 1612 1079 1690 reliqua
1092 1614 1248 1688 naturalia,

55 1724 104 1787 sed
126 1727 163 1786 ad
186 1723 277 1801 ipsam
298 1726 403 1785 eodem
422 1725 511 1785 modo
533 1723 589 1784 sese
611 1725 717 1799 habet,
746 1738 779 1785 ut
801 1738 900 1784 motus
921 1739 951 1784 et
974 1724 1076 1800 quiet,
1101 1740 1131 1783 et
1153 1725 1249 1784 omnin

55 1836 187 1913 reliqua,
219 1856 285 1911 quae
315 1835 493 1897 ostendimus
521 1854 557 1895 ex
586 1836 750 1897 neceiiitnte
779 1834 887 1899 divinae
912 1852 1022 1898 naturae
1043 1835 1141 1913 sequi,
1162 1853 1192 1897 et
1213 1840 1248 1898 nb

54 1952 155 2011 endem
178 1952 216 2009 nd
238 1947 419 2009 existendum
441 1964 471 2009 et
493 1949 671 2024 operandum
694 1965 776 2009 certo
798 1951 887 2010 modo
909 1948 1100 2011 detenninari.

406 2118 737 2183 PROPOSITIO
765 2120 900 2181 XXXIII.

96 2252 158 2311 Res
185 2251 262 2309 nullo
289 2251 346 2310 alio
373 2251 466 2325 modo,
495 2268 584 2326 neque
611 2250 668 2310 ano
695 2251 795 2309 ordior
815 2267 836 2309 a
855 2252 920 2309 Deo
939 2252 1062 2327 produci
1077 2262 1233 2327 putruerunt
1240 2307 1250 2337 ‚

56 2382 144 2439 quam
162 2363 311 2440 produlia
325 2362 408 2439 sunt.

466 2492 861 2538 neuousrnnrro

98 2561 162 2647 Res
182 2587 260 2648 eninr
282 2605 382 2648 omnes
404 2590 528 2648 exdate
550 2587 607 2648 Dei
629 2603 730 2648 natura
758 2587 913 2648 necessario
939 2588 1070 2666 sequutae
1091 2589 1159 2651 sunt
1179 2589 1250 2672 <per

55 2699 251 2782 Prop.16.),
278 2718 309 2761 et
336 2719 373 2760 ex
404 2701 565 2762 necessitnte
594 2715 704 2760 natutae
731 2699 788 2761 Dei
809 2699 1005 2762 determinntae
1026 2701 1093 2763 sunt
1111 2705 1147 2762 nd
1166 2718 1248 2763 certo

57 2815 150 2872 modo
172 2809 352 2873 existendum
373 2827 403 2872 et
424 2814 602 2888 operandum
624 2809 694 2892 (per
710 2811 800 2888 Prop.
819 2809 890 2892 ιιι).
911 2812 941 2872 Si
959 2811 1059 2889 itaque
1076 2813 1249 2874 restiterins

57 2939 173 2986 natutae
194 2923 353 3000 potuiiIent
373 2923 445 2999 eise,
466 2925 513 2988 vel
534 2924 592 2986 nlio
617 2925 707 2985 modo
729 2926 765 2984 nd
787 2925 966 2999 operandum
996 2923 1194 3000 determinari,
1215 2939 1248 2985 ut

58 3053 173 3098 nature
194 3037 269 3098 ordo
289 3035 363 3098 nlius
384 3035 470 3113 eII‘et;
490 3053 559 3115 ergo
581 3035 638 3096 Dei
660 3035 749 3097 etiam
769 3051 871 3096 natura
893 3035 947 3096 alia
969 3034 1062 3112 puiset
1082 3033 1248 3112 effe‚qunm

54 3147 115 3222 jam
146 3147 204 3224 est3
232 3167 265 3208 nc
290 3147 413 3224 proinde
442 3147 513 3226 (per
539 3149 628 3225 Prop.
654 3145 711 3228 11.)
739 3146 785 3208 illa
812 3147 898 3208 etiam
919 3149 1039 3209 deberet
1059 3147 1198 3223 existere,
1219 3165 1250 3208 et

59 3257 274 3334 consequenter
304 3262 363 3321 duo
391 3260 439 3322 vel
467 3260 563 3336 plures
591 3257 704 3335 poii'ent
726 3259 788 3320 dari
807 3258 875 3336 Dii,
896 3262 978 3336 quod
1000 3260 1074 3338 (per
1095 3259 1198 3321 Coroll.
1223 3275 1247 3320 r.

60 3371 151 3447 Prop.
177 3368 237 3450 14.)
257 3369 297 3430 est
317 3371 480 3433 absurdum.
502 3372 690 3454 Quapropter
710 3388 756 3431 res
778 3372 859 3432 nullo
880 3371 937 3432 alio
958 3373 1063 3449 modo,
1080 3389 1174 3447 neque
1190 3371 1248 3433 aiio

61 3481 183 3559 ordine,
204 3497 261 3542 etc.
284 3483 317 3559 Q.
340 3483 376 3546 Ε.
399 3485 441 3544 D.

513 3647 757 3691 scuottuu
789 3632 812 3690 t

103 3756 251 3841 Quoniam
271 3757 316 3818 hit
337 3759 401 3818 luce
423 3756 578 3820 meridiana
601 3759 705 3820 clarIus
727 3757 859 3832 ostendi,
881 3755 952 3815 nihii
970 3754 1101 3815 absolute
1118 3753 1148 3814 iu
1164 3756 1249 3815 rebus

63 3872 140 3946 dari,
161 3886 283 3948 propter
303 3873 385 3946 quod
405 3869 610 3950 contingentes
630 3871 780 3945 dicantur,
801 3868 945 3945 explicare
963 3866 1022 3942 jam
1042 3867 1145 3944 paucis
1162 3867 1249 3940 volo,

64 3984 135 4060 quid
165 3982 252 4044 nobis
275 3999 326 4058 pet
350 3981 535 4061 Contingent
562 3983 617 4044 etit
646 3982 881 4061 intelligendum
911 3979 960 4042 sed
986 3979 1086 4056 prius,
1107 3978 1177 4055 quid
1198 3997 1250 4054 per

64 4093 274 4170 trecenarium,
294 4109 327 4154 et
347 4093 527 4170 Impoffibile.
551 4095 611 4155 Res
633 4093 728 4171 aliqua
750 4091 900 4154 necessaria
924 4089 1047 4168 dieitur,
1072 4093 1119 4153 vel
1137 4089 1249 4151 ratione

65 4206 119 4268 suae
141 4205 285 4280 essentiae,
307 4205 354 4266 vel
375 4205 489 4266 ratione
517 4204 620 4266 cause.
652 4205 708 4266 Rei
730 4205 806 4266 enim
828 4203 951 4281 alicujus
971 4203 1122 4265 existentia
1144 4205 1191 4264 vel
1212 4223 1249 4263 ex

68 4319 151 4394 ipius
177 4317 298 4380 effentia
326 4335 356 4378 et
384 4316 571 4392 definitione,
600 4319 708 4380 velex
736 4320 803 4378 data
825 4315 909 4378 causa
930 4315 1074 4376 efficiente
1095 4313 1249 4375 necessario

1135 4425 1150 4476 5
