2934 4900
222 323 282 399 460
700 321 938 382 Tractatus

221 511 318 557 menta
338 512 368 557 et
388 497 497 573 placita
518 515 555 556 ex
576 497 662 558 sacris
682 497 775 558 literis
796 514 971 575 extorquere
993 495 1126 573 poffent,
1146 495 1396 559 etdivinaautno-

221 607 307 670 ritate
329 609 458 684 munire,
478 627 532 669 nec
554 609 633 672 aliud
654 610 764 670 minore
786 628 852 672 cum
872 609 1009 686 scrupulo
1030 608 1198 686 maioreque
1212 606 1396 669 cumtemeri-

220 734 281 781 tare
303 739 403 799 agere,
424 740 510 798 quam
531 722 695 798 Scripturas
716 722 776 784 live
795 721 922 798 Spiritus
941 720 1039 783 Sancti
1060 736 1185 782 mentem
1205 718 1397 796 interpretare

220 848 251 894 et
282 833 302 892 li
333 848 395 894 tum
427 852 479 895 eos
511 834 621 912 aliquid
649 834 793 896 sollicitos
819 835 926 909 habet,
946 853 1006 895 non
1028 835 1069 895 est
1090 837 1172 911 quod
1194 848 1347 907 verentur,
1367 849 1397 891 ne

220 943 341 1020 Spiritui
369 946 475 1007 sancio
505 946 630 1024 aliquem
658 965 782 1007 errorem
810 947 950 1025 affingant
975 962 1006 1007 et
1027 965 1044 1007 a
1064 946 1113 1009 via
1134 947 1235 1009 salutis
1256 948 1398 1017 aberrent,

220 1053 270 1116 sed
299 1075 334 1116 ne
362 1056 467 1118 erroris
493 1060 529 1118 ab
558 1057 621 1118 aliis
650 1059 882 1133 convincantur,
910 1074 1000 1134 atque
1029 1057 1070 1119 ita
1091 1058 1209 1136 propria
1231 1077 1333 1119 eorum
1351 1057 1397 1117 sub

221 1168 347 1244 pedibus
365 1169 462 1246 jaceat
482 1171 663 1245 authoritas,
685 1186 715 1231 et
736 1173 772 1231 ab
794 1170 857 1232 aliis
879 1187 1113 1233 contemnantur.
1134 1173 1226 1254 Quod
1242 1170 1399 1232 lihomines

222 1279 269 1354 id,
290 1282 372 1356 quod
393 1281 491 1343 verbis
512 1285 548 1344 de
569 1281 718 1358 Scriptura
740 1281 899 1357 testantur,
920 1301 958 1342 ex
979 1301 1051 1344 vero
1071 1282 1167 1343 animo
1185 1282 1317 1343 dicerent
1323 1297 1399 1357 ,tum

222 1391 305 1452 aliam
325 1393 442 1468 prorsus
463 1394 584 1458 vivendi
605 1395 748 1456 rationem
769 1394 928 1470 haberent,
947 1413 1043 1472 neque
1064 1409 1113 1456 tot
1133 1395 1284 1456 discordie
1305 1411 1400 1453 eorum

221 1520 333 1565 mentes
360 1505 503 1584 agitarent
530 1525 627 1583 neque
656 1521 703 1567 tot
726 1506 803 1568 odiis
823 1522 986 1583 certarent,
1007 1525 1060 1566 nec
1081 1522 1140 1568 tam
1161 1523 1243 1566 cceca
1264 1521 1293 1566 et
1315 1521 1400 1566 teme-

220 1609 476 1692 raria'cupiditate
496 1617 705 1694 interpretandi
719 1619 923 1696 Scripturam,
943 1637 1081 1696 novaque
1098 1619 1128 1680 in
1147 1617 1304 1697 Religione
1316 1635 1400 1677 erco-

219 1729 351 1808 gitandi,
380 1746 569 1807 tenerentur;
600 1732 650 1793 sed
682 1749 785 1793 contra
814 1731 886 1792 nihil
905 1748 1045 1809 tanquam
1064 1731 1222 1809 Scripmrae
1243 1731 1401 1794 erumnam

221 1842 354 1918 ampleeii
385 1847 541 1920 auderent,
572 1847 654 1921 quod
682 1846 718 1904 ab
746 1845 807 1920 ipsa
836 1863 923 1921 quam
945 1845 1089 1906 clariilime
1109 1863 1170 1906 non
1192 1847 1402 1916 edocerentur,

221 1969 252 2016 et
279 1955 406 2036 denique
433 1957 560 2038 sacrilegi
587 1959 646 2035 illi,
674 1959 724 2035 qui
745 1959 924 2036 Scripturam
945 1959 1076 2036 plurimis
1097 1961 1127 2020 in
1148 1959 1223 2020 locis
1243 1961 1402 2020 adulterare

223 2087 284 2130 non
311 2070 378 2132 sunt
405 2071 508 2147 veriti,
530 2092 545 2133 a
572 2087 658 2133 tanto
686 2072 794 2134 scelere
815 2073 938 2134 maxime
967 2071 1123 2146 cavissent,
1143 2071 1301 2149 manusque
1323 2072 1403 2132 sacri·

222 2183 300 2260 legas
332 2185 368 2243 ab
398 2182 434 2244 iis
473 2183 678 2246 abstinuissent.
719 2187 762 2246 At
798 2184 921 2246 ambitio
960 2199 990 2244 et
1021 2184 1113 2245 scelus
1145 2199 1259 2245 tantum
1289 2187 1404 2246 tandem

222 2308 401 2371 potuerunt,
433 2311 466 2356 ut
498 2297 615 2376 Religio
648 2315 708 2359 non
739 2314 798 2358 tam
830 2297 859 2357 in
888 2295 1125 2373 obtemperandis
1154 2295 1281 2373 Spiritus
1311 2295 1405 2358 Sardi

225 2407 427 2484 documentis,
455 2427 541 2487 quam
569 2408 599 2470 in
627 2409 820 2473 defendendis
840 2409 991 2471 hominum
1012 2409 1184 2471 commentis
1204 2407 1257 2471 fita
1277 2408 1330 2486 stt,
1350 2409 1404 2469 imo
1438 2430 1439 2435 ¹

222 2532 256 2578 ut
278 2518 395 2597 Religio
417 2538 477 2581 non
498 2520 656 2598 charitate,
684 2522 734 2582 sed
755 2520 969 2583 disseminandis
989 2521 1141 2583 discordiis
1162 2522 1239 2584 inter
1258 2522 1405 2593 homines,

223 2644 253 2689 er
276 2630 346 2692 odio
367 2632 566 2709 infensrslimo,
588 2637 669 2710 quod
691 2632 765 2693 falso
785 2633 905 2693 nomine
925 2633 982 2693 zeli
1004 2632 1098 2697 divini
1119 2648 1149 2693 et
1170 2634 1300 2695 ardentis
1321 2632 1403 2695 studii

222 2744 411 2819 adumbrant,
432 2748 622 2824 propagando
644 2746 841 2807 contineatur.
863 2747 912 2807 Ad
934 2746 996 2807 haec
1017 2748 1090 2806 mala
1111 2747 1225 2807 acceliit
1242 2746 1404 2823 supersttio,

223 2872 288 2930 quae
308 2855 440 2917 homines
462 2857 620 2919 Rationem
641 2874 670 2918 et
691 2860 833 2919 Naturam
856 2873 1041 2919 contemnere
1063 2862 1169 2933 docet,
1189 2876 1220 2920 et
1240 2859 1271 2921 id
1291 2874 1402 2921 tantum

223 2965 355 3027 admirari
376 2985 409 3028 ac
431 2969 580 3046 venerari,
600 2972 681 3047 quod
702 2971 771 3031 huic
793 2971 911 3048 utrique
932 2988 1092 3050 repugnat:
1114 2990 1203 3049 quare
1224 2990 1285 3033 non
1306 2971 1401 3032 mitum

223 3080 280 3156 est,
306 3084 387 3157 quod
414 3082 563 3158 homines,
593 3098 626 3143 ut
646 3082 824 3159 Scripturam
854 3083 944 3161 magis
966 3082 1142 3143 admirentur
1163 3097 1193 3142 et
1214 3097 1403 3154 venerentur,

222 3210 283 3252 eam
306 3191 347 3252 ita
368 3192 513 3268 explicare
533 3194 683 3269 studeant,
704 3210 739 3255 ut
760 3194 823 3270 his,
844 3194 969 3256 Rationi
989 3193 1097 3255 scilicet
1120 3210 1150 3255 et
1171 3195 1401 3270 Naturae,quam

222 3303 344 3364 maxime
376 3322 536 3383 repugnare
567 3305 723 3383 videatur;
745 3306 874 3382 ideoque
895 3307 926 3366 in
947 3306 1043 3367 Sacris
1063 3306 1171 3367 Litcris
1193 3305 1401 3382 profundiffima

221 3415 353 3494 mysteria
373 3417 463 3476 latere
484 3416 644 3493 somniant,
667 3433 695 3477 et
716 3418 746 3478 in
769 3418 822 3493 iis,
843 3418 902 3478 hoc
924 3418 982 3493 est,
999 3418 1029 3477 in
1051 3417 1181 3479 absurdis
1191 3416 1400 3496 investigandis,

222 3527 334 3590 caeteris
364 3528 487 3589 utilibus
519 3529 675 3607 negleciis,
706 3530 921 3608 defatigantur;
952 3546 983 3591 et
1014 3529 1157 3606 quicquid
1187 3528 1225 3589 fic
1257 3529 1399 3592 delirando

221 3642 352 3719 fingunt,
382 3640 412 3701 id
444 3659 529 3701 omne
567 3640 691 3717 Spiritui
730 3642 837 3703 Sancio
875 3642 1027 3716 tribuunt,
1058 3657 1088 3701 et
1119 3641 1225 3702 summa
1257 3642 1287 3703 vi
1318 3656 1399 3715 atquc

221 3753 376 3816 affectuum
397 3754 508 3830 impetu
529 3755 685 3816 defendere
707 3770 862 3816 conantur.
889 3757 934 3816 Ita
953 3755 1118 3816 enimcum
1138 3755 1306 3817 hominibus
1326 3772 1398 3815 com-

222 3880 353 3941 paratum
382 3865 439 3940 est,
467 3880 500 3926 ut
522 3864 664 3942 quicquid
691 3884 768 3941 puto
790 3864 941 3927 intellectu
961 3866 1153 3943 concipiunt,
1174 3865 1236 3927 solo
1258 3866 1399 3927 intellectu

222 3990 252 4035 et
281 3976 427 4052 Ratione;
456 3976 597 4053 quicquid
627 3990 729 4036 contra
752 3976 898 4037 exanimi
926 3976 1091 4039 Affeclibus
1112 3978 1287 4054 opinantur,
1307 3977 1398 4039 iisdem

222 4088 309 4148 etiam
340 4089 508 4149 defendant.
550 4091 594 4151 Ut
626 4103 723 4149 autem
756 4091 792 4149 ab
824 4089 869 4149 his
902 4089 996 4151 turbis
1017 4090 1210 4164 extricemur,
1231 4106 1261 4151 et
1282 4104 1398 4151 mentem

222 4199 436 4275 apraejudiciis
463 4200 655 4279 Theologicis
683 4200 856 4276 liberemus,
883 4220 937 4263 nec
967 4219 1074 4263 temere
1100 4201 1251 4263 hominum
1271 4204 1395 4281 figmenta

221 4329 275 4389 pro
296 4310 405 4376 divinis
433 4312 617 4374 documentis
647 4315 867 4391 amplectamur,
895 4314 983 4377 nobis
1003 4317 1039 4379 de
1059 4334 1127 4377 vera
1148 4316 1289 4377 methodo
1309 4314 1394 4387 Scrip-
