2934 4900
218 316 276 386 154
634 309 816 371 Ethices
840 310 909 372 Para
929 311 983 372 111.

217 480 271 542 alia
293 498 330 542 er
351 497 388 542 eo
411 480 519 558 oritur,
540 484 622 560 quod
641 499 699 542 rem
717 481 842 556 amauit,
860 498 890 543 et
908 481 1122 558 consequenter
1138 480 1247 558 majore
1263 481 1416 544 Tristitiae

216 593 321 656 affectu
351 610 410 654 rem
442 608 564 654 amatam
596 593 860 668 contemplabitur,
890 595 948 683 hoc
977 594 1018 656 est
1039 595 1112 673 (per
1131 593 1222 654 Scbol.
1242 595 1334 673 Prop.
1364 611 1416 670 13.

215 703 316 784 nujus)
349 705 450 782 majori
482 705 554 766 odio
576 705 788 784 prosequetur,
810 725 897 783 quarn
919 705 939 768 si
962 709 1085 768 eandem
1105 725 1166 767 non
1187 705 1361 782 amavisset,
1383 721 1418 766 et

216 835 252 878 eo
274 816 393 894 majori,
414 836 475 894 quo
497 835 577 882 amor
597 817 690 896 major
710 819 816 880 fuerat.
840 821 874 896 Q.
896 821 933 880 E.
954 821 995 881 D.

556 997 888 1058 PROPOSITIO
931 995 1065 1056 XXXIX.

257 1112 313 1186 Qui
342 1111 465 1188 aliquem
497 1111 567 1170 Odio
598 1109 701 1185 ltaber,
732 1115 760 1170 ei
789 1112 896 1170 malum
925 1109 1039 1187 inserte
1059 1110 1227 1184 conabitur,
1246 1108 1301 1186 nist
1321 1129 1361 1168 ex
1385 1131 1417 1168 eo

215 1225 309 1296 masiis
327 1221 385 1299 fibi
404 1223 508 1282 malum
528 1226 606 1306 orici
625 1226 745 1296 timeam
765 1237 793 1282 er
812 1237 929 1298 contra,
953 1227 1005 1300 qui
1019 1224 1144 1301 aliquem
1160 1235 1250 1297 amat,
1267 1226 1294 1280 ei
1308 1224 1416 1281 eadem

215 1336 275 1410 lege
294 1334 458 1412 benefacere
478 1336 638 1397 conabitur.

617 1497 1013 1543 utmonsrantto

255 1590 392 1669 Aliquem
423 1591 495 1654 odio
522 1592 631 1654 habere
652 1593 692 1652 est
715 1593 787 1672 (per
806 1591 897 1652 Sobel.
918 1592 1008 1671 Prap.
1033 1607 1078 1668 13.
1099 1591 1201 1673 liujus)
1223 1593 1349 1671 aliquem
1373 1613 1411 1657 ut

215 1703 353 1764 Tristitiae
386 1705 498 1766 causam
529 1703 696 1784 imaginem
727 1706 863 1780 adeoque
894 1703 964 1785 (per
984 1707 1073 1784 Prap.
1095 1707 1144 1765 28.
1165 1704 1266 1786 lajas)
1287 1706 1330 1783 is,
1351 1709 1410 1784 qui

215 1815 339 1892 aliquem
373 1816 445 1878 odio
475 1816 580 1893 habet,
613 1819 738 1878 eundem
759 1833 894 1878 amovere
915 1817 964 1879 vel
984 1816 1129 1877 destruere
1149 1815 1314 1878 conabitur.
1344 1819 1409 1879 Sed

216 1927 236 1988 st
257 1927 325 1990 inde
347 1927 458 2004 aliquid
479 1927 606 2004 tristius,
626 1927 685 1992 stve
708 1931 804 2006 (quod
827 1927 904 1990 idem
925 1927 980 2008 est)
1002 1927 1095 2004 majus
1112 1930 1217 1990 malum
1227 1928 1278 1990 srbi
1290 1929 1409 2006 timeat,

216 2039 304 2116 idque
336 2039 365 2099 se
397 2038 489 2102 vitare
516 2039 595 2116 posse
616 2040 727 2116 credit,
749 2060 809 2102 non
830 2039 984 2104 inferendo
1006 2041 1050 2117 ei,
1071 2059 1157 2120 quem
1178 2040 1261 2116 odit,
1281 2042 1410 2116 malum,

217 2153 299 2227 quod
330 2150 542 2228 meditabatur,
573 2173 589 2212 a
617 2154 693 2214 malo
722 2153 876 2215 inserendo
897 2155 970 2234 (pec
988 2155 1103 2214 candent
1122 2155 1211 2233 Prop.
1233 2154 1281 2215 ad.
1301 2153 1408 2234 hujus)

216 2262 355 2325 abstinere
388 2263 505 2340 cupiet;
527 2265 616 2342 idque
637 2265 709 2344 (per
729 2266 818 2345 Prop.
840 2282 888 2342 37.
910 2265 1012 2346 lrujtn)
1034 2266 1143 2343 majore
1165 2282 1292 2340 conatu,
1314 2286 1405 2344 quam

215 2395 278 2454 quo
308 2379 464 2438 tenebatur
496 2377 638 2438 inserendi
660 2380 783 2453 malum,
805 2376 856 2456 qui
876 2392 1032 2455 propterca
1054 2377 1244 2456 praevalebit,
1265 2395 1298 2439 ut
1318 2381 1405 2440 vole·

214 2490 326 2551 bamus.
353 2490 495 2551 Secundae
518 2490 609 2566 partis
630 2490 839 2552 demonstratio
861 2494 965 2553 eodem
983 2493 1073 2553 modo
1091 2491 1237 2567 procedit.
1254 2491 1335 2569 Ergo
1352 2492 1405 2567 qui

215 2601 340 2678 aliquem
361 2602 433 2663 odio
454 2602 563 2677 habet,
584 2618 641 2663 etc.
675 2605 708 2681 Q.
731 2606 768 2665 E.
788 2605 828 2665 D.

682 2764 762 2808 sca
777 2765 888 2809 ottu
902 2766 939 2808 m.

255 2858 309 2917 Per
335 2856 435 2917 bonum
462 2857 510 2918 hic
538 2857 671 2938 intelligo
700 2877 787 2920 omne
814 2878 907 2939 genus
935 2860 1080 2934 Laeritiae,
1100 2876 1130 2921 et
1151 2858 1293 2937 quicquid
1312 2878 1405 2937 porro

215 2972 253 3031 ad
283 2972 403 3031 eandem
434 2970 590 3039 conducit.
620 2987 649 3032 et
679 2971 827 3048 praecipue
848 2973 894 3049 id,
915 2975 996 3049 quod
1018 2971 1176 3045 desrderio,
1200 2974 1407 3050 qualecunque

213 3081 285 3143 illud
316 3080 368 3156 stt,
399 3080 550 3143 satisfacit.
592 3083 646 3143 Per
677 3084 783 3143 malum
815 3099 912 3145 autem
945 3102 1032 3145 omne
1062 3084 1201 3145 Tristitia
1232 3104 1344 3164 genus,
1374 3102 1406 3146 et

214 3191 361 3269 praecipue
381 3191 429 3267 id,
450 3195 531 3269 quod
553 3192 723 3255 desiderium
746 3195 906 3256 frustratur.
933 3196 1026 3269 Supra
1044 3194 1119 3255 enim
1138 3195 1184 3272 (in
1200 3193 1294 3256 Sebol.
1312 3196 1405 3274 Prop.

213 3322 242 3380 9.
259 3302 361 3383 nasus)
380 3303 574 3381 ostendimus,
592 3324 647 3365 nos
666 3304 738 3366 nihil
756 3325 879 3382 cupere,
899 3306 968 3383 quia
987 3306 1018 3368 id
1035 3310 1146 3367 bonum
1163 3305 1218 3367 esse
1226 3306 1406 3383 judicamus,

213 3414 262 3475 sed
291 3430 394 3476 contra
422 3414 452 3476 id
482 3416 592 3476 bonum
605 3418 771 3491 {vocamuq
794 3420 876 3493 quod
897 3418 1048 3493 cupirnus3
1069 3434 1099 3479 et
1120 3418 1335 3494 consequenter
1355 3418 1405 3495 id,

214 3528 296 3601 quod
334 3524 514 3601 aversamur,
551 3528 655 3587 malum
695 3529 890 3604 appellamus;
929 3547 1018 3606 quare
1049 3527 1248 3607 unusquisque
1279 3548 1316 3590 ex
1349 3529 1403 3591 suo

214 3638 320 3701 affectu
337 3637 452 3715 judicat
475 3638 524 3701 seu
545 3638 682 3715 estimat,
704 3640 777 3717 quid
796 3642 925 3717 bouum,
947 3641 1019 3719 quid
1041 3643 1162 3717 malum,
1187 3642 1260 3718 quid
1282 3644 1405 3717 melius,

214 3749 285 3827 quid
318 3750 419 3828 pejus,
451 3767 482 3812 et
513 3750 585 3828 quid
617 3750 742 3829 denique
774 3752 933 3829 optimum,
964 3754 1075 3830 quidve
1107 3755 1253 3830 pelhtttum
1280 3753 1325 3814 stt.
1355 3755 1405 3816 stc

214 3864 331 3925 Avarus
372 3862 483 3943 argenti
520 3863 635 3939 copiam
675 3864 835 3941 optimum,
874 3864 939 3941 ejus
970 3879 1066 3927 autera
1096 3864 1225 3942 inopiam
1258 3866 1405 3941 pessimum

210 3975 336 4054 judicat.
379 3974 565 4037 Ambitiosus
598 3991 693 4036 autem
724 3975 796 4036 nihil
817 3994 900 4053 aeque
920 3996 954 4036 ac
975 3977 1103 4038 Gloriam
1125 3976 1225 4053 cupit,
1247 3993 1278 4037 et
1299 3992 1404 4038 contra

214 4086 287 4149 nihil
319 4106 402 4165 teque
433 4106 466 4148 ac
498 4087 643 4148 Pudorem
668 4087 847 4149 reformidat.
878 4087 985 4150 Invida
1017 4088 1123 4151 deinde
1151 4088 1223 4148 nihil
1243 4087 1404 4165 jucundius

216 4218 305 4276 quam
337 4198 455 4260 alterius
478 4197 650 4273 inselicitar,
671 4216 701 4261 et
722 4199 795 4261 nihil
814 4200 962 4263 molestius
983 4220 1069 4279 quam
1088 4200 1182 4263 aliena
1203 4200 1347 4278 felicitas3
1367 4221 1401 4262 ac

214 4308 251 4371 stc
273 4309 471 4387 unusquisque
493 4329 530 4370 ert
553 4310 604 4371 suo
625 4311 731 4375 affettu
751 4330 811 4373 rem
831 4312 956 4390 aliquam
974 4315 1081 4375 bonam
1099 4328 1150 4375 tut
1168 4313 1281 4391 nudam,
1298 4313 1401 4377 utilem
