2934 4900
380 308 436 371 De
476 306 706 373 Servitute
733 307 940 391 flumana.
1192 318 1252 387 235

47 488 198 562 student,
228 503 263 552 ut
290 488 396 549 malurn
424 484 527 563 potius
554 484 671 565 fugiant
700 502 787 563 quarn
815 483 942 547 virtuter
970 500 1083 561 ament,
1110 483 1152 547 nii
1173 484 1252 547 aliud

49 600 242 675 intendunt,
270 618 357 678 quarn
384 613 418 662 ut
445 595 551 674 reliqui
578 614 662 674 aeque
692 614 726 657 ac
754 594 806 671 ipsr
826 596 898 657 fiant
918 594 1027 672 miseri;
1048 612 1079 660 et
1100 596 1168 665 ideo
1190 616 1250 659 non

48 712 183 787 mirum,
205 712 227 773 {i
249 713 418 789 plerumque
441 707 551 770 molesti
573 724 604 770 et
627 707 719 770 odioii
742 708 797 771 srnt
816 709 994 773 nominibus.

481 886 845 933 cononunurun.

92 988 296 1065 cupiditate,
324 1004 389 1064 que
418 1004 456 1046 ex
484 983 615 1047 Ratione
644 981 755 1059 oritur,
779 983 890 1043 bonum
911 982 1018 1045 directe
1039 981 1200 1060 sequimur,
1222 1000 1252 1045 et

51 1102 165 1163 malurn
188 1098 330 1161 indirecte
352 1096 490 1177 fugimus.

463 1248 861 1301 nruonsrnntro

90 1359 176 1417 Nam
200 1353 373 1431 Cupiditas,
401 1371 467 1430 quae
488 1370 527 1413 ex
549 1351 681 1413 Ratione
707 1348 819 1427 oritur,
840 1366 876 1413 ex
897 1350 962 1412 solo
983 1350 1110 1414 Laetitiae
1131 1352 1253 1429 affectu,

52 1488 120 1545 quae
152 1468 247 1545 paffio
274 1484 337 1527 non
364 1466 422 1541 est,
448 1462 517 1526 oriri
548 1462 645 1540 potest
667 1462 741 1543 (por
760 1464 848 1543 Prop.
871 1474 918 1540 59.
934 1475 967 1542 p.
989 1464 1050 1543 3.),
1074 1463 1131 1527 hoc
1153 1464 1250 1526 estex

54 1578 199 1655 Laetitia,
230 1597 297 1656 quae
327 1575 471 1638 exceiium
502 1575 610 1635 habere
641 1574 745 1653 nequit
774 1574 846 1657 (per
865 1575 954 1655 Prop.
974 1576 1024 1635 61.
1045 1572 1163 1656 hujus),
1190 1595 1250 1638 non

53 1710 156 1753 autem
188 1709 226 1751 ex
254 1688 403 1765 Tristitia3
431 1707 464 1750 ae
493 1686 617 1765 proinde
637 1687 699 1748 haec
722 1686 879 1764 Cupiditas
901 1688 973 1767 (per
992 1689 1081 1771 Prop.
1102 1690 1129 1751 8.
1151 1688 1250 1771 huj'rts)

57 1822 93 1863 ex
123 1801 302 1884 cognitione
330 1799 420 1877 boni,
447 1818 508 1861 non
537 1814 636 1861 autern
664 1799 730 1861 maii
759 1798 870 1877 oritur3
899 1815 988 1879 atque
1009 1802 1084 1863 adeo
1103 1820 1141 1864 ex
1162 1802 1252 1865 ductu

57 1912 205 1976 Rationis
221 1914 333 1974 bonum
351 1910 460 1974 diredie
478 1911 662 1989 appetimus,
678 1925 709 1972 et
720 1927 843 1973 eatenus
862 1927 976 1975 tantum
994 1913 1252 1994 malumiugimus.

61 2028 93 2104 Q.
114 2028 154 2089 r.
177 2026 220 2088 n.

532 2121 788 2166 tcnouluu.

99 2218 280 2297 Explicatur
306 2218 364 2279 hoc
391 2216 584 2280 Corollariurn
609 2218 745 2294 exemplo
767 2218 835 2299 aegri
856 2234 886 2280 et
907 2218 976 2281 sani.
1017 2219 1154 2282 Comedit
1176 2237 1253 2301 aeger

66 2330 114 2406 id,
142 2333 229 2409 quod
256 2330 421 2406 aversatur,
449 2326 554 2390 timore
580 2330 700 2405 mortit3
727 2331 812 2393 sanus
843 2348 940 2393 autem
972 2332 1040 2395 cibo
1072 2336 1197 2413 gaudet,
1219 2349 1249 2396 et

63 2444 126 2506 vita
156 2444 198 2508 stc
228 2443 331 2506 meiius
362 2442 484 2518 fruitur,
514 2462 602 2520 quam
628 2441 649 2503 fi
677 2459 799 2506 mortem
831 2443 963 2522 timeret,
991 2464 1112 2522 eamque
1143 2445 1250 2508 directe

63 2556 155 2619 vitare
189 2571 322 2635 cuperet.
360 2554 409 2618 sic
436 2553 547 2632 judex,
578 2553 629 2632 qui
656 2573 717 2617 non
746 2554 825 2618 Odio
854 2572 905 2618 aut
933 2557 995 2632 Ira,
1023 2571 1079 2618 etc.
1108 2558 1157 2620 sed
1186 2557 1249 2620 solo

63 2669 174 2730 Amore
193 2665 295 2730 salutis
315 2665 440 2743 publicae
461 2683 542 2726 reum
563 2664 667 2728 mortio
688 2668 821 2744 damnat,
843 2665 903 2728 sola
924 2667 1055 2730 Ratione
1076 2669 1202 2732 ducitur.

418 2815 748 2904 nunrosmo
790 2842 898 2905 uxrv.

105 2969 239 3046 Cognitio
258 2969 329 3028 mali
348 2970 471 3043 cognitio
490 2968 530 3046 est
548 2969 747 3047 inadequata.

460 3142 855 3191 nnnontnnnrrn

104 3237 249 3318 cognitio
279 3237 347 3300 mali
378 3237 450 3319 (per
470 3239 560 3320 Prop.
582 3237 610 3301 8.
632 3237 732 3318 hujus)
766 3239 807 3302 est
837 3239 898 3317 ipsa
929 3240 1078 3317 Tristitia,
1105 3257 1252 3320 quatenus

70 3349 194 3426 ejusdcm
215 3349 312 3412 sumus
332 3349 453 3412 conscii.
483 3349 615 3412 Tristitia
637 3367 734 3414 autern
756 3351 797 3413 est
817 3351 948 3414 transitio
969 3355 1006 3416 ad
1026 3353 1164 3415 minorent
1187 3371 1251 3430 per-

70 3465 222 3528 senionem
252 3464 323 3543 (per
344 3480 372 3541 3.
394 3462 498 3540 ΛΜ.
519 3461 647 3543 Defin.),
674 3481 740 3540 quae
767 3466 923 3540 propterea
944 3464 1104 3543 peripsam
1125 3463 1252 3528 hominis

72 3575 215 3638 ciientiam
235 3574 358 3655 intelligi
379 3574 484 3652 nequit
506 3574 579 3654 (per
599 3575 688 3655 Prop.
708 3578 738 3636 6.
758 3589 787 3635 et
807 3591 835 3652 7.
851 3588 884 3656 p.
905 3577 965 3656 3.);
987 3595 1020 3638 ac
1041 3576 1163 3654 proinde
1181 3577 1252 3658 (per

73 3687 162 3768 Defin.
184 3705 213 3749 2.
229 3700 263 3768 p.
284 3687 326 3766 3.)
348 3688 437 3764 padio
459 3685 808 3767 en,quae(per1³rop.
830 3705 857 3766 3.
874 3700 907 3768 p.
929 3690 972 3769 3.)
993 3691 1029 3750 ab
1051 3688 1124 3751 ideis
1143 3689 1245 3752 inade-

73 3799 165 3874 quatic
193 3800 321 3877 pendet;
340 3813 372 3860 et
394 3797 608 3877 consequenter
628 3798 702 3880 (per
720 3800 810 3879 Prop.
832 3817 879 3878 29.
896 3815 929 3882 p.
950 3802 993 3882 a)
1016 3800 1079 3878 eiua
1100 3801 1251 3882 cognitio,

74 3927 170 3988 nempe
192 3907 258 3971 mali
280 3907 432 3989 cognitio,
453 3909 494 3970 est
515 3908 709 3987 inauaequna.
751 3911 786 3988 Q.
807 3913 844 3972 E.
864 3913 905 3974 D.

482 4086 844 4142 conouunntun.

110 4191 186 4253 istnc
215 4191 363 4269 sequitur,
391 4195 473 4270 quod
494 4191 514 4252 fi
535 4194 623 4255 Mens
643 4195 769 4256 humana
791 4213 851 4258 non
872 4195 924 4259 niii
945 4198 1111 4274 adaequatas
1131 4197 1252 4259 haberet

77 4299 164 4382 ideae,
184 4305 292 4366 nuilaro
312 4303 378 4367 mali
399 4305 537 4368 formaret
557 4306 720 4370 notionem.
