2934 4900
348 324 1000 405 Theologieo·PoliticiCapll.
1213 338 1272 407 405

78 524 152 567 eum
175 508 324 566 decretum
344 522 405 565 non
423 518 612 564 mutaturum.
632 500 764 581 Jeremiae
787 515 884 561 autem
912 517 1014 561 contra
1036 503 1197 563 revelatum
1217 500 1273 562 fuit

80 616 172 694 (vide
194 635 258 691 cap.
283 616 327 675 18.
350 614 423 676 vers.
445 614 480 689 8,
512 613 588 692 10.),
617 631 721 688 nempe
750 613 861 690 Deum,
883 612 942 676 srve
964 613 1074 691 aliquid
1095 616 1192 677 damni
1213 614 1272 679 save

80 726 199 803 aliquid
226 726 300 787 boni
326 725 413 786 alicui
440 724 555 785 nationi
584 724 763 800 decreverit,
791 724 833 786 sui
862 725 972 786 decreti
1001 726 1161 803 poenitere,
1183 728 1272 789 modo

79 839 222 899 homines
252 838 340 899 etiam
371 857 388 897 a
418 853 550 913 tempore
581 836 734 898 sententiae
775 838 822 898 vel
854 837 884 897 in
916 838 1018 898 melius
1050 841 1098 902 vel
1128 839 1158 899 in
1190 838 1274 915 pejus
1360 822 1367 835 ⁸

81 967 247 1013 mutentur.
275 953 318 1012 At
343 951 412 1030 Joel
438 951 534 1011 Deum
562 950 658 1011 damni
680 950 823 1026 poenitere
845 964 959 1012 tanturn
980 950 1083 1012 docuit
1106 951 1189 1031 (vide
1211 948 1274 1028 ejus

82 1082 152 1138 cap.
179 1087 209 1123 2.
238 1062 311 1125 vers.
343 1063 414 1141 13.).
444 1062 582 1138 Denique
611 1080 648 1122 111
677 1062 773 1138 capite
802 1081 830 1141 4.
864 1064 939 1122 Gen.
968 1062 1041 1125 vers.
1070 1077 1098 1139 1.
1130 1062 1274 1123 clarissime

83 1175 219 1249 constat,
238 1174 385 1235 hominem
413 1172 494 1249 posse
516 1174 632 1250 peccati
660 1174 844 1235 tentationes
866 1176 999 1249 domare,
1020 1188 1051 1234 et
1072 1176 1148 1235 bene
1169 1191 1272 1253 agere;

83 1287 116 1349 id
139 1286 216 1347 enim
238 1286 336 1347 Kaino
358 1285 482 1360 dicitur,
503 1286 554 1363 qui
576 1300 689 1361 tamen,
719 1300 753 1347 ut
774 1303 811 1345 ex
832 1284 894 1361 ipsa
922 1284 1071 1361 Scriptura
1092 1300 1123 1345 et
1142 1284 1273 1365 Josepho

84 1398 219 1474 constat,
250 1416 299 1459 eas
329 1416 478 1475 nunquam
509 1398 651 1459 domavit.
682 1399 763 1458 Idem
792 1398 879 1458 etiam
909 1416 945 1457 ex
973 1400 1062 1459 modo
1093 1399 1181 1457 allato
1209 1416 1274 1473 cap.

83 1509 219 1590 Jeremiae
257 1509 465 1574 evidentissime
503 1510 667 1589 colligitur;
698 1528 763 1570 nam
796 1510 854 1585 ait,
885 1509 979 1571 Deum
1012 1509 1054 1570 sui
1086 1509 1213 1584 decreti,
1244 1506 1274 1569 in

85 1626 225 1684 damnum
255 1638 307 1684 aut
336 1626 448 1685 bonurn
485 1622 635 1684 hominum
673 1620 797 1698 prolati,
828 1621 989 1697 poenitere,
1019 1636 1110 1697 prout
1141 1620 1275 1681 homines

86 1754 184 1797 mores
216 1751 245 1796 et
277 1738 394 1798 modum
425 1734 548 1797 vivendi
578 1750 690 1796 mutare
722 1736 848 1795 volunt:
880 1748 910 1793 at
941 1734 1048 1795 Paulus
1080 1749 1182 1795 contra
1204 1731 1276 1793 nihil

87 1847 219 1923 apertius
241 1851 346 1923 docet,
374 1866 460 1924 quam
488 1849 571 1924 quod
597 1846 732 1907 homines
760 1846 869 1906 nullum
897 1844 1065 1921 imperium,
1086 1845 1137 1906 nisr
1159 1864 1195 1905 111
1216 1844 1275 1904 1)11

86 1959 223 2037 singulari
254 1959 414 2022 vocatione
446 1974 475 2019 et
506 1958 614 2037 gratia,
647 1959 677 2018 in
709 1956 804 2018 carnis
836 1956 1017 2017 tentationes
1049 1957 1168 2017 habent.
1197 1954 1274 2015 Vide

88 2072 182 2149 Epist.
204 2075 239 2133 ad
261 2073 414 2132 Romanos
435 2090 500 2147 cap.
521 2089 551 2148 9.
572 2090 609 2131 ex
630 2070 704 2133 vers.
729 2087 774 2131 10.
796 2085 871 2147 etc.,
892 2085 922 2130 et
943 2072 1024 2146 quod
1047 2087 1110 2145 cap.
1122 2086 1150 2147 3.
1163 2068 1233 2131 vers.
1246 2078 1274 2143 5.

88 2199 120 2243 et
149 2202 213 2258 cap.
240 2186 270 2243 6.
298 2183 370 2245 vers.
401 2200 463 2259 19.,
494 2183 545 2243 ubi
573 2185 641 2244 Deo
666 2182 808 2260 justitiam
836 2182 957 2257 tribuit,
985 2182 1013 2242 se
1035 2180 1171 2261 corrigit,
1193 2183 1275 2258 quod

87 2296 217 2357 humano
238 2314 316 2356 more
338 2294 376 2355 lic
396 2297 551 2371 loquatur,
572 2310 603 2355 et
623 2310 745 2371 propter
767 2295 860 2356 carnis
882 2294 1123 2356 imbecillitatem.

130 2406 178 2467 Er
198 2406 245 2467 his
264 2406 365 2484 itaque
386 2405 456 2468 satis
478 2406 621 2484 superque
643 2408 757 2469 constat
778 2408 825 2485 id,
852 2409 933 2485 quod
955 2406 1105 2470 ostendere
1126 2425 1275 2485 propone·

88 2521 210 2594 bantus;
230 2539 350 2596 nempe,
368 2520 465 2580 Deum
487 2520 683 2582 revelationes
704 2521 806 2597 captui
817 2537 847 2582 et
860 2519 1051 2598 opinionibus
1070 2521 1276 2598 prophetarum

89 2630 368 2707 accommodavisse,
389 2631 609 2709 Prophetasqne
629 2651 691 2708 res,
713 2653 779 2710 quae
800 2633 890 2694 solam
912 2634 1197 2711 speculationem,et
1210 2651 1275 2710 quae

89 2764 149 2805 non
171 2744 340 2804 charitatem
370 2760 401 2804 et
429 2743 511 2805 usum
533 2745 603 2807 vitae
633 2745 781 2822 speetant,
802 2745 934 2824 ignorare
956 2744 1099 2822 potuisse,
1126 2761 1156 2806 et
1176 2762 1277 2807 revera

91 2854 283 2935 ignoravisse,
304 2856 521 2932 contrariasque
551 2855 678 2917 habuisse
707 2855 874 2932 opiniones.
897 2857 994 2938 Quare
1015 2858 1103 2934 longe
1126 2855 1220 2932 abest,
1242 2871 1276 2916 ut

91 2975 126 3030 ab
148 2970 184 3030 iis
206 2968 339 3048 cognitio
360 2986 453 3030 rerum
474 2967 647 3029 naturalium
669 2984 700 3029 et
721 2968 912 3046 spiritualium
934 2967 968 3028 lit
990 2970 1125 3044 petenda.
1146 2967 1276 3029 Conclu-

92 3083 185 3144 dimus
213 3083 330 3158 itaque,
360 3100 415 3142 nos
442 3080 599 3156 Prophetis
627 3080 699 3141 nihil
728 3080 807 3142 aliud
837 3079 928 3141 teneri
959 3082 1074 3141 credere
1104 3094 1208 3156 praeter
1228 3079 1276 3156 id,

92 3199 173 3273 quod
193 3194 259 3254 linis
280 3208 311 3254 et
331 3191 487 3254 substantia
509 3192 549 3252 est
569 3191 774 3268 revelationis3
796 3191 826 3252 in
847 3191 984 3268 reliquis,
1004 3207 1093 3268 prout
1114 3190 1275 3268 unicuique

91 3309 179 3383 libet,
198 3307 321 3368 liberum
342 3305 382 3365 est
403 3307 536 3380 credere;
558 3305 683 3380 exempli
704 3305 813 3383 gratia,
834 3305 976 3367 revelatio
995 3305 1274 3366 Kaiuinostantum

93 3423 196 3495 docet,
227 3419 324 3479 Deum
355 3416 481 3478 Kainum
511 3415 650 3477 monuisse
681 3420 718 3479 ad
751 3435 847 3482 veram
876 3417 984 3493 vitam;
1012 3418 1042 3479 id
1063 3417 1139 3479 enim
1160 3433 1274 3480 tanturn

93 3534 235 3594 intentum
257 3545 287 3591 et
309 3528 466 3592 substantia
487 3529 678 3591 revelationis
706 3529 766 3606 est,
788 3549 847 3591 non
871 3549 962 3606 vero,
983 3531 1145 3592 libertatem
1165 3532 1272 3594 volun·

94 3644 179 3719 tatis,
207 3658 324 3704 autres
354 3640 574 3717 Philosophicas
602 3643 724 3716 docere;
754 3661 858 3718 quare,
887 3643 999 3704 tametsi
1027 3642 1054 3703 in
1078 3643 1174 3705 verbis
1196 3642 1274 3704 illius

0 3772 1 3778 ’
94 3755 263 3818 monitionis
300 3769 330 3813 et
368 3753 533 3814 rationibus
563 3754 682 3814 libertas
720 3754 884 3816 voluntatis
915 3754 1058 3816 clarilsrme
1087 3755 1274 3832 continetur,

95 3865 179 3928 nobis
209 3881 305 3924 tamen
336 3863 448 3926 licitum
479 3864 536 3940 est,
567 3865 742 3926 contrarium
774 3864 896 3941 sentire,
925 3865 1162 3942 quandoquidem
1184 3869 1273 3928 verba

95 3979 138 4038 illa
159 3993 189 4038 et
210 3977 339 4038 rationes
360 3978 396 4038 ad
417 3991 533 4051 captum
555 3991 669 4036 tantum
691 3977 779 4037 Kaini
800 3981 1028 4039 accommodata:
1040 3978 1115 4039 sunt.
1125 3977 1173 4039 Sic
1184 3979 1272 4039 etiam

96 4088 225 4149 hlichaeae
252 4086 395 4149 revelatio
424 4103 536 4148 tantum
564 4089 670 4148 docere
697 4089 778 4164 vult,
807 4091 889 4166 quod
915 4091 998 4151 Deus
1018 4089 1151 4150 Michaeae
1172 4109 1273 4154 verum

0 4214 2 4218 ’
97 4201 203 4262 exitum
234 4218 339 4278 pugna
378 4198 493 4260 Achabi
532 4215 634 4260 contra
665 4201 753 4260 Aram
783 4203 945 4278 revelavit,
976 4220 1064 4279 quare
1095 4202 1153 4264 hoc
1184 4185 1275 4264 etiarn¹

96 4326 206 4373 tantum
236 4327 368 4372 tenemur
395 4314 528 4387 credere;
557 4310 698 4388 quicquid
725 4312 815 4392 igitur
840 4330 946 4391 praeter
965 4313 1022 4374 hoc
1044 4314 1074 4375 irt
1094 4314 1140 4376 illa
1161 4315 1271 4378 revela·
