2934 4900
222 335 282 410 452
699 323 937 395 Tractatus

222 504 291 582 quia
312 504 376 583 ejus
397 523 457 567 non
479 505 520 566 el't
541 506 589 584 (ut
610 507 685 568 circa
706 509 799 588 legem
821 508 949 572 divinam
971 509 1163 589 ostendimus)
1184 529 1232 572 rec
1248 512 1409 586 percausas

221 618 382 692 naturales,
410 635 506 694 neque
534 635 579 678 res
606 637 682 680 mere
712 616 908 695 speculativas
931 623 1047 682 docere.
1069 623 1167 704 Quare
1189 622 1238 698 id,
1259 625 1345 700 quod
1364 624 1409 682 hic

222 732 376 806 volumus,
403 749 440 791 ex
468 730 640 807 quibusdam
667 731 824 808 Scriptura
853 732 1007 810 Historiis,
1035 753 1101 811 quae
1123 734 1192 796 casu
1212 735 1360 811 prolixius
1382 752 1410 796 et

222 842 354 920 pluribus
383 842 604 904 circumstantiis
633 861 800 920 namantur,
821 863 873 920 per
894 845 1134 922 consequentiam
1156 846 1332 909 eliciendum
1354 849 1412 924 est;

221 954 320 1016 talium
352 955 451 1032 itaque
483 956 596 1033 aliquot
628 957 657 1018 in
690 959 816 1020 medium
849 960 1003 1034 proferam.
1030 961 1065 1020 ln
1087 959 1179 1021 Libro
1202 977 1227 1021 1.
1248 960 1412 1020 Shamuclis

222 1087 286 1143 cap.
306 1083 335 1144 9.
357 1065 399 1128 vs.
424 1083 476 1143 15,
500 1070 544 1128 16.
567 1085 713 1146 narratur,
735 1073 816 1146 quod
838 1071 921 1132 Deus
942 1072 1088 1133 Shamusli
1108 1074 1268 1149 revelavit,
1288 1075 1319 1135 se
1338 1076 1412 1135 Sau-

220 1179 279 1242 lum
307 1181 344 1242 ad
371 1196 437 1241 eum
464 1179 625 1256 missurum
654 1200 707 1242 nec
737 1196 833 1243 tamen
860 1184 943 1244 Deus
973 1202 1039 1245 eum
1059 1187 1096 1245 ad
1116 1185 1297 1246 Shamuclem
1319 1186 1413 1261 misit,

222 1307 255 1352 ut
285 1290 419 1353 homines
449 1290 545 1353 solent
576 1293 700 1369 aliquem
733 1297 770 1354 ad
801 1294 888 1356 alium
920 1295 1053 1372 mittere,
1085 1296 1134 1357 sed
1156 1297 1220 1357 haec
1241 1297 1299 1358 Dei
1320 1297 1412 1358 millio

221 1404 293 1466 nihil
324 1406 403 1466 aliud
434 1405 491 1465 luit
522 1425 607 1482 quam
639 1405 699 1482 ipse
730 1409 852 1469 Naturae
884 1411 976 1484 otdo;
1007 1410 1159 1485 quaerebat
1187 1408 1322 1470 nimirum
1342 1411 1413 1470 Saul

222 1517 271 1596 (ut
301 1518 331 1578 in
362 1516 501 1593 praedisto
534 1517 631 1594 capite
662 1519 806 1597 narratur)
839 1518 947 1596 asinas,
980 1539 1053 1596 quas
1085 1519 1268 1596 perdiderat,
1301 1537 1331 1581 et
1349 1521 1411 1597 jam

221 1629 329 1706 absque
351 1629 386 1690 iis
406 1632 524 1691 domum
546 1629 638 1690 redire
659 1629 838 1705 deliberans,
859 1650 897 1690 ex
919 1632 1038 1692 consilio
1061 1631 1409 1693 suisamuliShamuelem

221 1741 396 1819 Prophetam
418 1741 528 1818 adivit,
550 1758 583 1804 ut
605 1761 642 1803 ex
664 1761 701 1803 eo
729 1743 830 1818 sciret,
857 1743 908 1803 ubi
931 1743 1042 1805 easdem
1070 1743 1202 1805 invenire
1222 1743 1333 1821 polset;
1356 1763 1412 1804 nec
1453 1729 1455 1732 ’

221 1874 258 1916 ex
280 1871 345 1917 tota
365 1855 530 1917 narratione
551 1857 680 1932 constat,
701 1857 819 1918 Saulum
841 1857 919 1918 aliud
940 1856 997 1917 Dei
1018 1861 1185 1919 mandatum
1207 1873 1313 1933 praetet
1329 1857 1411 1918 hunc

221 1969 342 2030 Naturae
381 1968 512 2028 ordinem
551 1966 697 2043 habuisse,
729 1983 763 2028 ut
794 1967 974 2029 Shamuslem
1006 1968 1109 2030 adiret.
1140 1970 1175 2030 ln
1206 1967 1308 2028 Psalm.
1342 1980 1412 2042 105.

221 2081 263 2143 vs.
291 2099 339 2160 24.
368 2079 492 2156 dicitur,
521 2083 603 2157 quod
631 2080 713 2140 Deus
735 2080 946 2159 AEgyptiorum
969 2081 1095 2142 animum
1117 2080 1257 2156 mutavit,
1278 2096 1314 2141 ut
1335 2081 1411 2141 odio
1453 2154 1454 2157 Ἴ

222 2192 362 2253 haberent
382 2191 539 2268 Israslitas;
561 2211 627 2269 quae
649 2191 736 2253 etiam
759 2191 884 2253 mutatio
906 2193 1046 2253 naturalis
1066 2194 1152 2269 plane
1174 2192 1248 2266 suit,
1269 2207 1304 2252 ut
1325 2207 1412 2268 patet

222 2323 259 2365 ex
297 2324 361 2380 cap.
392 2321 417 2365 1.
444 2305 560 2380 Exodi,
587 2305 639 2366 ubi
660 2303 736 2365 ratio
767 2321 827 2364 non
848 2303 923 2367 levis
944 2303 1154 2383 AEgyptiorum
1174 2320 1321 2380 narratur,
1343 2323 1412 2380 quae

222 2435 274 2481 eos
296 2416 406 2492 movit,
426 2416 568 2478 Israslitas
590 2419 626 2478 ad
647 2416 817 2480 servatutem
839 2416 978 2495 redigere.
1020 2415 1094 2492 Cap.
1115 2434 1145 2493 9.
1167 2414 1273 2477 Genes.
1295 2415 1337 2479 vs.
1364 2432 1412 2492 13.

222 2530 263 2591 ait
284 2531 365 2591 Deus
393 2530 486 2603 Noae,
515 2529 543 2589 se
575 2528 674 2590 iridem
704 2528 733 2588 in
767 2530 845 2589 nube
871 2531 1021 2602 daturum3
1050 2546 1115 2604 quae
1143 2528 1232 2588 etiam
1252 2526 1309 2589 Dei
1330 2528 1412 2589 assio

221 2644 299 2703 nulla
327 2642 393 2702 sane
421 2642 476 2703 alia
506 2641 562 2717 est,
590 2640 641 2701 nist
670 2640 815 2702 radiorum
845 2639 913 2701 solis
942 2639 1077 2702 refraclio
1105 2656 1135 2700 et
1163 2638 1302 2715 reflexio,
1321 2658 1412 2715 quam

221 2752 273 2829 ipsa
301 2753 373 2815 radii
401 2754 430 2815 in
460 2772 542 2830 aquae
570 2752 694 2832 guttulis
726 2752 888 2827 patiuntur.
917 2751 1028 2813 Psalmo
1061 2768 1126 2832 147.
1147 2751 1190 2814 us.
1216 2752 1414 2813 invocatur

221 2865 268 2927 illa
299 2865 382 2928 venti
413 2864 552 2927 naturalis
584 2864 661 2927 astio
694 2878 723 2925 et
756 2866 851 2939 calor,
883 2881 944 2941 quo
973 2863 1077 2940 pruina
1098 2880 1129 2924 et
1151 2862 1203 2924 nix
1224 2862 1413 2939 liquescunt,

221 2978 341 3040 verbum
372 2976 446 3051 Dei;
477 2993 507 3038 et
539 2975 580 3038 vs.
606 2988 651 3051 15.
673 2975 781 3037 dissum
805 2974 861 3035 Dei
885 2990 915 3035 et
941 2973 1099 3037 verbum*
1126 2989 1235 3034 ventus
1264 2988 1294 3032 et
1315 2972 1413 3050 frigus

220 3105 382 3166 vocantur;
410 3104 519 3153 ventus
546 3105 577 3151 et
605 3088 680 3168 ignis
709 3103 856 3151 vocantur
875 3086 907 3148 in
928 3086 1040 3147 Psalmo
1065 3101 1130 3165 104„
1152 3083 1195 3146 vs.
1217 3104 1245 3164 4.
1266 3084 1358 3162 legati
1378 3101 1412 3144 et

221 3200 339 3262 ministri
359 3201 426 3263 Dei.
446 3202 486 3261 Et
508 3200 562 3261 alia
584 3202 719 3262 adhunc
740 3202 859 3261 modum
882 3201 963 3275 plura
984 3197 1185 3273 inscriptura
1207 3196 1412 3271 reperiuntur,

222 3328 287 3387 quae
315 3311 458 3371 clatislrme
487 3310 634 3387 indicant,
662 3309 719 3369 Dei
748 3312 914 3383 decretum,
938 3305 1060 3383 julium,
1087 3305 1214 3381 dissum,
1234 3319 1264 3365 et
1284 3308 1411 3365 uerbum

221 3422 293 3482 nihil
324 3424 402 3484 aliud
434 3421 505 3499 elle,
537 3442 622 3499 quam
654 3421 743 3498 ipsam
774 3421 895 3480 Naturae
917 3418 1059 3481 astionem
1088 3432 1119 3477 et
1140 3416 1281 3477 ordinem.
1308 3416 1410 3497 Quare

222 3554 282 3596 non
304 3536 424 3597 dubium
446 3536 502 3613 est,
524 3535 594 3613 quin
616 3534 730 3609 omnia,
752 3552 817 3610 quae
838 3533 868 3592 in
889 3531 1038 3608 Scriptura
1058 3527 1412 3603 narrantur,naturaliter

222 3648 415 3733 contigerint;
443 3664 474 3709 et
502 3664 597 3709 tamen
626 3650 663 3708 ad
692 3646 787 3707 Deum
809 3645 989 3719 referuntur,
1010 3642 1079 3719 quia
1100 3640 1273 3716 Scriptura,
1294 3654 1329 3700 ut
1346 3638 1410 3715 jam

223 3759 415 3836 ostendimus,
448 3778 507 3820 non
540 3760 595 3835 est,
628 3778 673 3819 res
704 3777 756 3835 per
783 3757 883 3819 causas
911 3758 1055 3819 naturales
1075 3759 1199 3829 docete,
1220 3753 1269 3815 sed
1290 3768 1410 3814 tantum

222 3892 270 3935 eas
290 3892 337 3934 res
358 3891 483 3950 namne,
505 3892 570 3949 quae
593 3871 830 3951 imaginationem
851 3872 910 3932 late
932 3886 1097 3946 occupant,
1119 3868 1208 3945 idque
1220 3885 1254 3927 ea
1264 3866 1411 3927 methodo

222 4000 252 4046 et
279 3984 371 4064 stylo,
399 3984 450 4061 qui
478 3984 580 4045 melius
607 3983 728 4045 inservit
755 3985 792 4044 ad
820 4001 865 4043 res
892 3981 983 4062 magis
1011 3981 1223 4055 admirandum,
1251 3994 1281 4039 et
1303 3978 1410 4039 conse-

222 4113 345 4174 quenter
365 4100 401 4157 ad
423 4096 614 4159 devotionem
636 4094 665 4157 in
688 4094 791 4156 animis
812 4094 894 4173 vulgi
915 4093 1144 4171 imprimendum.
1165 4091 1195 4151 Si
1216 4090 1306 4169 igitur
1325 4108 1410 4166 qua-

221 4211 285 4269 dam
314 4208 344 4269 in
371 4208 456 4268 sacris
483 4208 575 4269 literis
603 4208 805 4283 reperiuntur,
830 4224 954 4283 quorum
984 4205 1085 4266 causas
1104 4206 1223 4264 reddere
1246 4201 1409 4277 nescimus,

254 4362 267 4393 ¹*
303 4360 350 4411 Ed.
367 4360 423 4409 Pr.=
442 4361 535 4409 dictum
555 4370 580 4409 et
598 4358 648 4410 Dei
666 4362 775 4413 terbum.
