2934 4900
195 299 234 358 86
610 289 792 351 Ethicer
821 287 890 350 Part
909 287 947 349 11.

195 471 276 532 srnul
302 485 368 531 cum
396 469 500 530 Mente
526 466 651 528 humana
671 466 791 528 alterius
810 464 852 528 rei
873 464 960 527 etiam
981 465 1071 526 habet
1090 465 1202 542 ideam,
1221 480 1286 528 tum
1306 464 1393 526 dici·

195 595 259 641 mus
279 579 411 640 Mentem
432 577 584 638 humanam
605 593 663 637 rem
684 593 722 635 ex
743 589 844 651 parte,
863 572 923 636 live
943 574 1128 652 inadequute
1149 574 1311 652 percipere.

662 735 708 780 tc
721 737 743 780 u
756 737 775 779 o
788 737 833 780 1.1
846 738 868 780 u
881 735 918 780 m.

236 834 294 895 Hic
315 833 373 895 stne
395 833 486 896 dubio
508 833 648 897 Leiiores
667 832 837 907 haerebunt,
859 833 1007 909 multoque
1029 831 1294 908 comminiscentur,
1316 851 1393 909 quae

195 965 302 1008 moram
323 945 475 1023 injiciant,
494 961 525 1007 et
544 945 599 1006 hac
621 947 657 1006 de
678 943 764 1005 causa
785 942 866 1020 ipsos
886 960 978 1023 rogo,
999 959 1033 1006 ut
1054 945 1136 1005 lento
1158 946 1249 1023 gradu
1268 961 1392 1005 mecum

195 1075 332 1140 pergant,
354 1077 407 1120 nec
429 1059 466 1121 de
486 1057 532 1120 hir
549 1057 694 1136 judicium
716 1057 829 1133 ferant,
850 1059 946 1118 donec
967 1057 1064 1118 omnia
1085 1056 1270 1137 perlegerint.
1293 1137 1307 1156 .

578 1230 909 1292 PROPOSITIO
940 1229 1006 1291 XII.

239 1361 382 1438 Quicquid
406 1363 439 1419 in
465 1359 566 1436 objeiio
595 1360 666 1420 idea
691 1357 847 1420 humanam
867 1358 997 1420 Mentem
1015 1358 1208 1436 constituentis
1227 1363 1394 1436 contingit,

197 1472 233 1531 id
258 1471 297 1531 ab
327 1470 455 1533 lrurnunu
484 1471 585 1532 Mente
615 1471 697 1532 deber
714 1473 845 1547 percipi,
859 1468 921 1548 five
946 1471 1007 1545 ejus
1028 1473 1073 1530 rei
1091 1471 1213 1531 dabitur
1232 1475 1265 1530 in
1283 1473 1396 1532 Mente

197 1581 348 1661 neceffuriu
367 1583 450 1642 idea.-
470 1583 530 1643 Hoc
549 1583 602 1661 esi,
617 1581 644 1660 fi
661 1579 795 1658 objeiiurn
811 1581 883 1640 idea
900 1578 1055 1641 lrumunurn
1073 1581 1202 1641 Mentem
1218 1581 1393 1659 constituen-

200 1698 240 1754 tis
261 1694 301 1772 fir
327 1712 445 1771 corpus,
472 1691 550 1754 nihil
573 1697 606 1753 irt
633 1713 661 1753 eu
689 1710 807 1770 corpure
822 1696 933 1769 poterit
953 1695 1131 1768 contingere,
1152 1693 1265 1770 quoda
1286 1694 1395 1753 Mente

201 1823 256 1866 non
272 1807 466 1883 percipiatur.

597 1949 991 1994 numoueunnrro

243 2043 392 2128 Quicquid
423 2043 499 2106 enim
530 2043 560 2105 in
591 2043 710 2122 objeilo
739 2043 939 2122 cujuscunque
971 2043 1045 2107 ideae
1073 2045 1236 2125 contingit,
1262 2045 1327 2125 ejuu
1349 2049 1395 2108 rei

204 2159 290 2220 datur
314 2153 471 2218 neceliario
498 2157 528 2218 in
556 2157 623 2218 Deo
644 2156 777 2236 cognitio
799 2156 872 2235 (per
893 2158 997 2218 Coroll.
1018 2159 1108 2238 Prup.
1128 2175 1157 2235 9.
1177 2157 1296 2238 hujus),
1316 2180 1393 2237 qua-

206 2285 293 2330 tenus
314 2268 441 2346 ejusdem
463 2267 571 2346 objeiti
592 2268 658 2331 idei
678 2268 800 2331 affectus
820 2269 1034 2345 consideratur,
1054 2271 1113 2331 hoc
1135 2271 1175 2331 eli
1204 2271 1279 2350 (per
1299 2275 1393 2349 Prop.

207 2396 253 2441 11.
274 2379 391 2463 liujus),
412 2396 557 2460 quatenus
578 2397 704 2443 mentem
726 2380 850 2458 alicujus
871 2379 913 2442 rei
934 2381 1097 2444 constituit.
1128 2382 1279 2466 Quicquid
1300 2383 1395 2464 igitur

205 2493 236 2554 in
258 2494 376 2569 objecto
396 2494 469 2557 ideae
489 2494 642 2557 humanam
663 2496 795 2556 Mentem
816 2494 1023 2556 constituentis
1044 2492 1210 2575 contingit,
1224 2494 1289 2572 ejus
1303 2497 1395 2557 datur

207 2603 363 2667 neceliuio
391 2605 421 2667 in
448 2608 516 2668 Deo
541 2604 694 2686 cognitio,
714 2618 861 2683 quatenus
881 2622 1013 2667 naturam
1031 2606 1165 2668 humanu
1184 2604 1299 2667 Mentis
1317 2624 1396 2666 con·

208 2718 321 2795 stituit,
339 2718 397 2779 hoc
418 2718 458 2780 cst
486 2717 558 2799 (per
580 2720 683 2779 Coroli.
706 2720 795 2796 Prup.
820 2733 866 2779 11.
887 2717 1007 2800 liujus),
1034 2718 1098 2796 ejus
1118 2718 1161 2781 rei
1181 2717 1315 2799 cognitio
1335 2718 1397 2779 erit

208 2828 364 2891 necessario
384 2828 413 2891 in
435 2830 557 2906 Mente,
579 2829 637 2893 slve
659 2830 748 2890 Mene
770 2829 800 2890 id
821 2828 955 2907 percipit.
999 2831 1032 2908 Q.
1053 2831 1092 2893 E.
1112 2833 1153 2893 D.

674 2989 688 3033 e
700 2990 719 3033 c
732 2992 753 3034 ιι
766 2991 786 3034 o
798 2990 818 3034 r.
831 2990 844 3034 1
855 2992 878 3034 u
890 2991 928 3033 rr.

250 3084 322 3143 Haec
343 3080 508 3158 Propofitio
530 3097 612 3159 patet
634 3083 722 3144 etiam
744 3099 775 3143 et
796 3082 901 3145 clarius
919 3082 1092 3163 intelligitur
1109 3083 1397 3160 execnor.1>r0p.7.

210 3192 314 3271 hujus,
336 3196 417 3271 quod
438 3193 517 3257 vide.

582 3338 912 3400 PROPOSITIO
942 3340 1022 3400 Xlll.

254 3464 397 3541 Objedunt
432 3468 503 3526 idea
540 3464 693 3527 humanam
728 3468 857 3528 Mentem
886 3468 1078 3547 constituentis
1108 3468 1147 3546 est
1177 3470 1310 3548 Corpus,
1333 3469 1400 3547 fiue

213 3590 308 3637 cerrus
328 3576 507 3656 Extenſsuru's
527 3578 623 3638 modus
642 3579 707 3638 ablu
727 3578 864 3657 exr'stens,
884 3592 913 3639 er
931 3578 1010 3641 nihii
1027 3580 1117 3641 aiud.

612 3738 1006 3786 nnuousrnnnro

255 3830 286 3891 Si
306 3830 383 3892 enim
404 3830 521 3907 Corpus
541 3848 601 3893 non
623 3830 693 3893 ellet
713 3832 846 3895 humanae
864 3833 977 3895 Mentis
995 3832 1159 3910 objectum,
1173 3834 1246 3895 ideae
1264 3836 1398 3898 affeilio·

216 3959 284 4002 num
306 3940 447 4019 Corporis
467 3960 527 4003 non
548 3941 639 4005 effent
661 3944 690 4005 in
712 3945 779 4006 Deo
807 3944 880 4028 (per
901 3947 1005 4007 cornil.
1025 3948 1114 4027 Prup.
1135 3966 1164 4024 9.
1185 3946 1301 4029 hujus),
1323 3969 1396 4026 qun·

216 4070 302 4116 tenus
320 4056 451 4116 Mentem
469 4056 610 4134 nostram,
628 4058 677 4119 sed
695 4074 841 4135 quatenus
858 4058 977 4120 alterius
994 4059 1034 4120 rei
1052 4070 1178 4121 mentem
1189 4058 1398 4137 constitueret3

216 4164 274 4226 hoc
301 4165 342 4225 est
370 4166 443 4246 (per
472 4166 575 4229 Curoii.
605 4170 694 4249 Prop.
726 4184 772 4230 ιι.
793 4168 909 4251 liujus),
937 4169 1010 4231 ideae
1039 4169 1226 4232 affudionum
1254 4170 1397 4248 Corporis

218 4294 277 4338 non
299 4276 387 4339 ellent
404 4276 434 4339 in
452 4278 547 4341 nostra
565 4281 684 4359 Mente;
703 4280 785 4359 atqui
802 4279 999 4361 (prrAxiont.
1010 4301 1039 4363 4.
1050 4280 1150 4365 lusus)
1166 4281 1248 4343 ideae
1265 4280 1396 4345 eueniu-
