2934 4900
374 332 512 409 Caput
542 334 624 392 Vlll.
665 335 709 392 De
731 331 927 392 Aristocratia.
1190 346 1247 408 347

47 506 247 583 reperientur
273 505 446 565 affirmantes
475 524 561 582 qnam
590 506 760 565 dubitantes
789 519 841 565 aut
869 518 1028 582 negantes,
1050 522 1083 565 ut
1103 519 1165 565 tam
1186 503 1249 564 sen·

51 620 157 679 tentia
188 634 249 680 rata
277 634 407 693 maneat,
436 633 466 678 et
494 632 596 677 contra
624 616 721 691 irrita,
743 616 763 676 li
784 619 881 693 plures
902 617 1090 677 invenientur
1110 632 1250 695 negantes

52 750 149 809 qnam
174 730 345 792 dubitantes
368 746 417 791 aut
439 730 623 791 affirmantes.
651 732 709 791 Sed
730 730 750 788 fr
772 732 808 790 de
830 727 966 789 omnibus
987 727 1139 788 sententiis
1160 728 1252 804 major

54 844 264 906 dubitantium
295 863 380 920 quam
412 844 579 922 negantium
612 858 662 903 aut
693 841 895 903 affirmantium
927 842 1016 901 suerit
1045 859 1198 914 numerus,
1219 856 1253 900 ut

53 975 121 1017 tum
145 956 340 1035 Syndicorum
363 955 527 1017 Concilium
548 954 669 1016 Senatui
691 954 875 1032 adjungatur,
897 953 948 1029 qui
969 953 1051 1014 srmul
1072 973 1137 1014 curn
1160 955 1250 1013 Sene·

55 1069 181 1129 toribus
202 1069 334 1147 suffragia
356 1069 466 1141 ferant,
496 1066 615 1127 calculis
636 1066 819 1128 solummodo
841 1065 1051 1126 affirmantibus
1072 1081 1123 1126 aut
1144 1083 1252 1143 negan-

57 1183 163 1257 tibus,
193 1180 296 1241 omilsrs
324 1180 374 1255 iis,
403 1179 453 1256 qui
483 1178 607 1240 animum
629 1178 794 1257 ambiguum
817 1177 957 1237 indicant.
998 1177 1082 1237 Circa
1103 1196 1164 1252 tes,
1186 1197 1251 1254 quae

58 1297 97 1355 ad
128 1294 293 1369 supremum
322 1292 487 1353 Concilium
509 1311 525 1352 a
546 1294 656 1352 Senatu
684 1292 872 1365 deseruntur,
901 1292 975 1353 idem
1005 1292 1079 1351 ordo
1106 1293 1252 1352 tenendus

61 1408 113 1466 cll.
158 1408 230 1465 Haec
252 1408 287 1467 de
309 1406 429 1466 Senatu.

103 1518 130 1597 ξ.
153 1518 305 1577 XXXVII.
346 1518 394 1579 Aa
422 1520 528 1578 Forum
557 1518 638 1593 quod
666 1516 790 1591 attinet,
819 1516 878 1578 ftve
909 1516 1035 1576 tribunal
1043 1560 1053 1591 ,
1074 1534 1134 1575 non
1155 1515 1252 1589 potest

60 1630 163 1690 iisdem
192 1630 388 1691 fundamentis
417 1628 488 1703 niti,
519 1628 627 1704 quibus
656 1628 744 1702 illud,
773 1631 855 1703 quod
884 1627 936 1688 sub
958 1627 1120 1687 Monarcha
1141 1627 1198 1701 eli,
1219 1642 1253 1687 ut

61 1743 136 1802 illud
164 1742 195 1802 in
224 1741 297 1817 Cap.
317 1744 347 1803 6.
368 1744 433 1801 Art.
455 1742 502 1801 26.
525 1756 555 1800 et
584 1740 643 1817 seq.
674 1740 882 1815 descripsrmus.
922 1742 998 1800 Nam
1021 1740 1092 1818 (per
1113 1742 1183 1798 Art.
1207 1755 1252 1817 14

64 1854 152 1929 lnrjus
181 1854 267 1931 Cap.)
295 1872 360 1913 cum
390 1852 585 1913 fundamentis
613 1851 700 1928 hujus
729 1851 842 1927 imperii
870 1870 930 1912 non
959 1851 1117 1926 convenit,
1139 1866 1173 1911 ut
1194 1852 1250 1912 ulla

64 1968 140 2026 ratio
162 1966 290 2041 stirpium
312 1965 371 2027 srve
393 1964 561 2025 familiarum
582 1965 731 2024 habeatur.
753 1963 869 2023 Deinde
891 1963 959 2039 quia
979 1963 1100 2043 Judices
1121 1982 1158 2023 ex
1181 1963 1250 2023 solis

67 2075 200 2136 Patriciis
236 2073 336 2148 elesii,
371 2090 452 2135 metu
488 2074 605 2149 quidem
636 2072 855 2133 succedentium
886 2072 1077 2133 Patriciorum
1108 2073 1252 2134 contineri

67 2187 200 2263 possent,
227 2206 264 2247 ne
292 2186 321 2246 in
350 2204 450 2247 eorum
479 2186 604 2261 aliquem
633 2184 763 2261 iniquam
784 2184 908 2260 aliquam
931 2184 1101 2245 sententiam
1123 2204 1254 2261 pronun-

68 2300 163 2374 cient,
184 2314 214 2359 et
237 2301 311 2359 forte
334 2314 367 2359 ut
388 2316 482 2375 neque
505 2316 557 2357 eos
578 2298 736 2358 secundum
763 2298 864 2358 merita
886 2298 989 2373 punire
1011 2297 1183 2372 sustineant;
1205 2299 1254 2360 sed

69 2429 171 2474 contra
192 2410 222 2472 in
243 2413 375 2487 plebeios
397 2408 493 2471 omnia
516 2411 671 2484 auderent,
692 2425 721 2471 et
743 2411 909 2486 locupletes
931 2410 1066 2487 quotidie
1082 2409 1111 2471 in
1128 2413 1253 2487 predam

70 2529 212 2601 raperent.
233 2524 312 2598 Scio,
332 2525 386 2584 hac
408 2526 443 2584 de
466 2523 550 2583 causa
573 2521 768 2584 Genuensrum
789 2521 939 2583 confilium
961 2542 977 2582 a
998 2522 1097 2583 multis
1118 2524 1253 2598 probari,

69 2639 149 2714 quod
167 2635 276 2696 scilicet
296 2653 356 2696 non
379 2651 415 2694 ex
437 2635 587 2708 Patriciis,
608 2635 657 2695 sed
679 2653 716 2694 ex
738 2634 909 2713 Peregrinis,
929 2634 1049 2713 Judices
1070 2635 1254 2714 eligant3sed

70 2753 126 2810 boc
153 2747 221 2808 milri
250 2765 308 2807 rem
336 2747 473 2808 absttasle
503 2746 696 2808 confideranti
724 2746 845 2808 absurde
874 2746 1036 2807 institutum
1065 2747 1199 2821 videtur,
1219 2763 1253 2807 ut

70 2858 230 2938 Peregrini,
257 2874 287 2918 et
316 2877 376 2919 non
398 2859 533 2932 Patricii,
554 2861 590 2918 ad
612 2859 707 2937 Leges
728 2858 962 2934 interpretandas
984 2873 1136 2919 vocentur.
1177 2860 1253 2918 Nam

72 2972 142 3048 quid
162 2971 240 3032 aliud
260 2971 380 3050 Judices
400 2969 485 3046 funt,
513 2969 563 3030 nist
590 2971 702 3048 Legum
723 2970 915 3044 interpretem
937 2987 1025 3044 quare
1047 2968 1116 3028 mihi
1135 2969 1252 3044 persua-

73 3088 145 3157 deo,
173 3082 342 3142 Genuenses
370 3081 399 3141 in
428 3083 485 3142 hoc
515 3082 601 3142 etiam
630 3081 753 3159 negotio
781 3079 871 3158 magis
893 3079 951 3140 suae
972 3078 1069 3157 gentis
1089 3079 1254 3158 ingenium,

74 3213 156 3270 quam
177 3193 264 3268 ipsam
286 3192 375 3269 hujus
395 3191 508 3269 imperii
530 3207 661 3253 naturam
693 3190 855 3267 respexisse.
895 3191 992 3252 Nobis
1014 3191 1102 3269 igitur
1122 3209 1180 3251 rem
1202 3195 1253 3251 ab·

75 3307 171 3367 straete
193 3303 442 3366 consrderantibus
463 3304 556 3364 media
579 3303 775 3382 excogitanda
796 3303 876 3376 sunt,
898 3322 962 3378 quae
984 3321 1049 3363 cum
1071 3301 1159 3378 hujus
1180 3304 1254 3382 regi-

75 3417 157 3478 minis
177 3417 266 3477 forma
289 3415 401 3492 optime
423 3416 616 3476 conveniunt.

116 3528 140 3607 ξ.
160 3527 323 3587 XXXVlll.
364 3529 421 3589 Sed
454 3529 489 3588 ad
520 3528 656 3607 Judicum
696 3545 845 3588 numerum
876 3531 958 3603 quod
989 3528 1115 3603 attinet,
1145 3531 1254 3589 nullum

77 3641 236 3717 singularem
258 3639 345 3714 hujus
367 3640 458 3700 status
480 3639 555 3699 ratio
578 3639 686 3717 exigit;
707 3638 774 3713 sed,
795 3656 828 3700 ut
849 3640 881 3700 in
902 3641 1024 3716 imperio
1045 3642 1254 3716 Monarchico,

79 3753 117 3811 ita
144 3749 227 3810 etiam
256 3750 285 3810 ia
313 3751 370 3810 lroc
399 3751 529 3826 apprime
553 3751 699 3813 observari
722 3754 827 3826 debet,
848 3769 880 3813 ut
903 3755 1000 3828 plures
1021 3753 1092 3828 frat,
1113 3773 1199 3830 quam
1220 3771 1254 3815 ut

80 3883 94 3923 a
116 3864 175 3924 viro
196 3863 313 3937 privato
336 3862 480 3938 corrumpi
503 3866 617 3939 possint.
639 3866 713 3924 Nam
736 3883 837 3924 eorum
859 3865 986 3926 officium
1008 3866 1191 3927 solummodo
1212 3867 1252 3928 est

81 3972 244 4050 providere,
272 3993 308 4034 ne
337 3975 489 4050 quisquam
518 3975 651 4050 privatas
679 3975 762 4036 alteri
789 3975 922 4052 injuriam
943 3977 1048 4051 saciat;
1069 3994 1158 4054 atque
1179 3981 1253 4040 adeo

82 4085 247 4161 quaelliones
268 4085 343 4146 inter
364 4087 513 4161 privatos,
535 4103 593 4146 tam
614 4087 758 4173 Patricios
779 4106 864 4164 quam
884 4089 1034 4164 plebeios,
1055 4090 1203 4166 dirimere,
1223 4107 1254 4152 et

83 4215 175 4272 poenas¹
195 4197 450 4274 delinquentibus,
478 4198 564 4259 etiam
586 4219 623 4260 ex
644 4200 794 4276 Patrieiis,
821 4199 974 4278 Syndicis,
995 4218 1026 4261 et
1045 4204 1253 4278 Senatoribus,

84 4325 219 4387 quatenus
247 4325 349 4370 contra
374 4305 456 4386 jura,
485 4311 592 4387 quibus
614 4331 714 4372 omnes
735 4328 873 4374 tenentur
880 4359 890 4389 ,
910 4314 1095 4391 deliquerunt
1102 4359 1112 4392 ,
1132 4315 1251 4376 sumere.
