2934 4900
202 329 241 390 40
628 311 812 373 Ethiccs
842 312 911 373 Pars
930 314 953 372 I.

241 484 307 543 VII.
348 484 392 543 Ea
419 501 463 544 res
491 483 581 545 libera
608 483 741 559 dicetur,
767 502 833 561 quae
861 502 899 543 ex
927 483 988 545 sola
1008 484 1067 546 suae
1089 498 1199 546 natutae
1221 486 1400 545 neceditate

200 590 313 668 existit,
335 606 366 651 et
386 612 402 652 a
424 591 452 653 se
474 592 535 652 sola
555 594 592 653 ad
613 594 758 671 agendum
780 592 1004 654 determinatur:
1024 593 1188 655 NeceIIaria
1205 610 1322 670 autem,
1341 597 1398 655 vel

200 707 302 783 potius
324 710 437 785 coacta,
459 726 524 784 quae
546 709 581 767 ab
604 707 662 767 alio
684 705 895 768 determinatur
916 709 953 767 ad
971 705 1151 768 existendum
1163 722 1193 767 et
1205 708 1396 783 operandum

200 834 279 879 certa
300 838 333 879 ac
354 818 544 881 determInata
565 819 690 881 ratione.

240 929 321 989 VIII.
362 930 416 989 Pet
442 930 634 991 aeternitatem
661 929 796 1009 intelligo
825 929 915 1006 ipsam
944 931 1143 1007 existentiam,
1172 947 1318 1009 quatenus
1349 951 1393 991 ex

202 1040 260 1102 sola
281 1042 321 1103 tei
342 1057 456 1103 aetetnae
478 1042 650 1105 definitione
665 1042 828 1104 necedario
850 1042 933 1121 sequi
954 1044 1132 1121 concipitur.

638 1222 946 1265 uxnutcntto

239 1314 322 1376 Talis
349 1316 424 1377 enim
453 1315 605 1377 existentia
634 1332 667 1377 ut
697 1331 804 1377 aterna
825 1316 952 1391 veritae,
973 1316 1046 1377 sicut
1067 1316 1108 1377 rei
1129 1317 1264 1392 essentia,
1284 1318 1392 1379 conci·

200 1426 290 1513 pitut,
310 1441 524 1505 proptereaque
545 1446 597 1505 per
618 1426 803 1490 durationem
825 1443 877 1489 aut
898 1444 1014 1505 tempus
1036 1428 1175 1504 explicati
1196 1448 1255 1489 non
1278 1430 1394 1504 potest,

199 1538 311 1599 tametsi
331 1539 447 1641 duratio
468 1538 614 1617 principio
637 1555 667 1601 et
689 1540 747 1600 fine
768 1557 864 1601 carere
886 1540 1081 1616 concipiatur.

641 1701 944 1763 ΑΧΙΟΜΑΤΛ.

150 1862 152 1871 ‚
239 1830 263 1889 1.
303 1828 423 1903 Omnia,
445 1847 510 1905 quae
532 1828 617 1905 sunt,
637 1830 685 1892 vel
705 1829 735 1889 in
757 1805 786 1889 se
808 1830 856 1891 vel
877 1829 908 1890 in
929 1829 987 1890 alio
1009 1829 1085 1891 sunt.

240 1942 276 2002 II.
318 1943 367 2017 Id,
389 1943 471 2018 quod
490 1960 542 2017 per
563 1940 642 2003 aliud
663 1960 722 2002 non
745 1942 843 2018 potest
863 1943 999 2017 concipI,
1020 1961 1072 2019 per
1092 1942 1121 2002 se
1144 1944 1261 2019 concipi
1283 1946 1387 2004 debet.

240 2052 291 2111 III.
332 2051 378 2111 Ex
410 2053 478 2112 data
509 2051 593 2113 causa
625 2050 816 2114 determinata
847 2053 1002 2115 neceIIatIo
1035 2054 1166 2131 sequitur
1192 2055 1331 2132 effectus,
1352 2072 1386 2116 et

201 2164 361 2240 contra,s1
383 2165 461 2225 nulla
483 2167 568 2226 detur
588 2164 779 2226 determinata
800 2164 901 2242 causa,
929 2166 1100 2242 impoffibiie
1121 2168 1179 2244 est,
1204 2182 1239 2229 ut
1260 2169 1384 2229 effectus

200 2277 346 2354 sequatur.

238 2384 291 2451 IV.
332 2390 461 2452 Effectus
489 2388 621 2470 cognitio
646 2410 662 2452 a
683 2391 855 2469 cognitione
888 2390 980 2455 causae
1009 2395 1170 2470 dependet,
1198 2409 1228 2455 ct
1259 2396 1381 2456 eandem

198 2503 336 2566 involvit.

238 2617 276 2676 V.
317 2617 391 2698 Quae
422 2615 493 2676 nihil
523 2634 676 2678 commune
706 2635 772 2678 cum
803 2617 832 2677 se
864 2617 989 2679 invicem
1023 2619 1150 2693 habent,
1172 2620 1257 2680 etiam
1279 2620 1383 2696 perse

198 2726 323 2788 invicem
345 2725 467 2806 intelligi
488 2745 548 2788 non
570 2725 703 2804 possunt,
733 2727 793 2791 stve
815 2745 979 2805 conceptus
1001 2730 1089 2792 unius
1109 2731 1229 2792 alterius
1251 2751 1382 2808 concep-

198 2855 260 2900 tum
280 2856 339 2898 non
360 2837 498 2902 involvit.

238 2951 291 3010 VI.
332 2952 400 3012 Idea
420 2969 488 3012 vera
509 2954 598 3013 debet
619 2972 684 3014 cum
705 2952 759 3014 suo
782 2953 882 3015 ideato
903 2955 1072 3018 convenire.

238 3064 306 3124 VII.
346 3063 496 3145 Quicquid
525 3079 558 3125 ut
587 3083 647 3126 non
670 3066 796 3127 existens
818 3067 916 3142 potest
937 3069 1073 3146 concipi,
1095 3069 1159 3146 ejus
1181 3068 1300 3130 edentia
1322 3089 1384 3131 non

199 3174 327 3238 involvit
348 3175 538 3236 existentIam.

603 3319 929 3384 PROPOSITIO
962 3325 984 3384 I.

240 3431 404 3509 Substantia
420 3435 507 3511 prior
526 3432 563 3508 est
581 3433 694 3492 naturd
707 3435 775 3510 sm's
795 3432 1002 3510 affediionibus.

595 3595 980 3642 nunoustancto

241 3700 323 3762 patet
344 3706 380 3748 ex
402 3689 573 3767 Definitionc
591 3706 618 3766 3.
637 3704 665 3750 et
686 3702 713 3764 5.

595 3849 926 3912 PROPOSITIO
957 3854 994 3912 lI.

241 3975 315 4035 Dnae
329 3973 516 4052 substantia,
536 3977 656 4053 diversa
675 3977 825 4038 attributa
845 3977 993 4057 habentes,
1014 3979 1093 4040 nt'ln'l
1109 3986 1187 4040 inter
1195 3984 1231 4058 fe
1246 4001 1385 4043 commune

201 4083 317 4147 habent.

597 4187 979 4233 Donoustnatto

242 4310 324 4371 patet
346 4295 489 4357 etiamen
510 4297 644 4376 Defins.
668 4301 865 4376 Unaquaeque
885 4299 960 4360 enim
982 4299 1012 4360 in
1034 4300 1063 4360 se
1085 4303 1174 4362 debet
1196 4300 1269 4378 ede,
1287 4317 1318 4362 et
1333 4322 1386 4380 per
