2934 4900
184 322 246 380 626
496 308 828 376 Annotationes
859 314 899 376 in
929 309 1069 377 Tract.

186 509 248 570 que
266 492 318 570 jus
335 491 427 554 habet
446 491 526 570 leges
545 489 598 551 libi
627 489 831 566 prescribendi
852 507 883 552 et
907 489 1135 568 interpretandi,
1160 489 1249 554 immo
1274 489 1379 569 enam,

184 621 279 683 prout
311 603 363 666 sibi
393 603 494 666 melius
522 603 656 680 judicat,
689 603 867 682 abrogandi,
888 602 928 664 ibi
950 602 1018 664 sane
1039 603 1158 684 concipi
1181 619 1242 666 non
1264 605 1378 681 potest,

188 735 367 796 quemquam
388 718 459 779 dolo
480 717 557 777 malo
578 733 671 794 agere.

223 881 237 911 ⁸
270 877 467 930 assultores.

721 1103 848 1164 XXXIII

673 1275 720 1340 (sd
739 1288 796 1342 ott·
813 1275 887 1342 rso·

229 1456 290 1519 LB.
322 1458 442 1520 Murra.
472 1457 507 1517 ln
540 1473 717 1534 quacunque
752 1455 875 1520 civitate
904 1455 995 1518 homo
1023 1455 1075 1533 iit,
1101 1456 1176 1519 liber
1194 1457 1250 1520 else
1272 1459 1378 1536 potest.

190 1572 269 1633 Nem
297 1586 375 1632 cette
402 1573 418 1606 *
444 1571 534 1631 homo
562 1584 688 1631 eatenus
715 1568 791 1630 liber
812 1567 853 1630 est
874 1569 916 1646 **,
936 1583 1083 1646 quatenus
1103 1568 1233 1630 Ratione
1252 1568 1379 1632 ducitur.

190 1685 234 1745 At
265 1683 343 1762 (NB.
374 1681 458 1745 aliter
488 1681 657 1743 Hobbefius
686 1681 719 1761 †)
752 1679 848 1743 Ratio
879 1699 984 1758 pacem
1015 1681 1136 1743 omnino
1167 1681 1287 1760 suadet;
1316 1683 1379 1744 hec

191 1813 290 1862 autem
321 1795 450 1860 obtineri
480 1796 602 1875 nequit,
634 1795 686 1857 nist
701 1878 705 1887 Ι
718 1794 887 1858 communia
918 1793 1050 1859 civitatis
1073 1794 1140 1872 jura
1159 1796 1303 1860 inviolata
1322 1797 1379 1858 ser·

143 1982 146 1988 ‚
190 1926 309 1973 ventur.
335 1910 435 1990 Ergo,
456 1927 518 1987 quo
538 1909 629 1971 bomo
652 1908 785 1970 Ratione
804 1907 896 1987 magis
918 1907 1051 1986 ducitur,
1071 1907 1103 1970 id
1125 1907 1183 1984 est,
1203 1927 1264 1986 quo
1286 1909 1378 1989 magis

191 2020 233 2081 est
252 2019 342 2098 liber,
363 2038 400 2083 eo
421 2020 513 2100 magis
533 2019 701 2082 constanter
721 2018 854 2083 civitatis
872 2019 938 2097 J‘ura
959 2018 1104 2097 servabit,
1124 2035 1155 2081 et
1166 2020 1281 2082 summae
1293 2037 1378 2098 pote·

191 2131 273 2194 ilaris
293 2134 445 2210 mandata,
466 2132 552 2209 cujus
573 2132 708 2194 subditus
729 2131 786 2210 eil,
808 2148 980 2210 exequetur.

226 2306 312 2354 *th
329 2305 399 2356 Nam
418 2306 498 2356 homo.
565 2305 593 2336 ⁸⁶
609 2305 652 2354 Mt
670 2304 716 2368 effe
730 2301 819 2370 potest.
885 2303 901 2368 †
919 2305 959 2354 LII
977 2302 1132 2367 parenthefin
1149 2301 1256 2354 omittit.

722 2563 850 2626 XXXIV

672 2736 796 2805 (sd-atr·
813 2736 887 2804 5⁶1)-

234 2948 294 3012 Lo.
325 2950 446 3013 Munn.
477 2949 569 3031 Quod
599 2949 707 3011 Paulus
739 2950 797 3028 ait,
824 2950 959 3011 homines
986 2948 1041 3012 elle
1067 2950 1126 3013 fine
1147 2950 1281 3033 effugio,
1301 2972 1383 3019 more

195 3059 323 3123 humano
353 3060 494 3139 loquitur.
525 3062 601 3122 Nam
632 3079 696 3138 cap.
726 3079 758 3139 9.
789 3060 917 3138 ejusdem
949 3062 1087 3139 Epistola
1118 3064 1247 3142 exprell'e
1274 3068 1383 3145 docet,

195 3176 279 3252 quod
298 3176 382 3237 Deus
404 3173 488 3251 cujus
509 3175 574 3238 vult
602 3172 768 3251 miseretur,
797 3189 827 3234 et
849 3192 937 3253 quem
957 3176 1023 3237 vult
1042 3174 1174 3255 indurat,
1195 3193 1227 3240 et
1246 3178 1383 3243 homines

195 3287 274 3347 nulla
302 3288 339 3349 de
366 3286 451 3349 causa
477 3285 688 3348 inexcusabiles
714 3284 788 3361 elle,
816 3304 904 3364 quam
932 3287 1002 3364 quia
1033 3286 1063 3349 in
1093 3286 1151 3349 Dei
1169 3272 1318 3367 potestate
1340 3292 1382 3354 ita

169 3396 280 3475 .sunt,
307 3415 342 3461 ut
368 3400 464 3461 lutum
491 3398 522 3460 in
551 3398 697 3475 potestate
723 3396 823 3477 figuli,
844 3397 896 3477 qui
916 3416 953 3460 ex
975 3400 1075 3462 eadem
1097 3398 1182 3463 massa
1202 3402 1274 3465 facit
1295 3404 1382 3481 vasa,

194 3508 275 3572 aliud
296 3512 334 3573 ad
354 3512 445 3573 decus
466 3509 546 3573 aliud
566 3513 605 3573 ad
631 3511 778 3590 dedecus,
799 3526 911 3574 ernon
932 3527 1090 3589 propterea
1111 3516 1195 3591 quod
1214 3516 1382 3591 praemoniti

195 3618 275 3683 sunt.
305 3620 397 3702 Quod
425 3636 521 3683 autem
549 3622 587 3683 ad
606 3623 699 3701 legem
720 3621 849 3686 divinam
870 3624 1029 3685 naturalem
1051 3624 1179 3703 attinet,
1199 3625 1286 3704 cujus
1305 3626 1382 3688 sum-

196 3749 276 3794 mum
296 3747 474 3810 preceptum
496 3731 553 3795 else
574 3733 702 3797 diximus
721 3734 817 3795 Deum
840 3752 951 3813 amare,
972 3754 1009 3798 eo
1020 3736 1105 3799 sensu
1114 3739 1206 3817 legem
1217 3737 1365 3815 appellavi
1372 3784 1383 3815 ,

197 3862 259 3921 quo
289 3842 461 3922 philosophi
493 3863 662 3907 communes
692 3847 814 3909 Nature
844 3848 974 3927 regulas,
1004 3847 1161 3911 secundum
1189 3866 1262 3927 quas
1282 3850 1385 3911 omnia

195 3955 291 4033 fiunt,
309 3957 391 4035 leges
411 3973 531 4019 vocant.
561 3959 655 4019 Amor
674 3956 752 4019 enim
771 3958 829 4020 Dei
850 3978 911 4022 non
933 3960 1118 4039 obedientia,
1139 3960 1189 4024 sed
1208 3962 1304 4025 virtus
1324 3964 1384 4041 est,

198 4082 264 4143 qut
292 4064 422 4144 homini,
449 4068 501 4146 qui
520 4070 616 4131 Deum
636 4070 713 4131 rede
735 4069 840 4148 novit,
860 4070 1016 4135 necessario
1037 4072 1119 4135 inest,
1148 4075 1192 4135 At
1213 4072 1384 4136 obedientia

197 4173 383 4238 voluntatem
414 4178 598 4256 imperantis,
629 4198 690 4242 non
722 4181 764 4243 rei
796 4184 989 4247 necessitatem
1021 4202 1052 4248 et
1081 4186 1233 4251 veritatem
1254 4187 1384 4265 respicit

187 4280 272 4360 ‚Cum
303 4298 402 4345 autem
432 4302 563 4349 naturam
601 4290 657 4351 Dei
690 4292 855 4354 voluntatis
894 4294 1078 4373 ignoremus,
1108 4312 1138 4357 et
1168 4312 1271 4358 contra
1303 4314 1384 4359 terte
