2934 4900
310 918 589 979 AUCTORIS
630 917 898 978 EPISTOLA
940 919 1010 977 AD
1051 919 1297 993 A·MICUM,
1343 937 1408 994 quae

368 1028 552 1089 Praefationis
583 1030 651 1089 loco
687 1028 757 1089 huic
789 1028 940 1090 Traiiatui
971 1029 1099 1091 Politico
1131 1046 1201 1106 apte
1233 1030 1348 1108 praefigi
1380 1045 1408 1087 et

370 1138 506 1202 inservire
538 1140 660 1216 poterit.

284 1355 351 1411 mice
371 1352 486 1424 diieiie,
509 1352 609 1412 Grata
630 1364 681 1410 tua
701 1350 774 1411 milri
795 1350 861 1411 lieri
881 1354 999 1413 trudito
1020 1354 1066 1432 est.
1112 1353 1240 1414 Gratias
1255 1367 1316 1432 pro
1337 1371 1409 1411 curo

213 1370 344 1517 Aram
364 1458 513 1531 diligenti,
543 1476 628 1535 quam
644 1471 700 1536 pro
721 1477 764 1517 me
780 1462 880 1533 geris,
908 1479 944 1517 ex
963 1463 1058 1519 animo
1079 1476 1144 1533 ago.
1184 1459 1269 1518 Hane
1288 1456 1406 1531 aecasto-

212 1588 289 1643 nem‚
320 1582 371 1627 etc¹
404 1589 457 1627 non
484 1573 756 1648 praetermitterem,
786 1570 840 1646 nrfi
869 1574 901 1628 in
930 1572 1055 1647 quadam
1084 1590 1116 1629 re
1136 1570 1214 1648 effem
1235 1582 1405 1648 occupatus,

213 1698 298 1757 quam
318 1681 461 1740 utiliorem
475 1682 590 1757 judico,
612 1699 729 1757 qunque
749 1681 822 1754 nbi,
842 1694 875 1739 ur
896 1682 994 1755 credo,
1014 1686 1108 1755 magis
1129 1680 1294 1752 arridebir,·
1309 1692 1406 1756 nempe

211 1796 243 1850 in
280 1792 421 1852 Traoiatu
452 1793 572 1852 Politico
602 1794 811 1867 concinnando,
850 1812 931 1869 quem
966 1807 1034 1853 anre
1069 1796 1188 1871 aliquod
1217 1806 1350 1871 tempus,
1380 1805 1405 1848 re

211 1904 340 1977 nubium,
368 1902 513 1963 inchoavi.
556 1904 651 1979 Husus
679 1904 836 1963 remotus
866 1906 974 1983 Capita
995 1906 1054 1981 sex
1073 1904 1140 1979 jnm
1162 1908 1236 1981 suni
1261 1904 1404 1981 absoluta.

211 2014 334 2074 Primum
351 2016 501 2093 adipsum
518 2028 586 2095 opus
604 2016 843 2075 Introduciionem
860 2017 941 2093 quast
958 2020 1093 2088 conamen·
1111 2016 1268 2077 secuudum
1288 2016 1401 2075 trucior

213 2126 338 2193 delore
359 2127 525 2197 Naturaii‚·
549 2126 668 2187 tertium
689 2128 723 2185 de
743 2128 815 2195 Jure
835 2129 1015 2187 Summarum
1037 2128 1229 2205 Poressatmm
1249 2142 1404 2203 quartum,

214 2254 343 2313 quanam
366 2238 494 2311 Negotia
522 2238 646 2297 Politica
666 2258 686 2297 a
707 2240 888 2299 Summarum
917 2241 1093 2319 Potestorum
1111 2240 1320 2315 gubernatione
1335 2250 1403 2316 pen-

214 2348 315 2420 denum
337 2347 484 2423 quintum,
507 2351 643 2425 quidnam
654 2350 693 2427 fir
711 2352 788 2409 iliud
801 2365 958 2411 extremum
976 2366 1003 2411 er
1016 2353 1172 2428 sumnmm,
1190 2352 1265 2428 quod
1280 2352 1403 2409 Societas

210 2461 299 2539 potest
329 2461 523 2538 confiderare5
554 2477 581 2522 et
613 2462 742 2536 sextum,
774 2484 832 2540 qua
865 2469 977 2525 rarione
1006 2467 1162 2544 Imperium
1184 2463 1402 2524 Monorelrioum

214 2573 313 2632 debeat
342 2573 473 2650 institui,
504 2594 537 2632 ne
567 2577 599 2632 in
636 2575 661 2633 T
656 2576 828 2648 yroureidem
858 2576 987 2636 labatur.
1029 2578 1298 2655 Imprasentiarum
1319 2585 1402 2652 eaput

214 2683 366 2759 septimum
388 2685 480 2744 troiia
491 2730 500 2759 ,
520 2689 551 2744 in
572 2706 625 2762 quo
647 2691 741 2745 omnia
758 2688 947 2764 precedentis
961 2690 1046 2764 sexti
1065 2692 1172 2768 capitis
1190 2688 1319 2747 membra
1330 2733 1340 2762 ,
1359 2704 1402 2743 or·

214 2797 306 2855 dinem
332 2796 399 2854 bene
425 2797 567 2855 ordinatu
596 2797 780 2857 Monarchia
809 2802 1022 2872 concernentia,
1051 2797 1214 2858 Merlmdice
1241 2798 1402 2876 demonstro.

215 2909 315 2986 Postea
341 2909 384 2967 ad
407 2907 645 2970 Aristocratieum
674 2925 703 2969 et
732 2911 878 2986 Populare
907 2911 1079 2987 Imperium,
1100 2912 1220 2987 denique
1238 2913 1280 2969 od
1300 2911 1403 2984 Leges,

213 3021 345 3096 aliasque
361 3020 560 3098 particulares
582 3021 751 3099 Quastiones
772 3023 925 3082 Politicam
939 3023 1120 3101 speeionreor,
1141 3021 1277 3099 tronfibo.
1321 3018 1404 3096 Hisce

215 3129 298 3203 vale,
318 3143 369 3188 etc.

257 3339 342 3400 Patet
378 3339 445 3400 hinc
482 3342 619 3402 Austoris
654 3343 789 3418 Scopus;
822 3342 869 3404 sed
880 3387 891 3417 ‚
922 3346 1025 3404 morbo
1057 3343 1216 3418 impeditus
1247 3359 1278 3402 et
1311 3358 1401 3403 morte

218 3453 374 3526 abreptus,
395 3451 452 3512 hoc
475 3471 551 3528 opus
573 3472 632 3513 non
655 3454 778 3515 ulterius
806 3474 891 3530 quam
913 3457 949 3516 ad
970 3456 1056 3516 finem
1078 3455 1274 3515 Aristocratiae
1297 3458 1399 3530 perdu-

219 3579 283 3621 cere
305 3561 413 3639 valuit,
434 3567 676 3640 quemadmodum
699 3566 807 3627 Leitor
828 3565 888 3641 ipse
909 3567 1085 3643 experietur.
