2934 4900
187 310 246 383 39⁶
660 309 898 369 Tractatus

187 486 282 545 elatus
309 482 384 559 fuit3
412 500 475 545 tum
505 486 619 545 demum
647 484 804 565 Jehoramo
826 503 892 545 cum
912 483 999 545 sociis
1019 486 1086 547 laeta
1107 484 1263 561 predixit,
1283 488 1371 562 quod

186 610 272 655 antea
300 596 470 675 contingere
498 596 630 673 nequiit,
658 596 727 673 quia
755 596 831 675 Regi
853 596 943 658 iratus
966 612 1044 672 erat;
1064 612 1094 657 et
1117 595 1167 675 qui
1188 598 1217 658 in
1238 596 1370 675 aliquem

185 707 251 768 irati
271 707 355 782 sunt,
374 709 437 785 apti
457 708 574 786 quidem
595 710 718 771 suntad
739 711 826 785 mala,
847 728 908 771 non
929 728 1000 771 vero
1022 712 1100 771 bona
1123 712 1159 771 de
1180 709 1277 771 iisdem
1292 710 1368 771 ima·

186 819 352 899 meandum.
377 824 468 903 Quod
495 836 592 883 autern
621 822 670 883 alii
698 823 794 884 dicere
816 825 938 897 volunt,
966 824 1061 883 Deum
1081 822 1162 883 iratis
1184 838 1213 883 et
1234 822 1371 883 tristibus

187 950 246 993 non
274 933 411 1009 revelari,
438 934 459 995 ii
487 934 604 1011 quidem
631 934 792 1010 somniare
820 953 884 1019 nam
911 936 993 995 Deus
1015 934 1091 994 Most
1113 934 1142 995 in
1164 934 1367 995 Pharahonem

184 1043 259 1105 irato
286 1046 429 1109 revelavit
457 1046 584 1108 miseram
613 1047 688 1107 illam
716 1046 976 1125 primogenitorum
1004 1046 1123 1125 stragem
1152 1046 1235 1124 (vide
1263 1045 1370 1107 Exodi

185 1175 250 1231 cap.
274 1173 319 1218 11.
340 1157 382 1220 vs.
403 1159 466 1237 8.),
486 1158 575 1236 idque
596 1160 677 1221 nullo
699 1159 833 1221 adhibito
850 1128 981 1237 'organo
1014 1157 1110 1219 Kaino
1140 1157 1226 1219 etiarn
1254 1158 1369 1218 fflrenti

185 1270 267 1331 Deus
287 1272 434 1333 revelatur
454 1272 504 1332 elh
533 1270 684 1333 Ezechieli
714 1289 772 1346 prae
794 1270 834 1331 ita
855 1270 1018 1346 impatienti
1039 1270 1148 1332 miseria
1170 1272 1185 1305 *
1206 1285 1236 1330 et
1257 1284 1369 1330 eontu-

187 1380 277 1439 macia
301 1383 469 1460 Judaeorum
496 1384 621 1445 revelata
651 1382 708 1444 fuit
742 1384 824 1461 (vide
848 1382 1011 1443 Ezechielis
1032 1400 1098 1458 cap.
1121 1400 1148 1459 3.
1169 1381 1210 1443 vs.
1235 1382 1311 1459 1403
1335 1396 1371 1441 et

177 1470 323 1571 'Jerernias
344 1493 529 1555 moestiffimua
550 1509 580 1554 et
600 1513 706 1572 magno
733 1494 802 1557 vitae
831 1494 921 1555 taedio
942 1508 1047 1569 captus
1068 1492 1245 1555 calamitates
1264 1493 1369 1573 Judae-

187 1618 269 1662 orum
290 1601 497 1677 prophetavit:
520 1605 594 1665 adeo
615 1618 649 1664 ut
670 1604 763 1683 Jostas
785 1621 849 1665 eunt
872 1603 1021 1665 consulere
1043 1602 1187 1679 noluerit,
1207 1603 1256 1663 sed
1269 1602 1368 1663 stemi-

187 1731 251 1773 nam
282 1714 309 1773 ei
340 1730 631 1789 contemporaneum,
662 1730 768 1791 utpote
801 1734 865 1792 quae
898 1734 934 1775 ex
965 1715 1084 1794 ingenio
1116 1715 1248 1777 muliebri
1274 1716 1370 1795 magis

188 1840 256 1900 apta
277 1841 356 1900 erat,
376 1840 409 1887 ut
431 1826 459 1886 ei
478 1826 535 1887 Dei
562 1825 756 1887 misericordia
783 1829 959 1889 revelaretur
988 1828 1070 1906 (vide
1099 1828 1164 1889 Lib.
1186 1846 1214 1889 2.
1242 1828 1368 1903 Paralip.

188 1955 252 2012 cap.
280 1938 385 2017 343⁴).
417 1937 558 1999 Michaeas
586 1937 672 1999 etiam
701 1956 849 2016 nunquam
878 1938 1002 2000 Achabo
1030 1939 1140 2015 aliquid
1167 1940 1254 2014 boni,
1282 1942 1369 2016 quod

189 2064 283 2110 tamen
312 2050 360 2111 alii
390 2050 451 2112 veri
478 2051 633 2127 Prophctae
661 2052 796 2111 secenrnt
819 2052 867 2129 (ut
887 2067 969 2127 patet
991 2070 1028 2112 ex
1050 2051 1143 2127 primo
1164 2053 1278 2130 Regum
1299 2070 1368 2127 cap.

187 2162 267 2239 αα),
294 2161 344 2223 sed
372 2178 436 2223 tota
464 2163 528 2239 ejus
557 2164 618 2224 vita
647 2166 720 2225 mala
750 2164 940 2240 prophetavit
970 2163 1053 2241 (vide
1085 2179 1097 2222 1
1126 2165 1201 2242 Reg.
1230 2182 1293 2239 cap.
1315 2181 1368 2223 22.

188 2273 228 2336 vs.
250 2275 277 2334 8.
285 2274 349 2349 m,
370 2291 400 2336 et
422 2275 526 2337 clarius
547 2276 577 2336 in
597 2294 626 2339 a.
647 2277 769 2353 Paralip.
792 2296 857 2352 cap.
878 2278 922 2337 18.
944 2278 987 2339 vs.
1010 2277 1061 2355 7.).
1083 2276 1236 2352 Propheta
1263 2274 1367 2352 itaque

187 2403 241 2462 pro
263 2384 345 2447 vario
367 2386 498 2464 corporis
519 2403 749 2464 temperamento
772 2388 861 2468 magis
882 2391 919 2450 nd
941 2388 995 2450 lias
1017 2406 1102 2465 quam
1124 2389 1160 2447 ad
1177 2388 1368 2449 illasrevela·

187 2499 286 2559 tiones
313 2516 395 2561 crant
423 2501 494 2576 apti.
521 2503 622 2580 stylus
644 2501 751 2562 deinde
773 2499 936 2576 prophetiae
959 2519 1012 2576 pro
1034 2500 1204 2576 eloquentia
1225 2498 1369 2576 cujusque

187 2611 341 2687 Prophetae
363 2613 510 2689 variabat;
532 2612 697 2687 Prophetiae
725 2613 802 2672 enim
830 2611 994 2672 Ezechielis
1016 2626 1045 2671 et
1066 2610 1181 2672 Amolis
1202 2628 1260 2672 non
1283 2610 1371 2686 sunt,

188 2739 222 2784 ut
243 2723 298 2784 illae
326 2725 433 2799 Esaiae,
460 2724 623 2800 Nachumi,
651 2724 793 2802 eleganti,
823 2725 871 2786 sed
899 2725 1016 2786 rudiore
1045 2725 1119 2803 stylo
1142 2725 1264 2800 scriptae.
1283 2725 1369 2786 Etsi

188 2840 270 2911 quie,
292 2835 344 2912 qui
370 2835 496 2914 linguam
525 2835 696 2898 Hebraicmn
725 2838 827 2911 callet,
855 2835 917 2896 hacc
946 2836 1086 2898 curiosius
1115 2836 1254 2912 inspicere
1277 2837 1370 2910 velit,

188 2949 320 3010 conserat
348 2949 525 3011 diversorum
555 2949 766 3024 Prophetarum
796 2951 927 3024 qtraednm
956 2951 991 3010 nd
1020 2948 1144 3010 invicem
1166 2948 1279 3024 capita,
1300 2967 1369 3025 quae

188 3059 314 3135 ejusdem
343 3059 409 3121 sunt
437 3061 615 3138 argumenti,
641 3075 670 3120 et
691 3077 820 3137 magnam
842 3059 968 3134 reperiet
989 3059 1018 3120 in
1041 3061 1114 3139 stylo
1137 3059 1369 3136 discrepantiam.

188 3172 331 3232 Conferat
352 3172 411 3232 scil.
433 3188 536 3247 capr.
559 3171 644 3232 aulici
667 3170 759 3230 Esaia
782 3189 819 3231 err
840 3169 881 3233 vs.
902 3187 946 3231 11.
976 3171 1066 3248 usque
1088 3175 1124 3232 ad
1147 3189 1280 3233 uocum
1302 3191 1368 3248 cap.

185 3295 213 3358 5.
234 3283 330 3344 rustici
351 3282 465 3344 Amolts
491 3301 527 3342 cx
549 3283 590 3343 vs.
612 3298 660 3342 21.
683 3285 776 3358 usque
798 3285 835 3344 ad
857 3301 905 3362 24.
928 3282 1071 3343 Conferat
1100 3283 1205 3344 deinde
1235 3282 1367 3344 ordinem

187 3413 217 3455 et
248 3394 376 3456 rationes
408 3393 572 3468 Prophetiae
602 3395 753 3474 Jeremia.
784 3415 870 3472 quarn
902 3415 966 3472 cap.
999 3415 1046 3474 49.
1074 3396 1218 3456 Edontaeae
1241 3394 1369 3471 scripsit,

187 3527 252 3568 cum
284 3507 386 3568 ordine
417 3522 447 3566 et
478 3506 642 3568 rationibus
674 3507 828 3569 llobndiae.
861 3508 1002 3569 Conferat
1032 3525 1120 3582 porro
1158 3507 1244 3568 etiam
1274 3508 1367 3568 Esaiae

186 3637 250 3693 cap.
271 3637 319 3698 40.
342 3618 413 3679 vers.
439 3634 488 3695 19,
508 3635 557 3678 20.
580 3634 611 3678 et
632 3637 696 3694 cap.
716 3640 766 3698 44.
795 3639 832 3680 ex
860 3619 933 3682 vers.
959 3621 986 3680 8.
1009 3637 1074 3680 cum
1102 3636 1166 3695 cap.
1193 3619 1220 3678 8.
1242 3618 1316 3682 vers.
1336 3621 1367 3678 6.

187 3747 217 3791 et
238 3751 301 3807 cap.
327 3747 371 3808 13.
400 3731 472 3793 vers.
498 3749 527 3792 2.
550 3730 663 3793 Hoseae.
689 3729 730 3791 Et
757 3732 795 3792 stc
817 3734 852 3792 de
882 3731 1012 3808 eaeteris;
1040 3729 1146 3807 quaest
1173 3729 1270 3792 omnia
1290 3733 1366 3792 reste

189 3847 421 3920 perpendantur,
442 3844 527 3906 facile
549 3844 720 3920 ostendent,
748 3846 842 3906 Deum
870 3845 979 3906 nullum
1000 3843 1105 3904 habere
1131 3843 1234 3921 stylum
1256 3843 1368 3918 peculi·

188 3975 264 4017 arem
296 3957 429 4034 dicendi,
460 3957 509 4018 sed
541 3971 655 4017 tantum
687 3973 742 4032 pro
774 3955 939 4017 eruditione
970 3970 1000 4016 et
1028 3955 1191 4032 capacitate
1211 3955 1367 4031 Prophetae

221 4159 234 4188 ⁸
279 4138 432 4207 Btudert-
450 4157 496 4207 Ed.
513 4159 567 4206 Po:
585 4156 699 4221 miseric.

221 4240 249 4276 t·
275 4239 324 4288 Ed.
341 4240 395 4289 Pne
412 4253 452 4302 35.

225 4322 267 4352 Μ
282 4319 330 4372 Ed
347 4323 402 4372 Pa:
419 4335 444 4386 7.
