2934 4900
225 322 284 382 330
582 306 820 364 Tractarus
860 304 1049 365 Politici

220 480 278 555 jam
297 479 378 555 jure,
398 480 447 539 sed
470 482 583 557 Regum
605 478 807 553 potentiorum
829 477 935 556 gratia,
957 478 1047 555 usque
1066 480 1103 539 ad
1120 478 1285 554 Philippum
1309 479 1423 539 secun·

224 595 308 666 dum;
340 590 390 667 qui
424 588 539 651 eosdem
572 589 695 650 feliciori
727 589 844 665 quidem
877 592 958 665 fato,
985 590 1034 651 sed
1064 607 1125 650 non
1153 590 1258 651 minori
1282 591 1425 658 saevitia,

225 724 309 780 quarn
338 705 614 764 Confoederatorum
643 702 812 763 Provincias
841 704 988 778 oppreffit.
1029 703 1070 763 Et
1096 702 1230 778 quamvis
1254 702 1425 778 Philippus

224 816 329 877 tertius
357 815 454 877 omnia
481 814 510 875 in
539 814 682 892 integrunt
705 813 856 875 restituisse
877 814 1029 890 videatur,
1050 815 1267 893 Arragonenset
1292 831 1423 887 tamen,

225 948 348 1006 quorum
369 928 500 1004 plerique
522 927 660 1003 cupidine
683 926 903 1002 potentioribus
924 927 1081 988 assentandi
1114 928 1194 1005 (natu
1215 926 1330 988 inscitia
1358 927 1424 998 est,

225 1056 326 1101 contra
354 1041 484 1101 stimulos
515 1041 610 1099 calces
637 1037 768 1117 mittere)
796 1053 827 1099 et
855 1038 958 1115 reliqui
980 1053 1059 1099 metu
1080 1038 1191 1115 territi,
1212 1038 1283 1100 nihil
1304 1055 1423 1113 praeter

223 1151 365 1213 libertatis
387 1151 515 1229 speciosa
538 1152 680 1213 vocabula
703 1166 733 1211 et
755 1150 856 1211 inanes
877 1150 950 1211 ritus
971 1150 1165 1211 retinuerunt.

265 1264 291 1343 §.
312 1264 419 1324 XXXI.
460 1261 672 1323 Concludirnus
703 1261 819 1339 itaque,
848 1262 1064 1325 multitudinem
1086 1262 1155 1323 satis
1177 1265 1301 1338 amplam
1321 1264 1420 1323 liber·

225 1392 315 1438 tatern
337 1376 388 1437 sub
409 1379 492 1453 Rege
514 1375 627 1437 servare
649 1374 745 1450 polle,
767 1377 857 1437 modo
879 1374 1005 1449 efficiat,
1027 1390 1062 1436 ut
1082 1376 1174 1453 Regis
1196 1374 1331 1451 potentia
1355 1376 1423 1435 sold

225 1486 314 1563 ipsius
336 1485 533 1547 multitudinis
553 1485 692 1561 potentio
713 1487 933 1562 determinetur,
954 1503 984 1548 et
1006 1486 1095 1562 ipsius
1119 1486 1315 1547 multitudinis
1338 1504 1421 1561 prae·

225 1598 297 1659 srdio
330 1598 468 1660 servetur.
510 1598 612 1674 Atque
643 1598 706 1659 lraec
740 1598 826 1659 unica
857 1599 914 1659 fuit
946 1600 1081 1677 Regula,
1111 1618 1197 1674 quarn
1219 1599 1250 1659 in
1267 1597 1421 1676 jaciendis

225 1710 340 1787 Imperii
361 1708 543 1771 Monarcbici
569 1710 766 1771 fundamentis
789 1709 931 1786 sequutus
953 1709 1023 1770 sum.

670 1886 849 1949 CAPUT
890 1888 972 1947 Vlll.

268 2021 350 2097 Quod
374 2021 528 2097 Imperr'um
551 2016 789 2093 Arrstocratr'cum
814 2035 915 2092 magno
936 2018 1133 2075 Patrr'ciorum
1153 2035 1267 2075 numero
1286 2018 1417 2093 constare

226 2133 325 2203 deden
346 2133 379 2190 dc
399 2131 459 2205 ejus
476 2131 665 2209 praestantia,
686 2145 713 2189 er
735 2131 811 2206 quod
826 2133 867 2188 ad
885 2130 1045 2206 absolutum
1065 2134 1159 2204 magis
1179 2149 1265 2206 quam
1286 2131 1414 2189 Monar-

228 2242 336 2303 clrr'cum
356 2245 488 2317 accedat,
508 2256 535 2302 et
556 2242 611 2301 lrac
631 2244 664 2303 de
684 2240 772 2317 causa
792 2241 941 2301 Libertarr'
961 2243 1162 2318 conservanda
1182 2246 1280 2320 aptius
1295 2241 1345 2318 fit.

266 2386 292 2467 §.
314 2389 336 2447 Ι.
378 2388 444 2447 Huc
476 2388 567 2464 usque
599 2390 634 2447 de
666 2386 791 2463 Imperio
824 2385 1029 2447 lllonarcbico.
1069 2389 1137 2470 Qua
1168 2403 1265 2449 autern
1296 2388 1412 2450 tatione

225 2499 462 2560 Aristocrnticum
481 2499 690 2560 instituendum
709 2499 758 2574 srt,
778 2515 811 2560 ut
829 2517 995 2575 permanere
1014 2501 1114 2575 pollrt,
1130 2499 1178 2560 bic
1192 2500 1252 2576 jam
1271 2499 1412 2562 dicemus.

226 2611 462 2674 Aristocraticum
493 2611 644 2687 imperium
675 2611 747 2672 illud
780 2611 836 2672 elle
868 2611 1013 2686 diximus,
1043 2615 1125 2689 quod
1156 2631 1216 2674 non
1248 2633 1342 2690 unus,
1364 2616 1412 2674 sed

226 2725 343 2802 qnidam
376 2744 412 2784 ex
444 2723 633 2785 multitudine
665 2724 762 2785 selecti
794 2741 913 2799 tenent3
945 2744 1022 2801 quos
1053 2725 1239 2802 imposterum
1268 2727 1412 2787 Patricius

226 2837 444 2912 appellabimus.
485 2835 563 2897 Dico
593 2836 739 2912 exprelle,
766 2839 842 2913 quod
859 2840 976 2914 quidam
989 2839 1089 2914 sele&
1108 2853 1211 2898 tenent.
1252 2841 1329 2899 Nam
1349 2839 1412 2900 haec

226 2950 372 3026 praecipua
394 2950 434 3010 est
455 2949 618 3011 differentia
641 2949 716 3010 inter
736 2950 795 3010 lroc
816 2965 847 3010 et
868 2950 1104 3011 Democraticuur
1136 2952 1309 3027 imperium,
1331 2953 1411 3028 quod

226 3063 335 3124 scilicet
356 3063 384 3123 in
407 3061 531 3138 Imperio
554 3061 764 3122 Aristocratico
785 3062 966 3140 gubernandi
984 3062 1035 3138 jus
1056 3082 1072 3122 a
1094 3062 1154 3124 sola
1175 3063 1321 3124 elestione
1340 3084 1409 3140 pen-

226 3178 310 3250 deat,
341 3175 371 3235 in
402 3173 609 3234 Democratico
641 3189 740 3235 autern
773 3175 896 3236 maxime
919 3175 1018 3252 ajure
1051 3179 1179 3253 quodam
1210 3177 1335 3253 innato,
1366 3181 1411 3240 vel

226 3287 346 3346 fortuna
373 3289 482 3361 adepto
511 3287 559 3364 (ut
588 3285 639 3346 suo
660 3287 729 3346 loco
751 3286 913 3364 dicemus);
935 3304 1024 3364 atque
1045 3292 1141 3364 adeo,
1163 3289 1275 3350 tametsi
1297 3289 1409 3367 Imperii

226 3398 348 3475 alicujus
372 3400 483 3476 integra
505 3399 663 3460 multitudo
686 3399 714 3458 in
738 3418 887 3460 numerum
915 3401 1105 3462 Patriciorum
1126 3401 1302 3478 recipiatur,
1324 3407 1409 3464 modo

226 3511 296 3571 illud
325 3511 374 3586 jus
405 3510 618 3571 baereditarium
650 3528 710 3571 non
743 3511 794 3586 srt,
826 3531 881 3572 nec
901 3514 964 3590 lege
987 3513 1083 3589 aliqua
1112 3514 1259 3575 communi
1281 3517 1320 3575 ad
1341 3515 1409 3574 alios

227 3622 398 3698 descendat,
420 3622 569 3699 imperium
590 3637 686 3683 tamen
709 3623 949 3684 Aristocraticum
965 3624 1091 3693 omnino
1113 3624 1177 3684 erit.
1216 3625 1408 3706 Quandoqui-

227 3739 291 3796 dem
320 3737 407 3809 nulli,
435 3735 485 3795 nist
516 3735 643 3811 exprell'e
666 3736 766 3809 electi,
788 3736 819 3796 in
840 3755 988 3797 numerum
1009 3735 1199 3796 Patriciorum
1220 3734 1407 3810 recipiuntur.

226 3847 306 3908 Arsi
328 3845 356 3907 hi
379 3852 438 3909 duo
461 3851 665 3908 tantummodo
688 3847 812 3922 fuerint,
833 3849 906 3908 alter
927 3849 1020 3907 altero
1042 3847 1145 3922 potior
1164 3846 1219 3906 else
1239 3847 1405 3919 conabitur,

227 3975 257 4020 et
269 3959 418 4035 imperium
441 3960 523 4020 filcile
529 4005 538 4036 ,
550 3963 589 4020 ob
601 3959 715 4019 nimiam
737 3959 963 4036 uniuscujusque
984 3958 1162 4034 potentiam,
1178 3959 1207 4019 in
1224 3961 1297 4020 duas
1316 3977 1406 4035 partes

179 4123 185 4136 .
227 4073 389 4148 dividetur,
411 4089 440 4134 et
461 4073 490 4133 in
513 4089 583 4145 tres,
606 4089 656 4133 aut
679 4087 822 4149 quatuor,
840 4089 892 4133 aut
909 4073 1054 4149 quinque,
1072 4072 1092 4132 sr
1112 4089 1185 4148 tres,
1203 4087 1256 4132 aut
1273 4089 1407 4148 quatuor,

227 4199 278 4245 aut
309 4184 440 4260 quinque
470 4184 501 4244 id
532 4184 697 4260 tenuerint;
729 4185 778 4245 sed
810 4201 908 4261 partes
930 4204 966 4244 eo
988 4184 1145 4244 debiliores
1174 4199 1277 4261 erunt,
1300 4186 1404 4261 quoin

228 4295 324 4370 plures
353 4294 445 4368 ipsum
475 4293 626 4369 imperium
650 4296 779 4359 delatum
800 4295 906 4373 fuerit;
927 4315 965 4355 ex
987 4314 1048 4372 quo
1071 4295 1218 4374 sequitur,
1239 4295 1270 4356 in
1290 4296 1403 4373 imperio
