2934 4900
383 333 520 409 Caput
551 336 632 395 Vlll.
673 338 718 394 De
742 335 937 395 Aristocratia.
1203 352 1260 413 343

52 510 152 569 ualida
176 509 309 585 semper
328 508 377 585 sit,
399 528 474 585 opus
496 510 551 585 est,
573 529 657 586 quam
681 526 713 571 ut
737 510 935 588 unusquisque
957 511 1115 581 Patricius,
1138 511 1188 587 qui
1209 530 1265 585 co,

50 638 113 694 quo
137 620 304 697 diximus,
325 621 421 683 etatis
437 622 587 698 pervenit,
605 622 742 700 Syndicis
760 624 824 699 ejus
842 622 883 684 rei
902 623 1096 683 testimonium
1116 623 1263 697 ostendat,

53 730 102 805 qui
137 731 241 807 ipsius
280 752 389 793 nomen
420 733 450 793 in
481 735 646 813 catalogum
679 752 796 809 eorum,
828 733 879 811 qui
906 734 1067 795 Senatoriis
1095 734 1262 796 muneribus

54 841 271 916 adipiscendis
304 844 498 921 destinantur,
526 864 688 922 reponent,
717 862 748 906 et
777 847 806 907 in
836 846 969 922 supremo
992 846 1128 907 Concilio
1149 849 1264 925 legent,

55 968 88 1012 ut
117 955 229 1016 locum
266 956 300 1017 in
328 958 386 1018 hoc
415 959 548 1034 supremo
570 958 706 1019 Concilio
729 958 866 1021 similibus
889 959 1033 1034 dicatum,
1052 975 1081 1020 et
1103 959 1154 1036 qui
1174 961 1263 1020 Sena-

54 1082 156 1127 torum
180 1070 263 1129 loco
289 1070 441 1146 proximus
462 1069 496 1130 lit
508 1116 517 1145 ‚
539 1090 604 1131 cum
625 1071 744 1148 reliquis
766 1071 892 1147 ejusdem
914 1073 1024 1133 ordinis
1046 1088 1183 1148 occupet.

93 1178 122 1257 ἓ.
145 1180 273 1241 XXXI.
316 1182 488 1243 Senatorum
516 1185 710 1244 emolumenta
740 1184 808 1244 talia
836 1183 890 1244 elle
914 1187 1040 1259 debent,
1061 1201 1095 1246 ut
1116 1186 1152 1246 iis
1172 1185 1264 1262 major

54 1290 172 1353 utilitas
198 1312 243 1353 ex
269 1312 344 1370 pace
365 1314 450 1371 quam
472 1314 509 1355 ex
531 1297 610 1357 bello
633 1294 681 1371 s1t;
703 1311 792 1373 atque
815 1300 890 1358 adeo
908 1316 946 1357 ex
963 1298 1122 1372 mercibus,
1142 1317 1207 1374 qua
1225 1317 1263 1357 ex

55 1402 185 1479 imperio
220 1406 257 1468 in
289 1407 358 1467 alias
386 1408 537 1485 regiones,
567 1410 615 1470 vel
641 1428 706 1485 quae
728 1428 766 1469 ex
788 1408 852 1469 aliis
872 1408 1041 1486 regionibus
1061 1408 1092 1469 in
1113 1408 1263 1483 imperium

57 1530 244 1592 portantur,
279 1537 337 1579 una
365 1519 518 1579 centesima
547 1534 598 1579 aut
628 1517 865 1598 quinquagesima
893 1536 959 1596 pars
987 1520 1054 1596 ipsis
1082 1522 1262 1581 decernatur.

59 1626 134 1685 Nam
169 1629 320 1691 dubitare
351 1648 411 1691 non
443 1630 608 1706 polumnus,
640 1632 710 1707 quin
742 1632 795 1691 hac
827 1631 941 1692 ratione
972 1650 1091 1707 pacem,
1121 1647 1262 1706 quantum

60 1753 232 1816 poterunt,
259 1744 437 1816 tuebuntur,
459 1757 489 1803 et
510 1744 618 1804 bellum
640 1762 789 1819 nunquam
812 1743 980 1818 protrahere
1001 1744 1166 1805 studebunt.
1197 1745 1262 1803 Nec

61 1848 95 1905 ab
116 1848 181 1911 hoc
207 1852 351 1931 vectigali
372 1853 513 1915 solvendo
536 1853 587 1929 ipsa
609 1856 783 1929 Senatores,
812 1855 831 1916 sr
856 1873 956 1916 eorum
977 1853 1067 1931 aliqui
1087 1869 1262 1916 mercatores

64 1958 197 2037 luerint,
222 1964 368 2025 immunes
390 1964 446 2025 elle
468 1966 592 2025 debent:
615 1984 679 2026 nam
709 1967 775 2027 talis
804 1965 970 2027 immunitas
998 1986 1058 2027 non
1079 1967 1138 2027 fine
1159 1985 1262 2045 magna

64 2076 243 2135 commercii
271 2076 383 2151 jactura
414 2076 538 2137 concedi
570 2078 683 2152 potest,
715 2080 796 2153 quod
828 2077 970 2137 neminem
1000 2078 1133 2155 ignorare
1164 2078 1261 2138 credo.

68 2178 160 2242 Porro
196 2202 307 2245 contra
337 2186 519 2247 statuendum
550 2189 613 2266 lege
645 2188 702 2263 est,
735 2203 768 2248 ut
798 2189 938 2263 Senator,
967 2190 1014 2251 vel
1042 2188 1092 2264 qui
1113 2188 1263 2248 Senatoris

66 2294 169 2357 officio
193 2300 318 2361 functus
340 2299 398 2374 cll,
419 2299 501 2360 nullo
522 2298 631 2360 militia:
654 2318 772 2360 munere
794 2299 877 2378 fungi
897 2301 998 2375 pollit;
1020 2315 1049 2359 et
1070 2314 1209 2375 praeterea
1228 2316 1262 2359 ut

70 2408 181 2472 nullum
216 2414 322 2473 ducem
344 2413 392 2475 vel
414 2428 583 2489 praetorem,
613 2430 689 2488 quos
711 2428 843 2488 tempore
864 2410 932 2472 belli
953 2406 1158 2474 tantummodo
1179 2430 1260 2472 exer-

71 2515 142 2578 citui
165 2525 348 2596 praebendos
368 2523 494 2585 diximus
516 2527 581 2585 Art.
601 2543 630 2601 9.
653 2524 741 2600 hujus
763 2523 899 2599 Capitis,
925 2522 1094 2585 renunciare
1116 2524 1203 2584 liceat
1224 2543 1262 2584 cx

72 2626 123 2703 iis,
151 2653 286 2710 quorum
314 2637 400 2706 Pater
429 2638 476 2700 vel
503 2656 577 2700 avus
598 2638 722 2698 Senator
743 2637 801 2711 est,
821 2638 869 2700 vel
889 2636 1069 2696 Senatoriam
1090 2635 1261 2714 dignitatem

72 2738 147 2804 intra
179 2747 335 2808 biennium
366 2749 477 2810 habuit.
519 2752 583 2810 Nec
615 2749 750 2810 dubitare
780 2748 945 2824 poliumus,
965 2748 1036 2825 quin
1057 2748 1190 2823 Patricii,
1211 2748 1262 2824 qui

74 2869 156 2917 extra
178 2861 321 2921 Senatum
343 2861 425 2936 sunt,
446 2861 508 2922 haec
527 2861 593 2937 jura
616 2861 722 2922 summa
744 2861 969 2934 videfendan13
990 2875 1078 2936 atque
1100 2862 1174 2920 adeo
1195 2860 1263 2934 fiet,

76 2979 106 3023 ut
129 2969 327 3032 Senatoribus
356 2972 446 3048 majus
475 2974 585 3049 semper
613 2976 840 3035 emolumentum
868 2991 905 3033 ex
926 2991 998 3048 pace
1020 2991 1104 3048 quam
1126 2990 1163 3032 eir
1183 2973 1262 3031 bello

75 3073 128 3152 fit,
155 3083 210 3158 qui
239 3099 394 3160 propterea
423 3086 529 3146 bellum
559 3104 728 3162 nunquam,
755 3085 806 3145 nili
835 3085 941 3146 summa
966 3083 1078 3160 imperii
1098 3085 1262 3144 neceffitate

76 3204 221 3270 cogente,
250 3195 424 3257 suadebunt.
467 3198 508 3256 At
537 3196 629 3272 objici
657 3197 744 3257 nobis
771 3196 885 3273 potest,
914 3200 996 3272 quod
1015 3198 1069 3257 hac
1089 3195 1260 3271 ratione,sr

76 3300 185 3368 scilicet
214 3309 350 3386 Syndicis
372 3325 401 3370 et
423 3307 615 3370 Senatoribus
638 3312 712 3370 adeo
735 3327 837 3387 magna
858 3311 1052 3370 emolumenta
1079 3310 1260 3368 decernenda

76 3413 157 3493 saint,
190 3420 340 3497 imperium
372 3419 609 3481 Aristocraticum
642 3439 701 3481 non
734 3419 829 3480 minus
857 3421 1010 3481 onerosum
1038 3419 1162 3481 subditis
1190 3419 1261 3494 erit,

79 3543 162 3599 luam
195 3536 395 3610 quodcunque
428 3532 659 3594 Monarchicum.
709 3533 787 3604 Sed,
823 3547 1015 3608 preterquam
1047 3533 1128 3607 quod
1160 3529 1261 3608 Regiae

80 3639 149 3702 aulae
178 3623 462 3720 majores'sumptus
490 3641 658 3719 requirunt,
686 3642 774 3719 qni*
802 3657 897 3703 tamen
926 3644 962 3703 ad
990 3659 1090 3716 pacem
1110 3643 1261 3701 tutandam

84 3765 140 3812 non
161 3759 344 3832 praebentur,
367 3773 397 3815 et
418 3756 500 3832 quod
522 3773 580 3829 pax
602 3772 752 3829 nunquam
774 3753 858 3813 nimis
879 3771 946 3814 caro
967 3753 1063 3828 pretio
1084 3751 1139 3811 enti
1160 3751 1262 3826 poffit,

84 3871 192 3931 accedit
214 3871 323 3946 primu,
345 3871 427 3945 quod
449 3868 477 3929 icl
499 3886 599 3942 omine,
622 3869 703 3944 quod
721 3866 750 3926 in
769 3864 961 3926 lllonarchico
984 3865 1106 3942 imperio
1124 3865 1153 3925 in
1173 3883 1260 3925 unum

87 3992 133 4037 aut
153 4000 283 4057 paucos,
304 3979 333 4040 in
355 3979 463 4040 hocin
486 3978 627 4055 plurimos
649 3981 808 4039 confertur.
848 3977 963 4037 Deinde
985 3980 1083 4056 Reges
1103 3993 1262 4051 eorumque

89 4088 201 4154 ministri
230 4111 319 4154 onera
340 4092 453 4167 imperii
475 4111 540 4154 cum
562 4090 685 4153 subditis
707 4109 768 4151 non
789 4090 904 4164 ferunt,
929 4093 1010 4166 quod
1031 4089 1061 4148 in
1081 4090 1138 4149 lroc
1161 4104 1263 4148 contra

87 4203 360 4222 *w

118 4245 130 4274 ‘
164 4247 284 4308 Glrllrer,
299 4247 445 4306 merbach,
463 4245 563 4306 Saillet,
585 4243 748 4294 Kirchmann.
780 4243 862 4293 Etiam
880 4239 952 4292 Vers.
968 4241 1053 4309 Belg„
1069 4241 1112 4292 etll
1130 4253 1260 4304 perperam

88 4326 179 4381 reddit:
196 4331 377 4382 desselben...
393 4329 452 4379 zicb
470 4329 525 4378 niet
540 4342 654 4394 penegen
673 4336 757 4378 sones.
772 4355 806 4365 —
822 4326 870 4378 Ed.
886 4328 944 4377 ΡΜ
961 4341 1022 4392 qnae.
