2934 4900
460 327 515 390 De
546 325 819 392 dilectibus.
1023 323 1033 332 “
1179 343 1238 407 157

39 505 205 565 Gratitudo
240 520 380 581 vocatur;
412 520 501 582 atque
531 507 607 567 adeo
638 522 777 582 apparet,
810 505 945 568 homines
966 506 1053 585 longe
1075 507 1237 582 paratiores

39 615 92 678 elle
113 620 152 678 ad
174 616 365 694 Vinditlam,
385 636 472 694 quam
492 619 529 680 ad
549 619 732 680 referendum
754 618 937 681 beneficium.

459 795 825 842 conoLLnnlumr

77 907 136 988 Qui
159 910 198 969 ab
223 925 278 982 e0,
300 926 386 984 quern
408 907 479 969 odio
501 908 605 982 habet,
623 908 652 968 se
671 907 758 969 amari
778 908 969 988 imaginatur,
987 910 1066 971 Odio
1083 925 1113 970 et
1125 911 1234 972 Amore

40 1018 116 1081 stmul
137 1020 371 1082 conflidtabitur.
393 1021 483 1102 Quod
505 1022 605 1082 eadem
628 1019 694 1096 via,
708 1039 766 1097 qua
777 1021 900 1097 primum
912 1023 1104 1097 praecedentis
1115 1024 1237 1098 Coroll,

42 1133 265 1194 demonstratur.

510 1295 770 1339 scnottum.

78 1411 169 1490 Quod
192 1410 215 1470 st
234 1409 342 1472 Odium
360 1409 564 1486 pravaluerit,
582 1409 626 1483 ei,
644 1429 660 1470 a
680 1427 741 1486 quo
760 1424 889 1482 amatur,
906 1410 1010 1470 malum
1027 1407 1132 1470 inferre
1147 1427 1235 1470 cona·

43 1523 132 1600 bittrr3
162 1524 217 1600 qui
247 1522 365 1601 quidem
393 1524 514 1586 affellus
543 1525 711 1584 Crudelitas
732 1522 912 1598 appellatur,
930 1522 1077 1599 praecipue
1098 1521 1119 1582 st
1140 1522 1237 1597 illum,

45 1636 89 1712 qui
110 1652 209 1711 amat,
231 1638 336 1698 nullam
358 1635 426 1697 Odii
448 1654 631 1697 communem
653 1634 769 1696 causam
791 1632 942 1710 prabuille
964 1633 1099 1694 creditur.

412 1821 744 1884 PROPOSITIO
784 1819 877 1880 XLII.

83 1967 138 2043 Qui
165 1971 200 2026 r'n
225 1968 362 2044 aliquem,
385 1967 490 2026 Amore
514 1981 567 2026 aut
580 1967 636 2044 spe
658 1965 767 2028 Glorr'ae
787 1979 894 2038 morus,
922 1964 1083 2043 beneficium
1102 1967 1235 2040 contulit,

47 2079 279 2157 contrr'stabt'tur,
295 2079 322 2157 ſs
342 2081 467 2154 uiderat,
488 2077 649 2157 beneficium
669 2081 788 2153 ingrato
808 2081 901 2138 animo
921 2081 1022 2157 accipi.

445 2253 840 2297 numonsunnrlo

81 2365 139 2446 Qui
174 2382 237 2426 rem
269 2364 394 2440 aliquam
426 2363 478 2424 srbi
509 2363 626 2424 stmilem
658 2381 752 2438 amat,
783 2382 924 2441 conatur,
956 2381 1097 2442 quantum
1123 2366 1236 2441 potest,

50 2474 172 2550 efficere,
197 2492 232 2537 ut
253 2480 289 2537 ab
311 2477 371 2553 ipsa
393 2494 494 2539 contra
517 2494 629 2539 ametur
652 2478 721 2557 (per
741 2478 831 2556 Prop.
853 2494 901 2553 33.
922 2474 1034 2555 husim).
1066 2476 1126 2558 Qui
1147 2476 1237 2554 igitur

51 2604 100 2659 pra
128 2606 231 2649 amore
260 2588 289 2649 in
319 2588 443 2665 aliquem
475 2588 649 2649 beneficium
678 2589 824 2663 contulit,
852 2588 880 2649 id
902 2589 973 2649 lacit
994 2587 1152 2662 defiderio,
1173 2607 1235 2664 quo

51 2714 176 2777 tenetur,
201 2716 234 2761 ut
256 2718 358 2762 contra
380 2718 506 2777 ametur,
526 2702 584 2761 hoc
607 2701 648 2761 est
667 2700 739 2780 (per
759 2703 849 2780 Prop.
868 2718 915 2780 34.
927 2698 1029 2778 hujus)
1046 2700 1095 2776 spe
1111 2700 1235 2776 Gloriae,

52 2808 101 2871 stne
132 2807 211 2891 (per
238 2812 331 2875 Schol.
360 2815 448 2894 Prop.
471 2832 518 2891 30.
541 2813 642 2892 lraJirs)
665 2813 810 2889 Laetitiae;
831 2815 964 2890 adeoque
987 2814 1058 2892 (per
1077 2813 1165 2891 Prop.
1190 2830 1235 2873 12.

53 2920 144 3003 lasirs)
167 2927 246 2986 hanc
267 2926 377 2987 Glutiae
399 2927 530 3002 causam,
551 2943 694 3003 quantum
716 2926 828 3001 potest,
850 2926 1015 3005 imaginari,
1035 2926 1094 2987 srve
1116 2943 1148 2987 ut
1171 2928 1237 2987 aliu

53 3036 217 3099 existentem
235 3039 427 3115 contemplari
443 3039 608 3101 conabitur.
630 3040 672 3099 At
690 3038 762 3118 (per
773 3037 948 3118 hypothefin)
960 3036 1039 3098 aliud
1049 3036 1236 3115 imaginatur,

54 3154 124 3223 qnod
146 3150 278 3229 ejusdem
300 3152 391 3214 causae
414 3153 595 3213 existentiam
619 3152 758 3213 secludit:
780 3169 850 3231 ergo
873 3151 944 3230 (per
960 3151 1050 3230 Prop.
1072 3165 1116 3226 19.
1134 3149 1235 3228 lausus)

55 3280 83 3321 to
103 3263 165 3339 ipso
191 3264 418 3326 contristabitur.
463 3267 495 3342 Q.
517 3267 553 3326 E.
574 3267 615 3326 D.

405 3458 734 3519 PROPOSITIO
775 3457 883 3517 XLIII.

89 3602 190 3663 Odium
212 3606 354 3681 reciproco
375 3603 437 3661 odio
457 3616 600 3678 augetur,
620 3616 648 3661 er
669 3602 775 3662 Amore
795 3614 895 3660 contra
915 3601 1006 3659 deleri
1021 3598 1119 3679 potest.

452 3778 847 3823 unmousrnnrlm

87 3890 143 3971 Qui
165 3910 249 3967 euna,
270 3909 356 3967 quem
378 3890 461 3967 odit,
481 3890 560 3951 Odio
580 3907 681 3951 contra
701 3908 767 3969 erga
786 3889 814 3949 se
833 3888 966 3950 offellum
982 3887 1037 3949 elle
1049 3888 1235 3967 imaginatur,

56 4016 85 4057 to
104 4001 166 4078 ipso
188 4005 262 4083 (per
282 4004 371 4083 Prop.
392 4022 441 4083 40.
471 4002 573 4081 layas)
602 4022 713 4065 novum
743 4001 850 4063 Odium
879 4001 988 4077 oritur,
1015 4002 1137 4062 durante
1165 4000 1237 4080 (per

55 4108 218 4195 lapotlefin)
238 4116 333 4177 adhuc
357 4115 459 4191 primo.
480 4116 537 4177 Sed
556 4114 576 4175 sr
595 4132 697 4177 contra
716 4118 840 4177 eundem
859 4117 968 4175 Amore
984 4132 1049 4193 erga
1061 4113 1089 4175 se
1101 4112 1235 4175 offellum

56 4221 100 4282 elle
127 4225 315 4307 imaginatur,
347 4244 492 4305 quatenus
519 4229 578 4288 hoc
607 4228 797 4307 imaginatur,
825 4242 947 4288 eatenus
976 4226 1048 4305 (per
1075 4226 1164 4305 Prop.
1185 4245 1234 4303 30.

56 4328 144 4415 lujat)
165 4338 194 4399 se
217 4336 308 4415 ipsum
331 4358 396 4401 cum
417 4339 537 4401 Latitia
558 4340 792 4415 contemplatur,
812 4354 842 4399 et
860 4354 984 4400 eatenus
1002 4336 1173 4416 (prrProp.
1186 4354 1235 4414 29.
