2934 4900
227 329 288 414 sio
705 321 947 394 Tractatut

227 507 406 572 obedientia
426 509 524 570 cultus
544 522 606 570 erat
624 507 699 587 (qua
718 508 757 569 de
778 523 808 568 re
829 505 899 570 vide
921 504 995 581 Cap.
1018 516 1047 582 5.
1068 504 1144 566 cirta
1165 501 1248 566 usum
1271 497 1427 564 Caeremo·

227 619 372 698 uiarum);
398 636 487 696 quare
514 617 609 679 eidem
638 616 760 680 omnino
788 616 950 680 affuefaetis
970 616 1032 695 ipsa
1053 635 1114 680 non
1136 615 1263 693 amplius
1293 615 1429 678 servitus

227 731 279 793 sed
296 731 416 792 libertas
434 729 529 793 videri
549 728 670 806 debuit,
691 731 771 790 unde
790 728 873 806 sequi
895 728 983 790 etiam
1005 728 1125 805 debuit,
1143 741 1177 790 ut
1196 745 1285 789 nemo
1307 743 1428 805 negata,

227 839 279 904 sed
297 841 432 902 mandata
452 853 586 916 cuperet.
605 841 656 900 Ad
676 842 760 916 quod
781 838 869 900 etiam
890 857 952 902 non
973 857 1074 916 parum
1096 837 1268 902 conduxisse
1290 837 1427 912 videtur,

227 953 312 1029 quod
331 950 419 1012 tertia
439 949 515 1038 anni·
529 949 715 1026 temporibus
736 949 802 1012 otio
824 965 857 1012 et
876 951 987 1012 laetitiae
1008 950 1037 1011 se
1059 953 1127 1012 dare
1147 952 1346 1024 tenebantur,
1367 965 1427 1009 nor

228 1078 264 1126 ut
291 1063 405 1140 animo,
432 1062 484 1124 sed
511 1075 547 1124 ut
574 1062 642 1124 Deo
662 1079 702 1124 ex
722 1062 819 1124 animo
841 1065 1088 1139 obtemperarent.
1128 1063 1241 1124 Terin
1262 1081 1350 1125 anno
1372 1060 1428 1122 Dei

228 1175 366 1240 conviva
396 1191 480 1236 erant
509 1174 594 1253 (vide
624 1175 716 1236 Deut.
743 1175 911 1254 cap.16.);
942 1174 1069 1252 septimo
1100 1174 1272 1254 septimana
1306 1175 1360 1236 die
1393 1177 1427 1234 ab

229 1287 310 1350 omni
330 1304 421 1364 opere
441 1285 565 1365 cessate,
585 1285 705 1364 seseque
726 1287 793 1348 otio
815 1289 883 1349 dare
906 1289 1072 1365 debebant;
1100 1301 1131 1348 et
1152 1302 1260 1364 praeter
1280 1287 1353 1348 baec
1373 1287 1429 1348 alia

230 1417 366 1479 tempora
384 1401 496 1480 signata
516 1415 616 1478 erant,
643 1401 752 1479 quibus
772 1401 884 1464 letitie
905 1403 987 1464 adius
1008 1403 1123 1464 honesti
1144 1418 1175 1464 et
1196 1402 1346 1466 convivia
1369 1419 1428 1462 non

230 1513 350 1591 quidem
376 1515 632 1589 concedebantur,
659 1512 710 1574 sed
741 1514 962 1575 mandabantur.
1003 1515 1069 1576 Net
1090 1527 1183 1590 puto,
1204 1515 1290 1589 quod
1314 1512 1427 1589 aliquid

229 1625 289 1686 boc
309 1623 457 1687 efficacius
478 1627 516 1686 ad
535 1623 688 1686 bominum
708 1623 824 1686 animoa
844 1625 1004 1687 dedendos
1025 1621 1189 1704 excogitari
1209 1623 1333 1702 potest3
1363 1643 1427 1685 nam

230 1737 312 1798 nulla
341 1754 372 1797 re
401 1736 493 1815 magia
523 1735 681 1812 capiuntur
712 1735 817 1812 animi,
843 1753 929 1812 quam
951 1735 1072 1813 laetitia,
1093 1755 1159 1813 quae
1180 1753 1219 1797 er
1239 1736 1429 1810 devotione,

230 1849 290 1910 boc
317 1847 359 1910 est
385 1865 424 1908 ex
450 1864 549 1908 amore
576 1861 607 1908 et
627 1846 819 1910 admiratione
844 1846 942 1924 fimul,
964 1847 1068 1910 oritur.
1109 1849 1174 1910 Nec
1194 1847 1283 1909 facile
1304 1847 1428 1908 fastidio

231 1978 326 2024 rerum
352 1958 522 2022 usitatarum
549 1958 615 2035 capi
643 1973 800 2035 poterant,
827 1977 893 2020 nam
914 1961 1012 2022 cultus
1033 1959 1138 2022 diebus
1160 1958 1239 2020 sestis
1261 1957 1428 2021 destinatus

232 2090 313 2134 ratur
339 2087 372 2134 et
397 2071 499 2136 varius
523 2085 596 2132 erat.
635 2070 693 2132 Hir
719 2071 833 2133 accedit
861 2070 970 2134 summa
996 2071 1098 2148 templi
1125 2071 1313 2147 reverentia,
1341 2090 1427 2149 quam

232 2198 356 2261 propter
379 2183 550 2262 ungularem
577 2181 641 2260 ejru
668 2183 797 2259 tultum,
825 2197 856 2244 et
883 2200 947 2260 rea,
974 2201 1047 2260 quat
1068 2186 1246 2246 tenebantur
1268 2183 1427 2248 observare

233 2309 391 2371 antequam
407 2293 495 2354 alicui
512 2311 550 2354 eo
567 2291 610 2354 ire
626 2291 744 2368 liceret,
762 2291 963 2374 religiosrffime
981 2295 1093 2372 semper
1109 2293 1318 2372 servaverunt;
1338 2310 1427 2373 atque

234 2407 309 2468 adeo
330 2418 365 2467 ut
384 2403 520 2467 hodierni
542 2404 638 2468 adhuc
658 2421 719 2466 non
740 2403 800 2467 fine
818 2421 924 2486 magno
944 2406 1066 2468 horrore
1086 2405 1159 2469 illud
1180 2403 1324 2467 Manassae
1346 2405 1427 2485 flagi-

232 2516 309 2578 tium
327 2517 443 2595 legant,
471 2518 555 2593 quod
580 2514 691 2578 seilicet
711 2516 824 2579 idolum
845 2517 875 2579 in
896 2517 960 2593 ipso
981 2518 1094 2593 templo
1116 2534 1226 2593 ponere
1248 2516 1426 2579 sustinuerit.

234 2628 311 2707 Erga
330 2627 411 2705 leget
430 2626 534 2703 etiam,
551 2644 617 2703 quae
635 2625 666 2687 in
683 2626 791 2689 intimo
809 2626 934 2689 sacrario
951 2626 1152 2707 religiossime
1173 2628 1426 2703 custodiebantur,

235 2756 297 2801 non
316 2737 412 2800 minor
431 2751 494 2799 erat
514 2738 630 2815 populo
650 2738 824 2803 reverentia.
866 2740 965 2821 Quare
985 2740 1090 2817 populi
1115 2758 1244 2801 rumores
1266 2754 1299 2803 et
1321 2740 1426 2817 praeju·

236 2848 312 2913 dicia
338 2848 388 2911 hic
414 2849 532 2911 minime
560 2848 691 2912 timenda
718 2865 817 2912 erant:
841 2868 928 2913 nemo
952 2852 1028 2913 enim
1049 2854 1086 2913 de
1107 2852 1194 2914 rebus
1215 2850 1330 2915 divinis
1348 2852 1427 2930 judi-

235 2961 313 3022 cium
342 2962 417 3023 ferre
448 2964 576 3023 audebat
595 2961 622 3038 *,
651 2961 702 3024 sed
731 2964 770 3023 ad
800 2962 915 3040 omnia,
946 2980 1012 3040 quae
1044 2962 1112 3039 ipfis
1142 2962 1367 3038 imperabantur
1392 2982 1427 3024 ex

236 3073 417 3135 authoritate
443 3072 539 3137 divini
564 3072 692 3149 responsa
720 3072 752 3133 in
779 3074 890 3150 templo
912 3074 1043 3151 accepti,
1064 3076 1112 3139 vel
1132 3074 1204 3153 legis
1225 3093 1243 3136 a
1262 3076 1334 3137 Deo
1357 3094 1427 3137 con-

237 3184 326 3262 dite,
346 3182 406 3245 sine
426 3185 485 3246 ulla
505 3184 647 3245 Rationis
667 3184 888 3247 constitutione
909 3187 1111 3261 obtemperare
1131 3188 1290 3248 debebant

154 3310 159 3318 ·
275 3296 378 3372 Atque
397 3292 444 3356 hit
462 3314 509 3356 me
528 3295 664 3357 summam
685 3295 828 3359 rationem
848 3296 938 3374 hujus
959 3296 1092 3373 imperii,
1112 3296 1163 3358 etii
1184 3296 1339 3375 breviter,
1360 3299 1428 3361 satir

237 3419 335 3467 tamen
364 3406 440 3467 clare
469 3405 634 3483 exposuisse
664 3422 751 3486 puto.
783 3408 918 3483 Superest
942 3407 1020 3485 jam,
1040 3422 1075 3467 ut
1095 3406 1195 3467 causas
1216 3406 1307 3467 etiam
1331 3408 1428 3486 inqui-

237 3534 350 3595 ramus,
379 3535 470 3593 quare
499 3520 607 3581 sadum
637 3518 690 3597 sit,
720 3534 755 3581 ut
780 3518 898 3581 Hebraei
918 3520 1011 3581 toties
1032 3537 1050 3579 a
1069 3519 1150 3598 Lege
1170 3520 1358 3597 defecerint;
1379 3540 1429 3581 cur

238 3629 330 3691 totiea
350 3629 460 3691 sabaei
480 3630 607 3708 suerint3
629 3646 661 3693 et
681 3650 734 3695 eur
753 3634 871 3695 tandem
893 3632 1043 3708 imperium
1061 3630 1183 3693 omnino
1201 3630 1308 3695 vastari
1320 3649 1429 3709 potue·

238 3740 287 3802 rit.
325 3742 370 3803 At
396 3740 493 3803 forsan
519 3742 569 3803 hic
597 3743 702 3820 aliquit
730 3744 827 3820 dicet,
847 3744 878 3805 id
899 3742 1024 3808 evenisse
1045 3762 1083 3805 ex
1103 3743 1200 3823 gentis
1222 3746 1428 3819 contumacia;

240 3868 341 3914 verum
360 3852 420 3913 boe
439 3854 551 3929 puerile
571 3855 631 3934 est,
650 3874 716 3917 nam
737 3874 790 3917 cur
808 3856 872 3918 baec
892 3856 975 3918 natio
996 3854 1118 3932 reliquia
1128 3856 1337 3917 contumacior
1347 3856 1428 3919 fuit?

240 3976 277 4020 an
303 3962 442 4024 Natura?
468 3963 531 4026 bac
557 3965 627 4027 sane
653 3967 790 4029 nationes
811 3984 872 4029 non
893 3981 989 4043 creat,
1010 3966 1060 4029 sed
1079 3967 1250 4044 individua,
1274 3987 1343 4045 quae
1364 3970 1426 4046 qui-

240 4072 306 4134 dem
324 4074 355 4135 in
375 4074 512 4138 nationea
532 4094 593 4139 non
613 4078 831 4157 distinguuntur
850 4076 902 4139 nist
923 4096 960 4139 ex
982 4077 1149 4143 diversitate
1169 4076 1297 4157 linguae,
1318 4080 1425 4160 legum,

242 4232 518 4249 Ἣ

274 4318 288 4349 ⁴
321 4316 369 4367 lid.
385 4319 443 4368 Pur
467 4322 558 4370 audet.
