2934 4900
323 338 815 420 Theologico·Politici
851 342 1027 419 CapXVl.
1209 346 1267 419 561

83 514 189 595 fuerit,
216 516 387 595 hostemque
416 516 646 596 expugnaverit,
673 517 780 594 capitis
801 534 898 580 tamen
916 519 983 595 jure
1004 520 1267 595 damnatur,'quia

79 630 276 707 juramentum
305 630 411 707 jusque
442 629 626 707 imperatoris
657 630 793 694 violavit.
834 633 877 692 At
910 633 993 708 quod
1014 648 1115 691 omnes
1137 628 1271 692 absolute

84 743 166 805 cives
185 743 243 804 hoc
261 742 327 820 jure
348 742 461 819 semper
481 756 654 818 teneantur,
674 760 735 804 non
758 762 840 820 aeque
863 745 938 805 clare
951 741 1272 819 omnesvident3rati0

26 912 29 919 .
83 870 180 916 tamen
219 857 318 916 eadem
358 853 477 931 prorsus
514 854 563 916 est.
605 856 698 930 Nam,
729 855 969 933 quandoquidem
1000 855 1178 933 Respublica
1211 855 1274 917 solo

83 965 200 1028 summae
227 965 382 1042 potestatis
409 965 531 1028 consalin
560 968 650 1028 debet
671 966 838 1029 conservari
859 983 891 1029 et
912 968 1016 1047 dirigi,
1036 968 1155 1046 hocque
1172 966 1223 1044 jus
1245 966 1273 1027 ei

84 1080 138 1141 soli
159 1096 327 1157 competere
348 1079 481 1144 absolute
504 1080 580 1156 padi
602 1080 685 1156 sunt;
708 1079 727 1140 sa
750 1080 817 1157 quis
839 1099 909 1161 ergo
932 1082 995 1143 solo
1017 1081 1070 1143 suo
1092 1080 1274 1157 arbitrio,et

84 1191 176 1253 inscio
208 1191 342 1268 supremo
375 1190 513 1267 consilio,
541 1191 692 1271 negotium
724 1192 846 1269 aliquod
878 1192 1027 1269 publicum
1059 1190 1204 1271 aggressus
1233 1192 1274 1253 eil

84 1304 210 1381 exequi,
237 1303 372 1382 quamvis
408 1303 476 1365 inde
506 1304 714 1365 incrementum
755 1304 903 1381 civitatis,
935 1304 980 1365 uti
1012 1304 1157 1379 diximus,
1190 1319 1272 1364 certo

84 1417 270 1494 sequeretur,
287 1416 338 1493 jus
357 1432 453 1477 tamen
475 1415 590 1478 summae
612 1414 767 1491 potestatis
788 1416 931 1491 violavit,
953 1431 983 1476 et
1005 1414 1181 1492 majestatem
1192 1414 1275 1491 laesit,

84 1543 174 1606 atque
192 1528 258 1605 jure
279 1528 384 1590 merito
405 1531 568 1590 damnatur.

126 1640 260 1717 Superest
286 1640 364 1718 jam,
395 1656 429 1703 ut
461 1658 575 1701 omnem
607 1638 772 1714 scrupulum
801 1656 1005 1717 amoveamus,
1026 1638 1216 1717 respondere,
1237 1660 1273 1703 an

83 1752 132 1828 id,
154 1754 235 1827 quod
255 1750 341 1827 supra
363 1750 585 1827 affirmavimus,
607 1752 688 1827 quod
710 1750 822 1811 scilicet
843 1749 1122 1828 unusquisque,qui
1133 1752 1273 1813 Rationis

84 1862 168 1923 usum
199 1880 259 1924 non
287 1860 392 1939 habet,
413 1860 443 1921 in
464 1860 540 1922 statu
571 1860 694 1923 naturali
716 1880 754 1921 ex
774 1860 888 1939 legibus
908 1862 1060 1937 appetitus
1079 1861 1190 1924 summo
1208 1863 1273 1940 jure

82 1974 206 2035 Naturae
227 1972 321 2050 vivit,
341 1990 401 2033 non
422 1988 521 2049 aperte
543 1974 605 2053 Juri
625 1972 739 2036 Divino
759 1974 892 2035 revelato
915 1975 1087 2053 repugnet?
1109 1977 1184 2037 Nam
1207 1994 1272 2038 cum

84 2105 187 2147 omnes
207 2086 340 2147 absolute
362 2085 436 2164 (five
457 2084 597 2147 Rationis
618 2085 699 2148 usum
719 2086 847 2147 habeant
867 2085 928 2149 save
948 2086 1059 2167 minus)
1086 2107 1169 2165 aeque
1190 2104 1273 2149 tene·

83 2214 202 2277 rentur,
222 2217 260 2259 ex
280 2201 418 2261 mandato
437 2198 559 2275 divin0,
580 2198 745 2274 proximum
767 2214 906 2276 tanquam
927 2199 956 2260 se
977 2200 1069 2277 ipsum
1091 2218 1272 2278 amare,non

84 2330 156 2391 ergo
187 2311 245 2373 stne
275 2312 381 2389 injuria
412 2310 493 2373 alteri
525 2313 659 2373 damnum
691 2310 797 2372 inferre
829 2310 997 2389 possumus,
1018 2329 1048 2374 et
1069 2313 1138 2430 sobe
1158 2314 1273 2394 legibus

84 2424 237 2502 appetitus
265 2424 376 2490 vivere.
408 2426 517 2487 Verum
539 2423 608 2486 huic
630 2422 809 2502 objectioni,
830 2423 850 2485 sr
872 2441 985 2489 tantum
1007 2429 1044 2490 ad
1065 2427 1169 2491 statum
1186 2444 1272 2491 natu-

81 2539 171 2599 ralem
203 2538 397 2614 attendimus,
430 2537 514 2598 facile
545 2537 719 2613 respondere
741 2537 908 2616 possumus;
930 2559 996 2601 nam
1017 2541 1042 2602 is
1063 2557 1094 2602 et
1115 2557 1219 2604 natura
1241 2557 1272 2603 et

82 2667 217 2726 ternpore
248 2649 327 2725 prior
354 2650 395 2711 est
415 2648 582 2729 Religione.
623 2651 721 2711 Nemo
744 2650 819 2711 enim
841 2651 856 2685 *
878 2669 915 2712 ex
935 2654 1050 2714 Natura
1070 2652 1141 2730 scit,
1161 2653 1190 2714 se
1211 2654 1271 2714 ulla

82 2779 151 2841 erga
172 2764 267 2824 Deum
288 2761 382 2824 teneri
404 2760 593 2838 obedientia,
613 2761 672 2822 imo
700 2780 756 2822 nec
777 2763 835 2824 ulla
854 2762 970 2824 tatione
990 2762 1048 2824 hoc
1069 2762 1196 2841 assequi,
1223 2763 1272 2824 sed

82 2888 198 2935 tantum
227 2893 264 2934 ex
293 2874 488 2938 Revelatione
516 2872 604 2952 sagnis
625 2874 796 2935 confirmata
817 2873 1016 2951 unusquisque
1037 2874 1068 2935 id
1089 2874 1194 2936 habere
1216 2894 1271 2952 po·

81 2985 149 3046 tell.
178 2986 275 3067 Quare
309 3001 375 3048 ante
407 2985 618 3048 revelationem
650 3003 738 3046 nemo
755 2985 823 3062 jure
844 2985 965 3062 divino,
988 2987 1070 3063 quod
1091 3005 1152 3048 non
1174 2987 1272 3064 potest

82 3113 144 3157 non
173 3095 322 3176 ignorare,
351 3113 477 3159 tenetur.
519 3097 559 3158 Et
580 3098 648 3159 ideo
670 3096 761 3158 status
781 3097 920 3159 naturalis
941 3116 1006 3159 cum
1027 3099 1103 3159 statu
1122 3098 1272 3178 religionis

80 3209 200 3271 minime
221 3211 465 3287 confundendus,
488 3209 538 3272 sed
560 3211 667 3288 absque
690 3209 830 3290 religione
853 3225 884 3271 et
905 3212 985 3290 lege,
1007 3225 1038 3272 et
1059 3211 1273 3289 consequenter

81 3323 193 3401 absque
224 3339 349 3402 peccato
382 3341 412 3386 et
444 3323 566 3402 injuria,
598 3323 827 3400 concipiendus;
849 3339 882 3384 ut
899 3323 959 3400 jam
973 3323 1120 3402 fecimus,
1139 3341 1170 3386 et
1189 3325 1271 3387 Pauli

81 3435 265 3497 authoritate
296 3436 539 3500 confirmavimus.
580 3439 645 3497 Nec
677 3451 792 3497 tantum
822 3435 936 3497 ratione
967 3435 1140 3516 ignorantia
1167 3437 1271 3498 statum

80 3549 243 3608 naturalem
266 3562 333 3610 ante
352 3548 401 3626 jus
424 3548 555 3612 divinum
577 3550 739 3611 revelatum
761 3564 792 3609 et
812 3548 922 3626 absque
945 3550 1049 3610 eodem
1070 3547 1271 3624 concipimus,

81 3659 132 3720 sed
154 3658 241 3720 etiam
262 3659 377 3721 ratione
397 3661 558 3736 libertatis,
580 3679 637 3737 qua
658 3678 760 3721 omnes
789 3659 956 3722 nascuntur.
987 3659 1018 3721 si
1039 3659 1116 3720 enim
1136 3658 1270 3720 homines

80 3789 121 3832 ex
143 3775 256 3834 Natura
274 3772 340 3848 jure
362 3773 466 3836 divino
487 3789 673 3849 tenerentur,
695 3775 743 3836 vel
764 3772 784 3833 fi
802 3771 853 3850 jus
879 3773 1012 3836 divinum
1032 3791 1071 3834 ex
1090 3773 1204 3834 Natura
1220 3771 1271 3848 jus

80 3883 174 3962 esset,
205 3883 380 3961 superfluum
413 3901 491 3956 erat,
523 3902 558 3947 ut
589 3887 671 3946 Deus
692 3903 758 3946 cum
779 3884 947 3947 hominibus
968 3887 1148 3946 contraitum
1168 3883 1271 3960 iniret,

80 4012 114 4056 et
135 3997 222 4072 patio
245 4012 275 4057 et
299 3995 466 4074 juramento
489 3998 605 4061 eosdem
638 3998 790 4076 obligaret.
831 3997 930 4079 Quare
951 3995 1083 4057 absolute
1104 3997 1272 4057 conceden-

79 4111 171 4185 dum,
187 4107 237 4184 jus
258 4107 391 4172 divinum
412 4112 448 4170 ab
471 4128 507 4171 eo
530 4126 661 4188 tempore
684 4108 842 4188 incepisse,
863 4127 880 4169 a
901 4125 963 4185 quo
983 4106 1117 4169 homines
1138 4105 1270 4184 expresso

117 4365 131 4394 ⁴
166 4358 208 4411 cs.
225 4362 322 4412 Annot.
340 4361 458 4412 XXXIV.
