2934 4900
313 325 814 414 Theorogico·aorltici
845 327 1009 410 Capilli.
1188 327 1246 414 463

57 529 146 588 mus,
166 529 202 572 ne
223 509 379 574 ratiocinio
401 511 684 588 nost10,quatenus
716 509 870 588 principiis
900 510 1038 574 naturalis
1068 509 1251 590 cognitionis

57 624 220 684 fundatum
252 623 292 684 eii
324 623 373 702 (ut
400 623 460 700 jam
491 638 603 684 taceam
635 621 818 700 praejudicia)
850 639 1105 699 praeoccupemm3
1124 621 1174 684 sed
1181 667 1192 698 ,
1212 641 1249 684 ne

59 752 166 796 verum
194 733 306 796 sensum
327 753 393 796 cum
414 753 507 796 rerunt
529 735 654 798 veritate
683 735 915 809 confundamus,
934 734 982 796 ille
1003 753 1040 796 ex
1061 735 1124 796 solo
1143 734 1251 814 linguae

59 845 120 908 usu
148 845 203 908 erit
231 846 465 924 investigandus,
491 849 538 910 vel
560 865 596 907 ex
617 845 793 922 ratiocinio,
813 849 895 924 quod
915 847 1025 908 nullum
1046 846 1126 908 aliud
1147 848 1252 908 funda·

60 973 196 1020 mentum
217 959 348 1038 agnoscit
370 979 456 1036 quam
477 960 664 1035 scripturam.
686 961 760 1042 Quae
782 958 897 1036 omnia,
916 974 950 1021 ut
972 959 1252 1037 clariusiateliigan·

62 1087 132 1148 tur,
160 1075 294 1148 exemplo
322 1073 481 1136 illustrabo
521 1075 575 1134 Hae
605 1071 697 1133 Mosrs
725 1071 896 1145 sententiae,
917 1075 1000 1148 quod
1019 1073 1100 1134 Deus
1115 1071 1156 1150 fit
1175 1075 1254 1147 ignis

63 1200 98 1246 et
120 1189 202 1262 quod
223 1187 302 1247 Deus
318 1185 358 1264 fir
378 1188 538 1266 zelotypus,
559 1204 646 1262 quam
668 1183 820 1245 clariffimae
841 1182 908 1244 sunt
918 1228 928 1259 ,
949 1182 1089 1260 quamdiu
1108 1186 1145 1244 ad
1165 1183 1254 1245 solam

63 1298 224 1359 verborum
252 1297 491 1376 fignificationem
519 1297 714 1372 attendimus;
740 1296 869 1372 ideoque
890 1315 939 1356 eas
959 1294 1046 1356 etiam
1068 1295 1144 1356 inter
1163 1297 1254 1356 claras

63 1426 196 1484 repono,
218 1409 330 1469 tametsi
350 1409 481 1486 respeiiu
502 1408 636 1472 veritatis
654 1425 684 1470 et
703 1408 842 1470 Rationis
860 1406 1058 1468 obscuriffimae
1079 1406 1160 1483 sunt;
1180 1405 1256 1482 imo,

64 1521 203 1596 quamvis
231 1538 327 1582 earum
354 1520 475 1582 literalis
503 1520 601 1582 sensus
621 1519 740 1583 Lumini
760 1519 894 1582 Naturali
914 1535 1075 1598 repugnet,
1095 1517 1147 1580 nifi
1168 1519 1256 1581 etiam

64 1631 221 1709 principiis
242 1649 273 1694 et
294 1633 493 1694 fundamentis
512 1653 550 1693 ex
571 1632 699 1693 Historia
720 1632 877 1707 Scripturae
899 1630 1002 1707 petitis
1024 1633 1099 1692 clare
1120 1649 1256 1708 oppona-

64 1761 135 1818 tur,
162 1743 186 1804 is
214 1743 329 1812 sensus,
356 1764 460 1821 nempe
481 1745 617 1820 literalis,
639 1744 695 1805 erit
716 1759 812 1804 tamen
835 1742 1021 1816 retinendus;
1043 1758 1074 1804 et
1093 1741 1254 1817 contra,ss

65 1856 114 1916 hae
137 1855 288 1918 sententie
310 1875 347 1918 ex
368 1856 472 1918 literali
494 1875 591 1918 earum
612 1857 855 1933 interpretatione
876 1855 1028 1933 principiis
1049 1855 1257 1932 exscriptum

66 1966 174 2044 petitis
196 1968 390 2043 reperirentur
411 1987 588 2048 repugnare,
616 1986 782 2046 quanquam
803 1986 869 2028 cum
890 1966 1020 2028 Ratione
1040 1966 1163 2027 maxime
1184 1984 1256 2028 con·

67 2078 222 2156 venirent,
243 2079 327 2140 aliter
347 2094 444 2142 tamen
467 2079 679 2159 (metaphorice
702 2079 826 2159 scilicet)
849 2078 939 2140 essent
960 2078 1258 2155 interpretaremur

67 2192 172 2268 itaque
204 2190 346 2269 sciamus,
378 2212 414 2255 an
445 2193 547 2254 Moses
577 2191 750 2266 crediderit,
770 2193 866 2254 Deum
887 2189 942 2252 eise
964 2190 1077 2270 ignem,
1098 2209 1135 2252 an
1155 2189 1259 2266 secus,

69 2305 154 2365 nullo
186 2309 275 2367 modo
306 2305 336 2367 id
368 2307 603 2368 concludendum
634 2305 674 2365 est
705 2324 743 2366 ex
774 2322 830 2379 eo,
860 2306 943 2381 quod
971 2303 1035 2364 haec
1066 2302 1170 2379 opinio
1191 2321 1257 2365 cum

70 2416 203 2481 Ratione
224 2417 383 2481 conveniat
390 2464 399 2495 ,
421 2433 472 2481 aut
492 2420 574 2496 quod
597 2417 623 2479 ei
642 2432 802 2497 repugnet,
821 2416 870 2479 sed
890 2431 1004 2479 tantum
1026 2435 1063 2477 ex
1084 2415 1148 2478 aliis
1168 2413 1258 2493 ipsius

70 2531 168 2593 Mosts
199 2532 361 2594 sententiis.
402 2532 572 2608 Videlicet,
593 2531 731 2609 quoniam
753 2531 856 2592 Moses
885 2530 1016 2605 plurimis
1037 2530 1068 2591 in
1087 2530 1162 2591 locis
1183 2531 1258 2591 clare

71 2641 162 2703 etium
183 2644 289 2719 docet,
309 2643 405 2705 Deum
426 2644 532 2705 nullam
552 2642 657 2705 habere
678 2640 893 2704 srmilitudinem
904 2659 970 2703 cum
981 2644 1067 2701 rebus
1079 2639 1258 2715 visibilibus,

72 2772 140 2831 quae
162 2753 190 2815 in
212 2753 311 2831 coeiis,
331 2754 361 2815 in
382 2770 476 2831 terra,
497 2754 596 2818 autin
619 2774 694 2831 aqua
716 2754 803 2828 sunt,
823 2752 891 2815 hinc
912 2753 1162 2828 concludendum,
1182 2753 1258 2813 hanc

72 2864 264 2932 sententiam.
284 2882 336 2928 aut
356 2866 419 2929 illas
440 2885 558 2943 omnes,
588 2865 787 2942 metaphorice
809 2864 865 2926 eise
886 2864 1084 2941 explicandas.
1105 2867 1168 2941 At,
1189 2863 1258 2941 quia

73 2976 216 3039 aliteraii
248 2977 347 3055 sensu,
377 2997 464 3055 quam
496 2977 611 3039 minime
642 2977 703 3039 fieri
735 2976 849 3053 potest,
881 2976 921 3036 est
951 2978 1161 3051 recedendum,
1188 2975 1257 3037 ideo

73 3090 156 3167 prius
185 3092 391 3169 quarendum,
419 3108 488 3152 num
516 3090 577 3153 haec
606 3089 692 3151 unica
719 3088 880 3165 sententia,
900 3090 980 3149 Deus
1000 3088 1039 3167 est
1057 3092 1152 3164 ignis,
1172 3088 1260 3149 alium

74 3216 181 3279 praeter
201 3201 340 3264 literalem
362 3202 473 3265 sensum
494 3202 648 3278 admittat,
666 3203 723 3263 hoc
742 3202 783 3263 est
801 3220 837 3263 an
856 3220 963 3263 nomen
980 3206 1058 3278 ignis
1076 3202 1156 3265 aliud
1173 3222 1259 3279 quarn

74 3316 236 3377 naturalem
268 3314 363 3395 ignem
394 3314 544 3395 fignificet.
585 3317 675 3398 Quod
704 3314 724 3375 fi
752 3332 813 3377 non
841 3315 1001 3390 reperiatur
1022 3334 1060 3375 ex
1081 3316 1134 3377 usu
1153 3316 1259 3395 linguae

75 3426 156 3489 aliud
183 3424 358 3505 significare,
378 3427 458 3488 nullo
481 3426 567 3487 etiam
590 3426 647 3488 aiio
669 3429 759 3488 modo
780 3426 999 3503 interpretanda
1021 3426 1090 3488 eilet
1110 3428 1173 3490 haec
1195 3428 1259 3489 sen·

76 3535 188 3611 tentia,
220 3537 409 3612 quantumvis
439 3536 563 3598 Rationi
593 3556 774 3616 repugnans3
803 3538 853 3599 sed
880 3554 982 3599 contra
1002 3538 1122 3614 reliquae
1144 3557 1262 3615 omnes,

76 3649 211 3725 quamvis
243 3648 366 3711 Rationi
398 3649 617 3725 consentanea,
650 3650 719 3711 huic
750 3664 847 3711 tamen
879 3649 970 3711 essent
997 3654 1262 3713 accommodanda.

77 3763 169 3842 Quod
189 3760 209 3823 fi
231 3781 284 3823 nec
305 3762 363 3823 hoc
385 3762 473 3823 etiam
494 3781 530 3824 ex
552 3762 606 3823 usu
627 3762 732 3841 linguae
752 3760 845 3839 posset
863 3761 942 3838 lieri,
958 3777 1021 3823 tum
1042 3762 1088 3824 hae
1109 3762 1262 3825 sententie

78 3872 334 3935 irreconciliabiles
355 3872 459 3951 essent,
479 3893 512 3935 ac
535 3874 658 3950 proinde
680 3877 716 3936 de
735 3873 771 3935 iis
785 3872 929 3950 judicium
946 3873 1002 3935 erit
1020 3873 1262 3950 suspendendum.

79 3985 137 4045 Sed
159 3984 227 4061 quia
248 4003 355 4046 nomen
375 3987 454 4060 ignis
474 4002 528 4061 pro
550 3984 591 4045 ira
613 4000 642 4046 et
663 3984 816 4064 zelotypia
837 3984 923 4047 etiam
945 3983 1066 4048 sumitur
1087 3986 1172 4065 (vide
1191 3986 1262 4067 Jobi

79 4115 143 4174 cap.
166 4112 214 4173 31.
237 4096 308 4159 vers.
334 4096 498 4175 12.),hinc
521 4096 604 4158 facile
626 4097 718 4160 Mosts
739 4096 891 4159 sententie
912 4097 1152 4176 reconciliantur,
1173 4115 1263 4175 atque

79 4205 207 4285 legitime
236 4206 456 4284 concludimus,
484 4211 557 4271 duas
585 4209 637 4271 has
665 4209 841 4284 sententias,
867 4211 948 4272 Deus
968 4210 1006 4289 est
1021 4214 1114 4286 ignis,
1135 4226 1166 4273 et
1185 4212 1265 4273 Deus

79 4318 117 4398 esi
137 4320 296 4399 zelotypus,
317 4340 402 4383 atatam
425 4324 604 4399 eandemque
621 4320 676 4383 ene
696 4320 878 4385 sententiam.
899 4322 1153 4400 Porro,quoniam
1163 4321 1265 4383 Moses
