2934 4900
207 318 266 393 362
564 317 799 376 Tractatus
841 314 1027 375 Politici

209 512 245 553 ex
268 492 495 570 uniuscujusque
518 495 637 554 fortuna
658 492 840 555 aestimandus
863 492 903 553 est
910 538 920 567 ,
939 490 980 554 ita
1002 508 1036 554 ut
1056 495 1119 573 lege
1139 495 1217 555 mutila
1239 494 1412 556 universali

207 608 391 672 determinari
413 624 513 685 queat.

249 720 276 801 §.
297 720 350 780 v1.
391 719 547 781 Concludo
578 719 697 795 itaque,
728 719 893 781 communia
925 719 973 779 illa
1005 719 1085 795 pacis
1117 719 1208 796 vitia,
1228 722 1265 782 de
1287 722 1411 797 quibus

207 834 257 895 hic
276 832 440 911 loquimur,
466 852 615 909 nunquam
643 831 768 907 directe,
797 833 847 893 sed
868 832 1006 894 indirecte
1028 832 1211 909 prohibenda
1233 831 1305 909 esse,
1326 835 1411 893 talia

210 946 319 1009 scilicet
346 944 459 1021 imperii
486 946 675 1007 fundamenta
700 944 857 1021 jaciendo,
885 945 994 1021 quibus
1023 946 1089 1020 fiat,
1111 959 1145 1005 ut
1167 945 1313 1022 plerique,
1333 965 1411 1007 non

210 1059 327 1137 quidem
355 1056 499 1135 sapienter
527 1056 628 1120 vivere
657 1057 791 1118 studeant
821 1057 901 1136 (nam
929 1057 986 1117 hoc
1007 1054 1177 1133 impossibile
1197 1056 1269 1135 esi),
1289 1054 1340 1117 sed
1365 1074 1410 1119 ut

209 1173 245 1234 iis
273 1175 417 1234 ducantur
444 1170 612 1246 affesiibus,
639 1190 676 1231 ex
706 1170 814 1247 quibus
848 1169 937 1246 Reip.
966 1168 1058 1245 major
1077 1169 1112 1230 stt
1132 1168 1253 1229 utilitas.
1293 1171 1409 1246 Atque
1452 1190 1453 1233 ι

209 1288 284 1348 adeo
315 1284 384 1346 huic
414 1284 456 1345 rei
486 1282 609 1343 maxime
641 1282 830 1358 studendum,
859 1298 892 1342 ut
921 1281 1048 1357 divites,
1079 1281 1180 1341 sinon
1202 1281 1296 1357 parci,
1317 1284 1408 1343 avari
1452 1282 1453 1289 ’

209 1414 305 1459 tamen
332 1396 397 1459 sint.
437 1398 513 1457 Num
541 1414 601 1456 non
631 1394 753 1457 dubium
782 1396 838 1470 est,
867 1394 957 1472 quin,
986 1392 1006 1454 st
1033 1394 1081 1455 hic
1109 1392 1239 1458 avaritiae
1261 1393 1411 1470 affectus,

209 1510 261 1585 qui
288 1507 458 1571 universalis
485 1508 525 1567 est
554 1522 585 1567 et
612 1507 765 1582 constans,
794 1507 894 1586 gloriae
923 1506 1060 1583 cupidine
1091 1508 1244 1583 foveatur,
1265 1507 1408 1583 plerique

208 1621 249 1682 rei
278 1622 335 1683 suae
363 1620 422 1681 fine
447 1619 607 1699 ignominia
634 1623 775 1699 augendae
797 1620 936 1682 summum
957 1634 1070 1695 ponant
1093 1618 1234 1694 studium,
1257 1637 1318 1696 quo
1338 1618 1403 1680 ho-

208 1752 295 1796 nores
315 1732 527 1809 adipiscantur,
548 1747 578 1793 et
598 1731 738 1793 summum
759 1734 887 1794 dedecus
911 1731 1015 1794 vitent.

250 1845 277 1925 §.
298 1844 393 1905 vlu*
432 1843 464 1905 si
485 1844 585 1921 itaque
607 1847 643 1907 ad
662 1846 854 1906 'fundamenta
877 1843 1028 1920 utriusque
1049 1843 1161 1919 imperii
1183 1843 1408 1919 Aristocratici‚

210 1976 276 2034 quae
294 1960 418 2034 praeced.
437 1959 555 2018 duobus
577 1956 671 2033 Capp.
690 1957 833 2033 explicui,
853 1959 1052 2031 attendamus,
1069 1955 1127 2016 hoc
1145 1955 1237 2031 ipsum
1248 1974 1286 2015 ex
1296 1955 1405 2017 iisdem

210 2068 292 2146 sequi
313 2068 489 2130 videbimus.
530 2071 677 2130 Numerus
698 2068 775 2129 enim
796 2067 958 2147 regentium
981 2067 1010 2127 in
1033 2082 1160 2145 utroque
1182 2070 1256 2129 adeo
1277 2086 1406 2147 magnus

210 2181 267 2255 est,
295 2194 328 2241 ut
356 2179 482 2243 divitum
503 2180 635 2241 maximae
657 2180 733 2257 parti
763 2181 861 2241 aditus
883 2183 918 2242 ad
939 2179 1065 2259 regimen
1095 2195 1212 2257 pateat,
1235 2196 1264 2241 et
1286 2182 1324 2242 ad
1345 2182 1404 2241 im-

211 2292 283 2368 perii
304 2292 433 2353 honores
454 2291 669 2367 adipiscendos.
709 2292 802 2373 Quod
824 2292 843 2352 sr
865 2306 1004 2369 praeterea
1032 2291 1090 2371 (uti
1113 2292 1240 2352 diximus
1262 2292 1328 2352 Art.
1349 2309 1403 2371 47.

210 2403 283 2480 Cap.
296 2404 338 2483 8.)
360 2403 519 2480 statuatur,
541 2418 574 2464 ut
595 2403 729 2481 Patricii,
752 2404 802 2481 qui
824 2405 891 2483 plus
914 2405 1023 2466 debent
1044 2422 1131 2482 quam
1152 2404 1219 2465 sunt
1237 2403 1403 2480 solvendo,

211 2517 312 2577 ordine
333 2515 461 2578 Patricio
482 2518 693 2592 deturbentur,
714 2532 744 2577 et
766 2515 817 2593 qui
840 2519 918 2576 bona
936 2516 986 2578 sua
1005 2515 1170 2577 infortunio
1187 2515 1401 2592 perdiderunt,

210 2643 246 2689 ut
273 2627 303 2688 in
331 2629 475 2706 integrum
496 2627 698 2704 restituantur,
719 2647 779 2689 non
803 2628 924 2690 dubium
946 2628 1000 2704 esi,
1022 2627 1093 2704 quin
1115 2645 1233 2702 omnes,
1254 2644 1401 2705 quantum

211 2753 366 2815 poterunt,
387 2741 574 2800 conabuntur
601 2741 680 2801 bona
702 2740 751 2801 sua
773 2740 953 2803 conservare.
994 2739 1163 2818 Peregrinos
1184 2754 1325 2815 praeterea
1346 2740 1401 2800 ha-

210 2850 291 2912 bitus
311 2870 459 2928 nunquam
481 2852 707 2928 concupiscent,
730 2871 783 2913 nec
805 2852 918 2929 patrios
940 2852 1101 2926 fastidient,
1119 2851 1140 2910 fi
1156 2853 1219 2930 lege
1236 2851 1402 2912 constitua-

211 2979 272 3038 tur,
289 2978 323 3024 ut
342 2963 473 3038 Patricii,
491 2979 522 3025 et
540 2964 592 3040 qui
608 2963 739 3025 honores
757 2965 906 3039 ambiunt,
926 2964 1059 3044 singulari
1077 2963 1155 3026 veste
1173 2963 1401 3042 dignoscantur:

211 3076 248 3135 de
276 3093 336 3151 quo
364 3075 432 3137 vide
456 3077 522 3136 Art.
543 3087 593 3150 ²5·
615 3090 645 3137 et
666 3091 715 3155 47.
739 3076 811 3152 Cap.
835 3077 862 3136 8.
902 3077 943 3138 Et
971 3091 1076 3152 praeter
1102 3076 1165 3136 haec
1193 3075 1247 3136 alia
1269 3075 1299 3136 in
1321 3096 1401 3153 quo-

211 3205 328 3263 cunque
355 3187 477 3263 irnperio
506 3205 571 3248 cum
600 3204 704 3249 natura
731 3189 790 3250 ioci
813 3205 842 3250 et
864 3189 960 3268 gentis
981 3188 1100 3268 ingenio
1128 3187 1324 3249 consentanea
1346 3208 1399 3250 ex-

211 3298 336 3377 cogitari
356 3297 489 3374 possunt,
510 3315 541 3360 et
561 3299 591 3360 in
621 3319 658 3360 eo
686 3301 816 3377 apprime
843 3301 973 3380 vigilari,
995 3317 1028 3362 ut
1051 3301 1159 3363 subditi
1181 3301 1270 3380 magis
1292 3301 1400 3377 sponte

211 3430 297 3487 quam
320 3412 383 3490 lege
404 3411 498 3473 coasii
519 3410 601 3473 suum
623 3412 753 3473 officium
775 3413 893 3475 faciant.
983 3431 996 3454 ·

251 3521 278 3601 §.
300 3522 382 3582 Vlll.
422 3524 497 3582 Nam
528 3523 698 3599 imperium,
730 3527 813 3601 quod
844 3524 916 3586 nihii
948 3524 1026 3586 aliud
1058 3524 1215 3601 prospicit,
1247 3543 1333 3602 quarn
1367 3542 1400 3587 ut

211 3633 345 3695 homines
371 3649 452 3696 metu
479 3637 639 3709 ducantur,
669 3635 759 3715 magis
790 3636 847 3698 sane
875 3636 959 3700 vitiis
987 3637 1061 3712 erit,
1083 3656 1167 3714 quam
1190 3656 1255 3698 cum
1276 3637 1401 3700 virtute.

210 3748 268 3807 Sed
295 3745 428 3808 homines
449 3745 490 3807 ita
512 3747 639 3809 ducendi
669 3747 752 3823 sunt,
776 3763 808 3809 ut
830 3766 890 3809 non
913 3747 999 3823 duci,
1021 3748 1069 3810 sed
1091 3766 1128 3808 ex
1150 3747 1203 3810 suo
1225 3748 1345 3827 ingenio
1367 3765 1398 3808 et

210 3857 303 3920 libero
332 3857 385 3918 suo
413 3860 533 3919 decreto
563 3857 663 3920 vivere
693 3856 744 3919 srbi
767 3859 941 3936 videantur;
963 3873 1052 3936 atque
1075 3863 1149 3920 adeo
1171 3875 1204 3920 ut
1226 3860 1289 3920 solo
1311 3859 1397 3921 liber-

216 4005 492 4023 ‘nn-—

245 4075 258 4103 ⁸
294 4071 363 4124 Veri.
380 4073 450 4141 Beig.
466 4101 500 4110 -
517 4075 547 4123 In
571 4073 619 4123 Ed.
642 4075 682 4124 Pr.
699 4072 818 4126 sectionis
842 4071 952 4139 septima
975 4073 1108 4125 exordium
1134 4088 1186 4124 non
1210 4085 1324 4138 apparet.
1356 4074 1396 4124 Sic

211 4155 286 4206 ctiam
304 4155 370 4218 apud
387 4155 502 4206 Paulum.
518 4184 553 4192 —
570 4153 693 4218 Gsrdrer,
716 4159 866 4219 Atretbacir,
889 4171 921 4208 ex
940 4155 1030 4208 octava
1048 4155 1176 4220 septimam
1194 4157 1306 4218 faciunt,
1322 4171 1348 4208 et
1364 4159 1395 4208 stc

211 4250 299 4300 porro.
331 4237 445 4298 Bruder,
470 4253 546 4300 quem
572 4236 703 4290 imitantur
729 4237 818 4290 Saiffet
843 4251 870 4290 ct
895 4238 1066 4299 Kirchnmnn,
1093 4237 1221 4303 septimam
1248 4237 1291 4290 suo
1317 4241 1395 4290 Marte

211 4319 314 4372 inchoat
330 4333 345 4370 a
362 4319 449 4371 verbis
465 4333 527 4371 mox
544 4319 708 4384 sequentibus
728 4321 801 4389 Quod
813 4321 841 4387 fi
855 4331 983 4388 praterea
1001 4330 1050 4372 erc.
