2934 4900
465 372 520 432 De
562 368 833 431 Affectibus.
1187 364 1243 441 185

496 562 807 605 exantcarro

99 657 167 720 Sive
198 658 262 717 baec
293 657 420 720 coeundi
451 656 608 734 Cupiditas
639 659 790 718 moderata
817 655 870 729 stt,
897 655 956 717 five
984 673 1044 716 non
1065 654 1115 729 srt,
1136 652 1246 717 Libido

64 767 198 844 appellari
229 768 313 829 solet.
354 768 446 830 Porro
476 768 508 828 hi
539 767 671 846 quinque
702 767 824 831 affeclus
856 767 903 847 (ut
922 772 954 827 in
973 766 1064 828 Schol.
1084 767 1174 848 Prop.
1197 768 1246 841 56.

65 880 276 961 injustarum)
297 882 461 942 contrarios
481 899 543 942 non
564 881 683 942 habent.
715 882 792 942 Nam
813 880 959 943 Modestia
981 880 1092 956 species
1114 878 1154 941 est
1175 880 1245 939 Am-

65 990 200 1068 bitionis,
221 993 258 1053 de
280 1009 339 1068 qua
359 989 430 1051 vide
449 991 548 1050 Schol.
570 991 658 1066 Prop.
679 1007 727 1067 29.
747 989 851 1066 hujus3
870 988 1107 1065 'temperantiam
1125 987 1247 1064 deinde,

65 1104 273 1178 Sobrietatem,
294 1116 324 1163 et
345 1100 517 1163 castitatem
544 1100 657 1161 Mentis
685 1102 868 1178 potentiam,
890 1120 950 1162 non
973 1116 1069 1164 autem
1090 1102 1245 1178 paldonem

65 1214 203 1289 indicare,
222 1232 282 1290 Jam
302 1212 390 1275 etiam
411 1213 522 1275 monui.
542 1213 582 1273 Et
604 1213 717 1274 tametsi
738 1214 801 1275 fieri
821 1214 933 1291 potest.
953 1230 987 1275 ut
1007 1213 1097 1275 homo
1120 1230 1246 1289 avarus,

65 1325 248 1403 ambitiosus,
279 1328 327 1389 vel
358 1326 478 1388 timidus
503 1345 520 1386 a
545 1326 637 1387 nimio
668 1325 755 1402 cibo,
787 1342 880 1403 potu,
912 1342 942 1387 et
974 1325 1057 1388 coitu
1089 1326 1247 1401 abstineat;

64 1438 192 1501 Avaritia
212 1455 327 1514 nmen,
346 1438 496 1516 Ambitio,
517 1454 548 1500 et
568 1438 673 1499 Timor
694 1438 832 1515 luxuriae,
855 1438 1004 1515 ebrietati,
1027 1440 1075 1502 vel
1094 1438 1209 1501 libidini
1230 1438 1246 1473 *

64 1569 119 1611 non
137 1549 206 1613 sunt
228 1552 377 1613 contrarii.
418 1553 494 1612 Nam
522 1568 628 1614 avarus
649 1552 679 1614 in
701 1551 799 1614 cibum
823 1567 852 1614 et
874 1567 979 1629 potum
1001 1550 1125 1614 alienum
1147 1550 1245 1631 ingur-

64 1664 150 1743 gitare
180 1668 356 1743 plerumque
385 1664 536 1728 desiderat.
578 1665 763 1729 Ambitiosus
794 1682 907 1742 autern,
938 1668 1028 1729 modo
1056 1664 1151 1742 speret
1181 1666 1245 1725 fore

64 1779 149 1852 clam,
175 1779 208 1839 in
236 1779 315 1839 nulla
341 1796 371 1839 re
398 1779 449 1839 lrbi
471 1779 662 1857 temperabit,
683 1796 714 1839 et
735 1778 756 1839 st
777 1780 854 1841 inter
874 1780 972 1841 ebrios
993 1780 1078 1843 vivat
1099 1794 1128 1840 et
1149 1778 1247 1841 libidi-

65 1892 166 1967 nosos,
193 1892 264 1955 ideo
292 1890 361 1969 quia
392 1892 564 1954 ambitiosus
595 1892 656 1967 est,
687 1891 848 1968 proclivior
880 1892 935 1954 erit
966 1895 1003 1955 ad
1035 1896 1134 1955 eadem
1165 1890 1248 1955 vitia.

63 2002 196 2065 Timidus
228 2004 356 2081 denique
384 2004 435 2080 id,
463 2008 545 2082 quod
576 2023 637 2066 non
668 2005 733 2067 vult
745 2049 754 2080 ‚
782 2004 861 2067 facit.
893 2008 969 2067 Nam
990 2004 1125 2083 quamvis
1145 2004 1247 2065 mortis

64 2115 187 2178 vitandae
211 2116 296 2179 causa
316 2115 437 2179 divitias
457 2116 487 2178 in
507 2135 584 2178 mare
604 2116 760 2195 projiciat,
782 2134 878 2179 manet
899 2133 994 2179 tamen
1016 2134 1140 2192 avarus3
1168 2132 1199 2177 et
1226 2114 1246 2175 sr

62 2228 235 2291 libidinosus
261 2230 349 2291 tristis
376 2230 433 2306 est,
455 2232 536 2308 quod
556 2228 609 2291 srbi
631 2249 739 2291 morem
767 2248 864 2311 gerere
893 2245 1040 2308 nequeat,
1060 2249 1120 2293 non
1142 2230 1246 2292 desrnit

63 2356 219 2415 propterea
234 2338 408 2401 libidinosus
426 2339 491 2399 elle.
511 2340 552 2401 Et
571 2340 704 2401 absolute
721 2338 752 2399 hi
775 2338 895 2402 affectus
913 2354 1050 2401 nontam
1069 2338 1148 2416 ipsos
1167 2342 1247 2402 acius

63 2451 257 2528 convivandi,
275 2451 415 2527 potandi,
433 2465 491 2512 etc.
509 2451 684 2529 respiciunt,
701 2471 788 2530 quam
806 2452 899 2529 ipsum
918 2453 1094 2530 Appetitum
1112 2469 1142 2514 et
1158 2454 1248 2516 Amo-

64 2582 125 2625 rem.
166 2564 254 2626 Nihil
273 2565 363 2644 igitrlr
383 2565 428 2626 lris
449 2565 602 2627 affectibus
624 2565 738 2642 opponi
759 2567 873 2642 potest,
893 2581 998 2642 preter
1018 2566 1248 2628 Generosrtatem

65 2692 90 2736 et
108 2676 353 2754 Animofitatem,
373 2680 411 2739 de
431 2677 541 2754 quibus
562 2677 592 2738 in
613 2678 694 2756 seqq.

99 2787 300 2850 Definitiones
326 2789 492 2868 Zelotypiae
521 2805 552 2850 et
580 2791 755 2868 reliquarum
783 2790 870 2852 animi
891 2791 1113 2853 fluctuationum
1133 2791 1249 2852 lrlentio

67 2901 274 2976 praetermitto,
293 2916 352 2962 tam
373 2903 443 2979 quia
463 2923 501 2964 ex
522 2903 738 2979 compositione
757 2903 929 2980 affectuum,
950 2921 1027 2982 quos
1044 2902 1250 2980 jamdelinivi-

66 3032 143 3091 uus,
174 3013 333 3090 oriuntur,
362 3033 449 3092 quam
481 3015 551 3094 quia
582 3017 730 3093 pleraeque
768 3018 887 3078 nomina
917 3037 977 3080 non
1008 3018 1137 3094 habent;
1168 3022 1250 3095 quod

66 3127 190 3189 ostendit
228 3129 264 3188 ad
302 3127 384 3189 usum
415 3127 485 3190 vitae
517 3127 669 3203 sufficere,
700 3128 813 3191 easdem
845 3130 874 3190 in
907 3149 1011 3210 genere
1043 3135 1248 3192 tantummodo

68 3241 191 3301 noscere.
232 3239 378 3301 Caeterum
406 3258 443 3301 ex
472 3240 707 3302 Definitionibus
736 3240 907 3317 affectuum,
935 3260 1012 3319 quos
1039 3241 1252 3319 explicuimus,

66 3349 171 3426 liquet,
204 3369 257 3412 eos
287 3371 389 3414 omnes
415 3352 645 3430 aCupiditate,
677 3352 814 3429 Laetitia,
845 3355 891 3417 vel
923 3353 1053 3414 Tristitia
1085 3353 1170 3430 oriri,
1200 3353 1250 3414 seu

69 3461 165 3536 potius
195 3463 266 3524 nihil
294 3479 399 3540 praeter
418 3465 475 3526 hos
496 3480 558 3526 tres
578 3464 653 3539 elle,
681 3483 806 3541 quorum
828 3463 1026 3542 unusquisque
1048 3466 1135 3528 variis
1156 3467 1250 3529 nomi-

70 3576 151 3637 nibus
179 3576 317 3652 appellari
344 3576 420 3638 solet
448 3593 571 3654 propter
599 3575 694 3639 varias
722 3595 823 3638 eorum
851 3576 1009 3638 relationes
1030 3593 1060 3639 et
1081 3579 1250 3641 denomina-

70 3686 161 3751 tiones
195 3686 381 3752 entrinsecas.
421 3688 452 3750 Si
478 3689 537 3766 jam
566 3693 603 3752 ad
628 3691 685 3750 lros
713 3688 897 3765 primitivos,
925 3705 954 3750 er
983 3690 1019 3751 ad
1047 3709 1098 3766 ea,
1126 3709 1191 3768 quae
1213 3694 1249 3754 de

71 3817 168 3863 natura
189 3802 302 3863 Mentis
330 3801 415 3878 supra
443 3803 588 3878 diximus,
614 3804 764 3864 attendere
785 3802 926 3877 velimus,
948 3801 1084 3880 affectus,
1105 3818 1250 3880 quatenus

69 3915 101 3972 ad
120 3913 210 3974 lolam
231 3914 364 3974 Mentem
385 3914 567 3987 referuntur,
587 3913 635 3974 bic
656 3912 776 3975 delinire
797 3913 969 3990 poterimus.

269 4083 528 4147 AFFECTUUM
560 4083 794 4146 GENERALIS
824 4084 1044 4145 DEFINITIO.

106 4211 256 4287 Affeclus,
286 4211 336 4288 qui
360 4210 447 4272 animi
469 4211 606 4273 Pathema
627 4211 752 4290 dicitur,
781 4211 821 4272 est
841 4211 962 4274 confusa
983 4211 1064 4288 idea,
1086 4231 1144 4290 qua
1163 4214 1251 4274 Mens

102 4385 113 4414 ⁸
137 4383 264 4446 Schmidt,
275 4381 379 4446 stillet,
393 4382 656 4436 Auerbacltoelidd.
666 4396 769 4445 omnes,
778 4380 849 4434 Verl.
858 4381 1252 4451 Belg.,lilcchrnann:calllrart'.
