2934 4900
322 265 821 362 Theologico·Polrtici
861 266 936 362 Cap.
966 285 1003 346 X.
1195 284 1256 364 5⁶9

67 459 98 520 in
119 458 213 536 libre,
233 457 291 520 hoc
313 459 354 519 est
375 459 424 538 (ut
444 457 588 522 Hebraice
608 458 709 539 sonat)
730 459 762 520 in
782 457 857 520 libro
878 461 1015 522 omnibus
1032 476 1095 523 tum
1113 463 1254 539 temporie

67 574 146 651 (quo
166 573 229 634 haec
250 572 362 634 scilicet
382 571 488 649 scripta
509 573 591 651 sunt)
611 587 699 634 noto:
719 588 809 649 atque
828 572 907 635 hunc
924 575 1256 653 fateturAbenHezra,

68 701 100 748 et
121 703 225 747 omnes
245 685 330 747 fateri
351 700 499 762 tenentur,
520 703 585 747 cum
607 685 670 747 aliie
692 686 813 762 periisse.
845 686 982 764 Denique
1002 687 1114 764 reliqua
1134 689 1255 750 Mardo-

67 799 144 860 chaei
170 800 260 862 refert
287 797 451 860 Historicus
479 801 515 860 ad
544 797 691 860 Chronica
722 801 838 878 Regum
868 798 1025 861 Persarum
1064 800 1164 882 Quare
1194 820 1256 862 nnn

67 911 263 974 dubitandum
285 910 341 987 est,
363 909 434 988 quin
455 910 502 972 bic
523 910 598 972 liber
618 913 654 971 ab
677 912 781 972 eodem
802 911 969 989 Historico,
988 913 1040 988 qui
1059 929 1106 973 rer
1125 913 1257 976 Danielis

67 1041 99 1087 et
121 1027 225 1088 Hezrae
247 1024 391 1102 narravit,
418 1023 506 1087 etiam
526 1025 650 1102 scriptus
671 1025 776 1102 fuerit;
804 1041 835 1086 et
854 1025 971 1103 insuper
991 1026 1078 1088 etiam
1098 1027 1172 1089 liber
1191 1030 1254 1090 Ne-

66 1137 173 1199 hcmiae
190 1139 216 1214 ⁴²,
247 1137 316 1215 quie
343 1139 447 1200 Hezrae
474 1137 618 1200 sccundus
645 1138 764 1200 dicitur.
804 1139 942 1221 Quatuor
961 1138 1051 1217 igitur
1069 1140 1126 1201 hot
1147 1141 1255 1218 libros,

68 1265 176 1322 nempe
207 1246 354 1323 Danielis,
386 1249 507 1323 Hezrae,
537 1245 661 1323 Esteris,
692 1261 722 1308 et
752 1246 920 1324 Nehemiae,
946 1249 983 1308 ab
1010 1267 1071 1310 uno
1092 1253 1255 1329 eodemque

68 1359 220 1420 Historico
252 1358 378 1436 scriptos
410 1358 465 1420 esse
497 1359 687 1421 affirmamus:
720 1359 851 1437 quisnam
881 1377 979 1423 autem
1009 1362 1035 1422 is
1065 1363 1171 1440 fuerit,
1202 1383 1255 1426 nec

68 1470 208 1547 suspicari
229 1471 346 1548 quidem
367 1469 488 1547 possum.
510 1474 556 1536 Ut
577 1488 674 1534 autem
696 1472 837 1548 sciamus,
856 1475 1002 1534 undenam
1021 1472 1103 1552 ipse,
1124 1474 1256 1552 quisquis

69 1586 190 1646 tandem
217 1583 325 1660 fuerit,
353 1583 489 1645 notitiam
511 1573 612 1646 harum
632 1583 813 1646 historiarum
835 1585 997 1662 acceperit,
1017 1601 1049 1647 et
1070 1587 1147 1648 forte
1169 1586 1256 1648 eciam

70 1696 224 1756 maximam
246 1713 343 1757 earum
365 1710 476 1772 partem
496 1694 694 1773 descripserit,
721 1699 901 1775 notandum,
928 1699 1011 1774 quod
1039 1698 1168 1775 prefecti
1196 1697 1256 1764 {ive

71 1809 219 1886 principes
247 1811 416 1889 Judaeorum
437 1807 466 1870 in
488 1809 618 1872 secundo
648 1811 776 1886 templo,
796 1825 832 1872 ut
852 1828 953 1871 eorum
973 1813 1072 1890 Reges
1093 1811 1125 1872 in
1145 1811 1257 1888 primo,

71 1920 179 1980 scribas
198 1918 258 1981 five
278 1918 528 1998 historiographos
547 1919 726 1996 habuerunt,
745 1918 797 1996 qui
818 1921 936 1980 annales
954 1917 1017 1982 ‘sive
1039 1937 1140 1981 eorum
1161 1919 1256 1982 Chro-

71 2031 221 2110 nologiam
240 2031 393 2093 succeffive
413 2030 587 2092 scribebant.
607 2029 817 2110 chronologiae
835 2029 911 2091 enim
929 2032 1045 2110 Regum
1061 2032 1121 2095 five
1139 2036 1256 2094 annaler

72 2144 102 2204 in
125 2142 205 2205 libris
226 2145 341 2223 Regum
362 2143 457 2220 passim
478 2142 625 2219 citantur3
646 2157 677 2206 at
697 2142 863 2218 Principum
885 2159 916 2203 et
935 2140 1117 2206 sacerdotum
1138 2143 1258 2208 secundi

73 2256 175 2332 templi
196 2254 325 2318 citantur
345 2255 438 2333 primo
459 2256 489 2316 in
510 2256 560 2317 lib.
581 2255 731 2316 Nehemiae
761 2273 824 2332 cap.
850 2271 896 2315 12.
918 2255 992 2319 vers.
1013 2273 1080 2334 23„
1099 2257 1206 2320 deinde
1226 2258 1257 2318 in

73 2367 173 2430 March.
193 2369 243 2429 lib.
268 2386 294 2429 r.
325 2387 390 2445 cap.
414 2371 459 2429 16.
491 2368 564 2432 vers.
585 2385 634 2449 24.
675 2367 715 2429 Et
745 2367 805 2428 fine
836 2366 929 2429 dubio
961 2369 1009 2429 hic
1041 2369 1088 2430 ille
1117 2369 1159 2430 est
1185 2371 1260 2432 liber

74 2482 160 2559 (vide
191 2482 249 2543 Est.
276 2501 341 2560 cap.
362 2501 391 2559 9.
423 2482 496 2545 vers.
518 2482 642 2561 32.**),
663 2484 701 2543 de
722 2499 784 2559 quo
814 2483 905 2543 modo
936 2482 1031 2543 locuti
1062 2482 1176 2561 sumus,
1206 2485 1258 2545 ubi

75 2594 202 2657 edicium
223 2594 329 2656 Esteris
351 2610 380 2655 et
401 2594 449 2655 illa
469 2593 650 2655 Mardochaei
670 2593 777 2669 scripta
796 2608 898 2669 erent,
918 2612 1063 2672 quemque
1083 2614 1150 2657 cum
1169 2598 1258 2657 Aben

75 2710 173 2769 Hezra
203 2706 316 2785 periisse
348 2706 484 2770 diximus.
524 2708 571 2767 Er
598 2707 657 2767 hoc
685 2706 775 2785 igitur
801 2707 877 2768 libro
905 2706 1019 2785 omnia,
1043 2726 1109 2785 quae
1129 2708 1160 2769 in
1180 2708 1258 2770 hisce

76 2820 283 2897 continentur,
310 2818 439 2881 desumta
468 2820 516 2881 vel
543 2817 687 2895 descripta
714 2818 869 2894 videntur;
897 2820 994 2881 nulius
1021 2820 1097 2881 enim
1123 2821 1197 2883 alius
1221 2823 1258 2883 ab

78 2952 179 2995 eorum
209 2932 357 3009 Scriptore
389 2932 517 3009 citatur,
546 2948 643 3009 neque
674 2932 764 2992 ullum
795 2931 883 2993 alium
914 2931 1039 3008 publicae
1069 2933 1260 2996 authoritatis

78 3046 227 3110 novimus.
248 3046 338 3127 Quod
359 3061 456 3106 autem
475 3044 507 3104 hi
527 3042 593 3105 libri
614 3062 668 3105 ncc
690 3044 727 3105 ab
749 3044 863 3120 Herna,
884 3062 938 3105 nec
960 3063 977 3103 a
997 3044 1140 3105 Nehemiu
1160 3045 1260 3122 scripti

78 3159 204 3235 fuerint,
226 3174 309 3235 patet
330 3176 367 3219 ex
388 3176 441 3233 eo,
467 3158 549 3235 quod
568 3156 692 3218 Nehem.
714 3174 779 3233 cap.
804 3172 849 3217 ra.
870 3155 914 3221 vs.
939 3172 991 3234 ro,
1015 3173 1060 3218 rr.
1081 3157 1129 3235 *g*
1149 3160 1259 3235 produ-

79 3274 156 3335 citur
182 3271 352 3352 genealogia
379 3270 479 3333 summi
503 3269 652 3347 pontificis
672 3269 807 3349 Jesuhgae
827 3268 919 3347 usque
940 3272 977 3331 ad
996 3269 1126 3349 Jaduah,
1146 3269 1260 3333 sertum

80 3384 189 3447 scilicet
210 3384 397 3462 pontificem,
416 3400 448 3445 et
468 3382 519 3461 qui
540 3382 710 3445 Alexandro
730 3383 864 3462 Magne,
879 3381 940 3459 jam
961 3384 1020 3444 fere
1041 3383 1186 3445 Persarum
1207 3384 1260 3445 im·

80 3497 163 3573 perio
190 3496 328 3573 sabano,
345 3495 473 3567 ‚obviam
501 3495 558 3560 ivit
585 3494 668 3574 (vide
695 3495 818 3576 Josepbi
842 3496 947 3573 Antiq.
967 3495 1017 3557 lib.
1042 3511 1087 3556 rr.
1114 3514 1179 3574 cap.
1200 3497 1262 3575 8.),

80 3609 145 3683 vel,
174 3623 207 3669 ut
237 3608 321 3669 Philo
348 3609 469 3689 Judaeue
496 3607 526 3669 in
552 3607 629 3669 libro
656 3607 836 3683 Temporum
863 3608 922 3683 ait,
941 3608 1056 3669 sextum
1077 3622 1109 3668 et
1127 3607 1261 3670 ultimum

82 3718 134 3781 sub
158 3718 249 3781 Persia
269 3719 449 3796 pontificem.
470 3722 533 3781 imo
553 3720 583 3781 in
604 3722 707 3781 eodem
728 3718 787 3781 boc
806 3719 957 3781 Nebemiae
977 3718 1262 3797 cap.,vers.scilicet

83 3848 147 3908 em,
168 3830 227 3895 boc
248 3830 341 3909 ipsum
361 3833 437 3893 clare
468 3831 622 3894 indicatur.
662 3833 792 3910 Levita,
811 3832 908 3911 inquit
929 3832 1108 3910 Ηίίὶοιὶειιε,
1127 3835 1262 3913 terporis

115 4104 129 4137 ⁶
163 4104 207 4157 cs·
222 4106 319 4157 Αιιιοι.
334 4104 430 4159 XXIII.

116 4204 144 4237 *⁸
170 4203 218 4255 Ed.
235 4204 290 4257 Pur
306 4220 347 4267 31.

116 4304 159 4367 'a‘
194 4302 471 4367 ud.1²r.=vs.0,1o.
