2934 4900
364 330 858 409 Theologico-Politici
901 330 1017 407 Caps.
1227 333 1281 409 381

99 522 155 567 aut
184 507 330 581 explicare
358 526 410 583 per
439 508 516 568 suam
544 507 696 584 personam
717 507 820 583 posset.
861 510 975 585 Nempe
997 508 1121 570 dicendo
1143 509 1172 569 in
1194 509 1284 585 prima

100 616 246 694 persona,
266 618 332 697 Ego
353 618 413 679 sum
434 619 547 699 Jehova
569 621 652 680 Deus
672 633 756 696 tuus,
778 634 834 681 etc.
876 619 914 680 Et
936 619 1087 696 quamuis,
1109 618 1160 679 ubi
1181 619 1285 695 aliquis

102 748 157 790 ore
180 729 265 805 dicit,
286 749 335 807 ego
354 732 498 807 intellexi,
519 750 605 793 nemo
625 748 729 809 putet,
751 750 799 808 os,
820 732 869 794 sed
884 748 1148 809 tantum,mentem
1160 732 1285 794 hominis

102 844 135 902 id
158 842 284 903 dicentis
304 842 490 919 intellexisse;
512 844 580 920 quia
601 859 697 905 tamen
720 846 812 912 osad
832 858 963 905 naturam
984 842 1110 905 hominis
1120 844 1149 905 id
1161 843 1285 905 dicentis

102 956 249 1031 refertur,
271 972 299 1016 et
321 956 407 1016 etiam
428 957 469 1031 is,
491 957 538 1018 cui
559 956 589 1017 id
609 956 733 1033 dicitur,
754 971 883 1017 naturam
905 956 1068 1017 intellectus
1098 971 1284 1033 perceperat,

103 1082 232 1127 mentem
262 1065 388 1128 hominis
418 1068 567 1145 loquentis
598 1087 649 1146 per
679 1069 928 1144 comparationem
959 1068 1002 1128 sui
1034 1068 1116 1129 facile
1138 1067 1283 1146 intelligit.

102 1182 147 1240 At
180 1181 231 1256 qui
259 1180 316 1241 Dei
347 1180 419 1240 nihil
448 1196 554 1256 praeter
584 1199 689 1241 nomen
721 1195 805 1241 antea
828 1195 987 1255 nouerant,
1009 1194 1038 1239 et
1061 1178 1153 1255 ipsum
1175 1178 1285 1254 alloqui

103 1292 283 1368 cupiebant,
312 1309 344 1354 ut
372 1296 407 1353 de
436 1292 498 1368 ejus
526 1292 686 1354 Existentia
708 1293 780 1353 certi
802 1295 920 1368 sierent;
941 1310 1001 1353 non
1022 1291 1111 1353 video
1133 1294 1284 1368 quomodo

102 1423 206 1464 eorum
235 1404 375 1479 petitioni
403 1403 578 1464 satisfactum
607 1403 663 1463 fuit
692 1422 743 1478 per
771 1418 928 1465 creaturam
951 1402 1030 1480 (quae
1052 1404 1087 1463 ad
1109 1404 1203 1463 Deum
1225 1419 1285 1463 non

102 1516 196 1594 magis
218 1535 302 1592 quarn
324 1515 434 1592 reliqua
455 1531 550 1575 creata
571 1517 703 1589 refertur,
724 1531 753 1575 et
772 1518 808 1575 ud
826 1514 881 1576 Dei
900 1530 1029 1575 naturam
1049 1532 1108 1573 non
1126 1514 1286 1592 pertinet),

103 1646 172 1703 quae
194 1607 321 1703 diceret,
341 1627 406 1705 Ego
428 1627 486 1687 sum
508 1630 599 1687 Deus.
627 1626 734 1709 Quaeso
757 1626 845 1702 quid,
867 1626 886 1685 [ι
907 1628 989 1688 Deus
1011 1625 1085 1687 labia
1106 1625 1215 1700 Musis,
1237 1624 1285 1687 sed

102 1739 179 1815 quid
200 1737 316 1798 Mosrs‘l
337 1738 395 1798 imo
413 1737 535 1814 alicujus
553 1738 648 1799 bestiae
666 1737 845 1818 contorstsset
864 1740 899 1799 ad
911 1740 1010 1799 eadem
1021 1737 1286 1815 pronuntiandum,

103 1866 136 1910 ct
158 1850 330 1925 dicendum,
349 1850 414 1929 Ego
436 1850 496 1911 sum
517 1854 615 1928 Deus,
636 1871 672 1912 an
694 1851 761 1913 inde
787 1851 843 1912 Dei
865 1850 1044 1912 existentiam
1066 1848 1285 1929 intelligerent?
1343 1904 1346 1910 .

103 1962 222 2023 Deinde
253 1962 400 2038 Scriptura
432 1962 552 2025 omnino
585 1964 711 2026 indicare
745 1963 877 2039 videtur,
907 1965 1002 2024 Deum
1033 1962 1126 2039 ipsum
1153 1964 1285 2023 locutum

105 2072 190 2134 suissc
218 2074 319 2152 (quem
347 2077 384 2135 ad
410 2075 494 2136 finem
523 2094 539 2135 e
567 2076 642 2135 coelo
663 2075 747 2152 supra
769 2091 897 2135 montem
919 2074 999 2135 Sinai
1019 2072 1232 2151 descenderit),
1254 2088 1284 2133 ct

104 2186 227 2263 Jndaeos
255 2203 315 2245 non
343 2200 454 2247 tanturn
483 2205 547 2247 eum
576 2189 745 2263 loquentem
774 2186 928 2263 audivisse,
958 2186 1006 2248 sed
1035 2188 1189 2266 Magnetes
1220 2206 1285 2248 eum

105 2294 194 2355 etiarn
225 2294 325 2357 vidisse
358 2295 440 2373 (vide
469 2298 568 2358 Exodi
600 2317 662 2374 cap.
684 2301 757 2378 24.).
786 2302 850 2359 Nec
877 2300 941 2359 Lex
970 2300 1044 2359 Mosr
1074 2302 1216 2375 revelata,
1237 2299 1285 2361 cui

106 2408 179 2469 nihil
200 2410 322 2485 addere,
342 2408 414 2470 nibil
435 2410 559 2472 adimere
580 2411 703 2489 licebat,
725 2426 755 2472 et
777 2430 842 2488 quae
863 2428 1000 2490 tanquam
1019 2412 1069 2489 jus
1087 2413 1189 2474 Patriae
1207 2412 1285 2474 insti·

106 2538 172 2582 tura
194 2521 267 2597 fuit,
289 2541 416 2598 unquam
444 2523 600 2600 praecepit,
629 2540 662 2612 qt
687 2527 853 2598 credamus,
874 2527 969 2586 Deum
991 2525 1043 2585 esse
1065 2524 1286 2601 incorporeum,

105 2651 160 2694 nec
187 2632 291 2706 etiarn,
317 2651 382 2695 eum
411 2636 516 2696 nullam
544 2636 651 2696 habere
678 2637 829 2716 imaginem
850 2637 909 2699 sive
930 2639 1064 2716 liguram,
1086 2637 1134 2698 sed
1155 2651 1287 2711 tantum,

105 2747 201 2806 Deum
224 2744 295 2819 esse,
317 2746 402 2822 eique
424 2750 558 2824 credere,
578 2766 703 2825 eumque
725 2747 816 2809 solum
845 2751 980 2824 adorare;
1002 2768 1018 2810 a
1040 2747 1124 2825 cujus
1145 2750 1226 2810 cultu
1249 2767 1285 2808 ne

53 2934 57 2940 ἱ
107 2856 305 2932 discederent,
326 2859 483 2936 praecepit,
504 2878 539 2920 ne
561 2859 587 2920 ei
608 2860 732 2936 aliquam
753 2858 905 2938 imaginem
927 2861 1114 2938 affingerent,
1134 2860 1285 2920 necullam

107 2970 247 3029 struerent.
274 2951 366 3045 Nam,
394 2971 630 3047 quandoquidem
657 2971 714 3033 Dei
742 2971 894 3050 imaginem
923 2989 981 3032 non
1010 2968 1160 3046 viderant,
1181 2971 1286 3032 nullam

107 3080 202 3140 lacere
224 3095 400 3157 potuerant,
419 3101 484 3159 quae
506 3085 618 3160 Deum,
639 3083 687 3145 sed
707 3103 772 3161 quae
793 3083 950 3145 necessario
971 3102 1028 3144 rem
1051 3085 1287 3158 alinmcreatam,

108 3209 195 3268 quam
224 3191 374 3269 viderant,
402 3197 537 3272 referret;
568 3197 719 3273 adeoque,
747 3197 796 3258 ubi
827 3199 921 3258 Deum
949 3214 1002 3272 per
1028 3197 1103 3257 illam
1134 3195 1286 3274 imaginem

107 3307 281 3381 adorarent,
308 3325 368 3368 non
390 3309 426 3368 de
454 3309 538 3384 Deo,
564 3307 612 3368 sed
633 3310 669 3368 de
691 3326 738 3384 re,
759 3326 843 3384 quarn
864 3307 911 3368 illa
933 3307 1028 3387 imago
1049 3306 1185 3382 referret,
1205 3305 1286 3384 cogi-

109 3432 225 3492 tarent,
245 3432 276 3477 et
296 3416 333 3478 stc
356 3421 472 3480 tandem
492 3419 633 3481 honorem
654 3420 710 3480 Dei
731 3419 852 3497 ejusque
873 3422 983 3481 cultum
1001 3419 1041 3479 illi
1058 3417 1098 3480 rei
1116 3419 1287 3481 tribuerent.

107 3528 189 3611 Quin
211 3529 269 3590 imo
290 3529 439 3608 Scriptura
459 3531 534 3592 clare
554 3531 681 3607 indicat,
701 3533 797 3594 Deum
817 3533 923 3593 babere
943 3533 1077 3610 figuram,
1090 3547 1119 3592 et
1131 3531 1286 3607 Mosr,ubi

106 3644 203 3703 Deum
232 3643 402 3719 loquentem
430 3642 585 3719 audiebat,
612 3661 674 3704 eam
702 3642 856 3721 aspexisse,
878 3663 930 3704 nec
952 3659 1049 3704 tamen
1070 3642 1169 3705 videre
1190 3641 1286 3702 conti·

106 3751 192 3832 gisse,
213 3753 265 3814 nisr
285 3753 342 3816 Dei
363 3755 531 3831 posteriora.
552 3757 649 3837 Quare
671 3773 731 3816 non
753 3757 876 3832 dubita,
897 3755 967 3832 quin
988 3754 1035 3816 hic
1058 3753 1177 3831 aliquod
1197 3756 1287 3815 lateat

108 3865 289 3946 mysterium,
310 3868 345 3927 de
368 3885 428 3944 quo
449 3867 523 3928 insta
544 3866 635 3928 fufius
655 3868 816 3944 loquentur.
838 3868 894 3928 Hic
917 3868 1066 3929 ostendere
1087 3884 1203 3946 pergam
1220 3867 1285 3926 loca

107 3977 283 4054 Scriptura,
303 3997 368 4055 quae
389 3979 483 4040 media
505 3978 651 4055 indicant,
680 3979 787 4058 quibus
808 3983 890 4042 Deus
912 3981 960 4042 sua
982 3983 1097 4042 decreta
1119 3978 1286 4040 hominibus

108 4089 261 4153 revelavit.

150 4200 241 4283 Quod
279 4201 436 4263 Revelttio
474 4221 527 4280 per
557 4202 632 4264 solas
668 4202 806 4283 imagines
838 4203 981 4283 contigit,
1011 4218 1093 4281 patet
1125 4222 1162 4263 cx
1193 4203 1286 4279 primo

110 4311 232 4386 Paralip.
253 4331 317 4388 cap.
338 4331 386 4373 21.
394 4359 404 4390 ,
425 4313 476 4374 ubi
496 4316 579 4376 Deus
599 4315 708 4378 Davidi
730 4317 798 4376 irarn
820 4316 898 4377 suam
920 4317 1045 4378 ostendit
1067 4334 1119 4393 per
1129 4316 1287 4393 Angelum,
