2934 4900
203 314 264 391 264
629 309 809 371 Ethices
837 310 907 371 Pars
927 310 966 369 V.

202 490 270 551 huie
292 489 396 549 Amori
417 488 524 549 directe
548 485 582 547 stt
604 486 885 562 contrarius,aquo
906 484 954 546 hic
975 486 1036 562 ipse
1058 486 1151 547 Amor
1169 486 1255 561 poffit
1272 486 1399 560 destrui;

204 616 293 677 atque
316 601 391 661 adeo
413 600 587 659 concludere
610 597 782 674 possumus,
802 598 881 659 hunc
903 616 970 677 erga
991 599 1086 659 Deum
1106 598 1245 658 Amorem
1266 597 1400 658 omnium

206 712 360 775 affectuum
391 710 446 772 esse
479 710 751 783 constantiffimum,
782 728 855 785 nec,
886 725 1033 786 quatenus
1055 711 1092 772 ad
1112 709 1230 785 Corpus
1256 712 1400 783 refertur,

205 824 286 901 polle
308 824 431 897 destmi,
452 822 503 883 nist
525 841 590 884 cum
613 822 676 897 ipso
699 821 843 897 Corpore.
886 820 979 899 Cujus
1001 837 1098 883 autem
1119 838 1230 882 natura
1252 821 1308 898 stt,
1327 842 1397 899 qua-

205 952 293 997 tenus
314 937 351 997 ad
372 934 460 996 solam
483 935 616 994 Mentem
636 934 782 1008 refertur,
802 933 903 1008 postea
925 932 1103 996 videbimus

244 1048 346 1123 Atque
363 1045 408 1107 his
421 1044 524 1111 ,omnia
544 1044 699 1106 affectuum
718 1045 859 1120 remedia,
878 1043 937 1107 five
959 1044 990 1105 id
1011 1062 1112 1119 omne,
1130 1046 1213 1120 quod
1233 1046 1342 1119 Mens,
1369 1046 1397 1105 in

205 1158 233 1219 se
252 1157 312 1219 solt
330 1155 526 1235 considerata,
546 1155 683 1217 adversus
702 1156 825 1217 affectus
844 1156 958 1231 potest,
982 1156 1207 1231 comprehendi;
1227 1173 1265 1215 ex
1288 1157 1399 1233 quibus

206 1286 344 1347 apparet,
361 1267 473 1329 Mentis
492 1267 521 1327 in
540 1267 661 1329 affecius
680 1268 845 1343 potentiam
863 1266 1033 1342 constllere,
1051 1268 1086 1327 l'.
1107 1267 1136 1327 in
1159 1267 1219 1343 ipsa
1241 1267 1399 1331 affeituum

207 1382 378 1461 cognitione
406 1380 487 1459 (vide
515 1378 605 1440 Scltol.
627 1382 716 1459 Prop.
739 1399 767 1458 4.
789 1378 908 1457 ltuyits);
937 1380 985 1440 11⁹.
1008 1380 1038 1439 in
1060 1398 1115 1455 e0,
1137 1383 1219 1456 quod
1240 1380 1364 1441 affestus
1384 1398 1399 1439 a

207 1494 391 1573 cogitatione
422 1493 514 1553 causae
537 1507 681 1567 externae,
704 1512 792 1569 quam
814 1492 936 1553 confuse
957 1492 1161 1571 imaginamur,
1182 1492 1296 1567 separat
1319 1493 1400 1570 (uide

208 1610 297 1687 Prop.
319 1626 346 1668 2.
368 1626 429 1667 cum
450 1608 540 1667 eodem
560 1605 651 1667 Sahal.
673 1608 789 1686 Prop.*
811 1628 843 1685 4.
862 1605 980 1687 hujus);
1012 1608 1075 1667 111⁰.
1104 1606 1134 1667 in
1160 1622 1311 1682 tempore,
1340 1624 1399 1682 quo

209 1717 379 1780 affectiones
390 1718 432 1793 **,
449 1736 514 1793 quae
535 1719 571 1777 ad
590 1734 653 1791 res,
672 1736 746 1793 quas
758 1716 964 1793 intelligimus,
976 1717 1159 1791 referuntur,
1170 1715 1232 1776 illas
1244 1714 1399 1791 superant,

210 1850 275 1908 quae
297 1832 327 1865 **
350 1832 386 1890 ad
417 1848 462 1891 res
493 1830 674 1905 referuntur,
706 1848 780 1906 quas
812 1829 934 1889 confuse
966 1828 1016 1889 seu
1047 1828 1180 1890 mutilate
1213 1828 1399 1904 concipimus

214 1944 295 2020 (uide
326 1944 415 2021 Prop.
447 1958 475 2017 7.
507 1940 627 2021 lrrtj'us);
669 1943 733 2002 1v⁰.
765 1941 795 2001 in
826 1942 1016 2003 multitudine
1047 1942 1212 2017 causarum,
1242 1962 1259 2001 a
1290 1942 1400 2018 quibus

215 2052 439 2129 affecliones**,
470 2072 535 2130 quae
568 2056 603 2114 ad
633 2072 725 2115 rerum
758 2073 927 2115 communes
959 2055 1156 2130 proprietates
1176 2055 1223 2115 vel
1245 2056 1281 2113 ad
1303 2054 1398 2114 Deum

213 2166 394 2239 teieruntur,
427 2166 567 2227 foventur
598 2165 680 2242 (vide
700 2168 789 2245 Prop.
810 2185 840 2243 9.
861 2180 889 2225 ct
913 2182 957 2227 rr.
979 2165 1097 2243 atejus„
1129 2166 1178 2225 V'.
1210 2164 1338 2240 denique
1370 2165 1397 2223 in

211 2276 333 2351 ordine,
363 2295 424 2352 quo
456 2278 544 2337 Mens
576 2276 643 2337 suos
675 2276 797 2338 affectus
829 2276 962 2339 ordinare
994 2292 1024 2337 et
1056 2276 1183 2339 invicem
1204 2292 1398 2341 concatenare

211 2386 309 2464 potest
327 2386 408 2465 (uide
427 2386 518 2449 Sahal.
540 2388 629 2468 Ptop.
655 2405 699 2450 10.
721 2402 749 2447 et
768 2391 888 2470 insuper
908 2391 998 2470 Prop.
1024 2406 1074 2464 12,
1098 2406 1132 2466 13
1139 2434 1148 2466 ,
1169 2402 1197 2449 et
1221 2405 1266 2469 14.
1288 2388 1397 2466 hujus).

211 2501 268 2560 Sed
300 2515 333 2560 ut
364 2501 425 2560 lraec
457 2500 570 2561 Mentis
602 2500 632 2561 in
664 2503 786 2564 affectus
819 2503 955 2578 potentia
975 2503 1079 2564 melius
1100 2502 1298 2581 intelligatur,
1319 2499 1398 2562 venit

211 2611 340 2687 apprime
361 2615 543 2688 notandum,
565 2616 647 2688 quod
670 2614 918 2676 affectusanobis
940 2617 1036 2694 magni
1058 2617 1259 2691 appellantur,
1280 2617 1397 2691 quando

211 2723 299 2785 unius
328 2723 455 2784 hominis
485 2725 619 2787 affectunt
649 2745 713 2787 cunt
741 2727 848 2790 affectu
877 2728 995 2789 alterius
1023 2746 1240 2804 comparamus,
1261 2744 1291 2788 et
1311 2745 1398 2788 unum

211 2835 300 2913 magis
332 2853 418 2911 quam
451 2835 537 2897 alium
570 2839 674 2898 eodem
707 2838 815 2900 affeclu
847 2839 1007 2902 conflictari
1039 2840 1190 2914 videmus;
1211 2842 1258 2901 vel
1280 2841 1397 2915 quando

212 2947 299 3008 unius
321 2946 508 3024 ejusdemque
530 2948 657 3008 hominis
678 2950 801 3012 affectus
823 2954 860 3012 ad
882 2951 1009 3013 invicem
1030 2971 1246 3028 comparamus,
1263 2955 1398 3013 eundem·

213 3078 270 3136 que
293 3078 353 3119 uno
376 3058 482 3120 affectu
503 3059 594 3138 magis
616 3081 701 3138 quam
725 3063 783 3124 alio
802 3063 878 3123 allici
897 3062 955 3126 stve
974 3064 1086 3126 moveri
1102 3065 1307 3142 comperimus.
1326 3067 1398 3125 Nam

212 3170 283 3249 (per
304 3173 392 3249 Prop.
405 3182 432 3246 5.
451 3185 482 3251 p.
494 3173 538 3250 4.)
560 3172 606 3234 vis
628 3173 831 3251 cujuscunque
852 3176 974 3238 affectius
995 3175 1132 3238 delinitur
1152 3178 1288 3252 potentii
1310 3175 1397 3237 causa

213 3298 340 3343 externae
363 3301 428 3343 cum
451 3284 546 3344 nostra
568 3302 747 3362 comparata.
789 3287 831 3346 At
853 3287 966 3348 Mentis
993 3288 1129 3363 potentia
1150 3289 1210 3349 soli
1231 3289 1398 3367 cognitione

213 3394 366 3468 delinitur,
387 3394 562 3470 impotentia
592 3413 688 3457 autem
718 3396 768 3458 seu
789 3401 877 3474 pallio
900 3418 915 3458 a
937 3400 996 3459 sola
1018 3399 1199 3479 cognitionis
1220 3399 1397 3476 privatione,

213 3506 270 3565 hoc
300 3505 340 3565 est
369 3509 404 3566 ab
434 3525 488 3581 eo,
511 3527 561 3584 per
584 3513 666 3584 quod
689 3510 762 3571 idea
784 3511 923 3571 dicuntur
944 3511 1152 3589 inadaequatae,
1174 3512 1343 3585 aestimatum
1364 3529 1397 3568 ex

216 3637 276 3693 quo
308 3617 455 3694 sequitur,
486 3621 619 3680 Mentem
652 3621 727 3682 illam
760 3622 884 3683 maxime
912 3622 992 3699 pati,
1013 3624 1098 3700 cujus
1117 3624 1270 3684 maximam
1292 3639 1397 3700 partem

216 3729 288 3790 ideae
321 3731 512 3807 inadaequatae
545 3733 746 3808 constituunt,
777 3735 818 3795 ita
850 3749 883 3795 ut
915 3735 1006 3814 magis
1034 3736 1152 3812 perid,
1173 3738 1256 3812 quod
1277 3735 1399 3811 patitur,

216 3861 302 3918 quant
324 3842 441 3917 perid,
463 3846 544 3919 quod
566 3845 643 3923 agit,
665 3845 869 3924 dignoscatur;
891 3863 922 3908 et
942 3848 1019 3908 illam
1040 3864 1142 3908 contra
1160 3848 1284 3908 maxime
1302 3865 1399 3926 agere,

217 3954 301 4030 cujus
322 3955 472 4015 maximam
495 3972 606 4032 partem
629 3957 701 4019 icleae
724 3962 885 4035 adaequatae
915 3961 1115 4037 constituunt,
1136 3961 1176 4022 ita
1198 3979 1248 4036 ut,
1270 3961 1398 4038 quamvis

251 4229 264 4259 '
300 4229 347 4278 Ed.
364 4231 421 4279 ΡΜ
439 4245 492 4279 eum
512 4231 594 4280 eodem
613 4232 695 4281 Scapt.
713 4242 740 4280 ct
757 4231 834 4298 Prop.
850 4247 876 4295 4.
895 4233 978 4298 hujus.

253 4311 280 4342 *⁵
315 4311 449 4362 Camerata
467 4313 590 4377 affectus,
608 4314 715 4377 quim.
738 4315 799 4364 illos
811 4315 957 4381 superant,
974 4317 1085 4381 quim.
1103 4317 1228 4382 affectus,
1244 4319 1296 4382 qui.
