2934 4900
323 298 823 385 Theologico·Politici
859 298 1008 383 caplis.
1203 318 1263 390 497

74 500 106 545 et
131 482 250 559 insuper
275 484 379 546 mediis
406 486 506 547 eadem
534 482 720 545 conficiendi.
761 486 900 545 Sudarem
922 485 989 545 sane
1011 482 1098 560 satia,
1119 480 1141 541 fi
1162 498 1264 543 omnes

73 596 127 655 has
145 594 295 673 historias,
315 614 382 671 quae
402 594 432 655 in
453 595 511 656 hoc
534 595 628 672 primo
650 595 726 656 libro
747 595 889 657 Samuelis
909 580 1068 671 habentur,
1084 593 1127 654 ita
1144 610 1266 655 conarer

61 706 247 784 conciliare,
267 723 301 768 ut
321 726 423 768 omnes
444 710 480 767 ab
502 726 563 768 uno
585 707 725 769 historico
747 706 900 783 descriptae
921 723 953 769 et
974 706 1117 769 ordinatae
1128 704 1263 769 videren-

73 835 132 881 tur.
171 820 229 880 Sed
257 822 293 881 ad
320 838 415 881 meum
443 818 625 895 propositum
655 833 797 881 revertor.
838 818 920 880 Anni
946 818 1048 896 itaque
1068 817 1149 897 regni
1169 815 1265 879 Saulis

73 930 216 1007 superiori
236 931 455 1009 computationi
476 930 543 993 sunt
572 931 709 993 addendi.
752 931 890 1007 Denique
912 948 1006 991 annos
1026 929 1183 991 Anarchiae
1203 931 1265 990 He·

72 1047 218 1105 braeonrm
244 1043 332 1106 etiam
360 1063 422 1106 non
443 1044 611 1114 numeravi,
632 1042 702 1120 quia
725 1061 786 1105 non
809 1042 943 1105 constant
965 1062 1003 1104 ex
1022 1042 1085 1118 ipsa
1105 1041 1265 1118 Scriptura.

72 1158 161 1233 Non,
187 1156 323 1235 inquam,
350 1156 420 1218 milri
448 1157 561 1219 constet
591 1170 724 1232 tempus,
757 1173 819 1232 quo
847 1154 897 1215 illa
922 1153 1118 1233 contigerint,
1139 1172 1206 1231 quae
1227 1172 1264 1215 ex

72 1288 138 1345 cap.
170 1284 215 1345 17.
243 1268 334 1345 usque
361 1271 398 1330 ad
425 1270 511 1329 finem
539 1268 606 1329 libri
633 1268 772 1347 Judicurn
805 1280 968 1329 narrantur.
1007 1267 1055 1327 Ex
1086 1266 1133 1327 his
1163 1267 1264 1344 itaque

71 1379 218 1442 clarissime
246 1380 393 1457 sequitur,
422 1398 520 1442 veram
549 1398 691 1441 annonem
719 1378 975 1457 computationem
1002 1397 1099 1456 neque
1128 1398 1167 1440 ex
1196 1379 1265 1455 ipfis

71 1490 201 1553 historiis
227 1490 372 1569 constare,
400 1510 495 1567 neque
516 1490 594 1567 ipsas
614 1490 749 1553 historias
769 1490 800 1550 in
820 1508 880 1551 una
901 1490 1061 1566 eademque
1083 1490 1264 1566 convenire,

71 1605 124 1665 sed
144 1606 229 1667 valde
250 1603 378 1669 diversas
398 1605 572 1681 supponere.
593 1606 639 1665 Ac
660 1604 786 1681 proinde
808 1605 979 1681 fatendum,
995 1605 1049 1664 bas
1069 1603 1205 1665 historias
1226 1622 1264 1665 err

71 1713 193 1777 diversis
213 1712 403 1790 scriptoribus
425 1716 562 1777 collesbas
583 1714 657 1791 esse,
679 1733 733 1775 nec
756 1713 852 1776 adhuc
870 1714 1021 1777 ordinatas
1039 1730 1136 1790 neque
1155 1713 1265 1774 exami-

71 1838 158 1885 natas
179 1820 271 1885 fuisse.
300 1822 365 1883 Nec
385 1823 481 1885 minor
500 1822 620 1886 videtur
640 1822 722 1885 fuisse
744 1824 821 1885 circu
843 1842 985 1885 annorum
1008 1824 1263 1900 computationem

72 1934 268 2011 discrepantia
289 1934 420 1997 inlibris
442 1934 656 2000 chronicorum
678 1939 794 2015 Regum
814 1938 899 2017 Judae
910 1952 942 1998 et
951 1936 1033 1999 libris
1048 1937 1264 1999 chronicorum

71 2048 190 2124 Regum
212 2046 332 2108 [sraelis.
373 2048 406 2108 ln
429 2046 585 2109 Chronicis
604 2049 682 2111 enirn
704 2051 820 2127 Regum
841 2048 951 2111 Israelis
975 2050 1154 2128 habebatur,
1182 2054 1265 2127 quod

70 2158 210 2238 Jehoram
238 2156 315 2220 filius
342 2158 459 2237 Aghabi
487 2178 606 2239 regnare
634 2160 747 2235 incepit
767 2179 845 2222 anno
866 2161 996 2225 secundo
1017 2161 1098 2241 regni
1116 2162 1264 2241 Jeborami

71 2270 126 2331 filii
148 2270 326 2351 Jehosnphnr
348 2270 431 2349 (vide
452 2274 567 2350 Regum
588 2272 652 2333 libr.
674 2291 704 2335 2.
726 2291 791 2349 cap.
816 2290 842 2332 r.
863 2273 937 2337 vers.
961 2275 1043 2352 17.);
1064 2290 1095 2335 at
1115 2274 1146 2335 in
1167 2274 1263 2337 Chro-

71 2384 150 2445 nicis
178 2386 291 2464 Regum
319 2384 421 2464 Judae,
450 2386 531 2462 quod
552 2385 688 2466 Jehoram
711 2384 789 2447 silius
810 2385 991 2466 Jehosaphat
1010 2405 1130 2466 regnare
1151 2388 1264 2465 incepit

72 2515 154 2560 anno
176 2497 281 2574 quinto
303 2475 385 2576 regrs
403 2497 551 2575 Jehotami
571 2498 623 2558 filii
645 2498 762 2578 Aghabi
784 2499 868 2577 (vide
888 2519 952 2576 cap.
968 2501 996 2562 8.
1017 2502 1091 2564 vers.
1105 2504 1149 2563 16.
1172 2501 1264 2578 ejusd.

70 2609 165 2690 libri).
205 2611 246 2671 Et
265 2608 286 2669 fi
308 2609 375 2686 quis
396 2625 536 2684 praererea
557 2609 690 2672 historias
711 2611 778 2673 libri
797 2612 921 2689 Paralip.
951 2615 1084 2674 conferre
1103 2613 1177 2676 velit
1196 2631 1263 2675 cum

70 2721 201 2784 historiis
227 2722 366 2783 libromm
394 2724 526 2800 Regum,
546 2723 644 2798 plures
665 2723 769 2785 similes
790 2722 1000 2801 discrepantias
1020 2725 1169 2805 inveniet,
1190 2745 1263 2803 quas

70 2837 122 2898 bic
144 2855 204 2898 non
225 2854 303 2913 opus
323 2834 419 2896 habeo
440 2835 602 2912 recensere,
625 2851 656 2896 et
676 2837 771 2897 multo
791 2837 887 2898 minus
908 2837 1063 2898 authorum
1081 2855 1264 2914 commenta,

70 2951 183 3029 quibus
210 2949 263 3010 bas
289 2947 423 3011 historias
452 2948 607 3010 conciliare
629 2963 783 3010 conantur.
825 2948 935 3010 Rabini
960 2967 1085 3026 namque
1104 2951 1191 3026 plane
1212 2952 1263 3010 de·

70 3063 170 3124 lirant.
212 3061 469 3124 commentatores
489 3075 605 3136 nutem,
626 3079 702 3138 quos
722 3060 799 3139 legi,
819 3060 984 3137 somniant,
1004 3061 1136 3139 lingunt,
1157 3075 1188 3122 et
1207 3061 1262 3122 lin·

70 3193 160 3254 guam
182 3173 309 3251 denique
330 3173 419 3248 ipsam
441 3173 527 3247 plane
551 3187 752 3248 corrumpunt.
772 3172 808 3233 E.
819 3191 847 3252 g.
858 3191 924 3234 cum
946 3172 977 3232 in
997 3171 1062 3232 libr.
1074 3190 1103 3232 2.
1124 3171 1263 3248 Paralip*

69 3285 199 3362 dicitur,
225 3302 314 3345 annos
342 3285 542 3361 quadraginta
570 3285 638 3344 duos
665 3296 753 3343 natus
779 3298 847 3344 erat
866 3282 1007 3359 Aghaaia
1027 3302 1089 3343 cram
1108 3299 1264 3361 regnaret,

68 3400 190 3476 fingunt
210 3395 345 3473 quidam,
366 3395 421 3456 hos
442 3412 537 3455 annos
556 3393 673 3456 initiunt
695 3413 927 3474 caperearegno
948 3395 1068 3471 Homri,
1087 3414 1148 3456 non
1166 3412 1263 3457 autem

69 3530 88 3571 a
111 3507 269 3571 nativitate
296 3507 455 3586 Aghaziae3
483 3509 566 3583 quod
586 3506 606 3568 st
627 3506 743 3584 pollent
771 3508 939 3584 ostendere,
963 3507 1110 3568 intentum
1131 3506 1264 3567 authoris

69 3623 214 3684 librorum
244 3619 367 3696 Paralip.
397 3619 455 3680 hoc
487 3618 589 3695 fuisse,
628 3637 689 3679 non
721 3619 917 3682 dubitaverim
949 3617 1108 3693 affirmare,
1139 3619 1263 3680 cundem

69 3732 158 3810 loqui
178 3730 337 3794 nescivisse.
378 3731 417 3792 Et
439 3731 574 3792 adhunc
596 3733 714 3792 modum
735 3732 818 3809 plura
840 3731 895 3792 alia
914 3731 1044 3810 fingunt,
1066 3749 1131 3807 quae
1153 3729 1173 3790 sr
1194 3747 1264 3794 vera

28 3927 31 3930 ,
69 3845 185 3921 essent,
215 3842 350 3904 absolute
382 3841 524 3917 dicerem,
557 3841 696 3918 antiquos
727 3843 871 3904 Hebraeos
902 3858 933 3904 et
962 3842 1090 3922 linguam
1117 3842 1211 3917 suam,
1232 3855 1263 3902 et

70 3953 209 4018 sanandi
231 3951 362 4015 ordinem
384 3954 470 4028 plane
492 3942 841 4032 ignorabile,neculnm
858 3955 1003 4016 rationem
1020 3970 1116 4030 neque
1134 3969 1263 4016 normam

71 4065 239 4142 Scripturas
251 4065 463 4142 interpretandi
474 4065 674 4144 agnoscerem,
691 4067 742 4129 sed
753 4070 790 4130 ad
800 4067 917 4128 libitum
928 4065 1025 4130 omnia
1036 4067 1143 4144 lingere
1153 4063 1262 4126 liceret.

111 4311 122 4342 ⁸
158 4309 223 4374 Cup.
240 4323 282 4362 aa.
299 4309 336 4362 vs.
353 4323 378 4362 2.
