2934 4900
506 826 553 933 E
605 828 651 933 T
701 832 760 935 H
808 830 831 935 Ι
880 828 921 935 C
969 832 1014 935 E
1064 828 1104 937 S

616 1137 736 1205 onus
773 1136 984 1227 ρυιΝτΑ,

780 1426 827 1473 DE

366 1682 630 1753 POTENTIA
658 1681 1022 1766 INTELLECTUS‚
1053 1680 1147 1749 SEU
1172 1680 1244 1747 DE

316 1974 823 2089 LIBERTATE
890 1970 1302 2081 HUMANA.

623 2380 988 2442 PRAEFATIO.

280 2513 382 2587 ronseo
408 2513 521 2569 tandem
547 2513 590 2570 ad
614 2513 738 2571 aiteram
760 2510 1028 2591 Ethicesportem,
1049 2529 1111 2588 qun
1131 2511 1169 2589 est
1189 2511 1320 2570 demonio
1336 2507 1395 2587 fite

211 2529 349 2692 Tota,
369 2637 431 2695 qun
451 2621 494 2678 ad
511 2621 690 2680 Libertatem
711 2622 798 2681 ducit.
840 2623 877 2682 In
897 2619 953 2681 noc
972 2639 1040 2696 ergo
1060 2623 1094 2680 de
1109 2625 1240 2700 potentia
1259 2621 1395 2681 Rationis

211 2748 314 2806 agnon,
341 2731 497 2809 ostendens,
526 2734 599 2809 quid
621 2734 690 2812 ipso
717 2735 807 2794 Ratio
834 2737 867 2792 in
892 2730 1011 2810 affciius
1027 2733 1122 2814 pofflt,
1142 2747 1171 2792 et
1190 2734 1306 2808 deinde,
1328 2731 1398 2810 quid

212 2845 325 2904 Mentis
355 2843 493 2904 Libertas
517 2847 573 2921 seu
604 2847 757 2906 Beotitudo
782 2845 842 2924 stt‚·
872 2865 909 2904 ex
940 2846 1042 2922 quibos
1062 2844 1237 2919 videbimus,
1257 2858 1394 2922 quantun

205 2958 327 3034 sapiens
350 2959 449 3034 potior
471 2954 511 3033 fit
536 2960 652 3030 ignoro.
696 2957 831 3033 Quomodo
858 2970 954 3016 autem
979 2969 1085 3032 etqua
1104 2959 1157 3014 via
1181 2955 1283 3014 debeat
1308 2953 1392 3016 Intel-

211 3065 297 3125 ietins
320 3065 441 3146 perfici,
468 3080 496 3126 et
521 3086 579 3143 qua
600 3069 699 3126 deinde
718 3080 787 3126 arte
809 3067 920 3146 Corpus
935 3068 975 3145 fit
994 3069 1168 3143 curandum,
1188 3080 1221 3126 ut
1237 3067 1328 3146 poffit
1343 3067 1394 3143 suo

212 3179 298 3253 officio
326 3179 399 3238 rciie
418 3177 529 3254 fungi,
556 3177 612 3238 linc
639 3199 694 3238 non
716 3183 866 3257 pertinen
887 3178 938 3239 ltoc
957 3182 1030 3239 enim
1049 3181 1093 3239 od
1111 3181 1306 3255 Medicinam,
1326 3177 1397 3238 itini

212 3299 307 3345 anteon
333 3289 376 3346 ad
400 3287 537 3362 Logicatn
555 3288 680 3366 speiiat.
720 3289 780 3348 Hic
803 3291 908 3363 igitur,
929 3301 962 3347 nt
982 3289 1060 3364 dini,
1081 3291 1115 3348 de
1128 3291 1195 3367 solo
1216 3291 1331 3350 Mentis
1344 3289 1396 3366 snt

213 3399 348 3458 Rationis
371 3403 502 3477 potentia
530 3417 634 3475 agam,
661 3414 689 3458 et
714 3413 782 3459 ante
808 3405 918 3476 omnia,
939 3415 1077 3478 qnantum
1096 3415 1124 3461 et
1145 3403 1228 3479 quoio
1247 3405 1395 3480 imperinm

211 3515 244 3568 in
262 3507 381 3586 affeiius
411 3508 517 3570 habeat
548 3513 590 3574 noi
618 3513 724 3588 eosdem
755 3515 933 3574 coercendum
959 3527 986 3574 et
1014 3515 1229 3588 moderandum,
1249 3513 1394 3590 ostendant.

212 3625 293 3684 Nom
312 3642 361 3682 nos
380 3627 412 3682 in
431 3625 509 3703 ipsos
528 3627 679 3702 imperium
699 3625 860 3701 absolutum
879 3645 934 3685 non
954 3624 1077 3701 habore,
1090 3626 1155 3702 jam
1170 3626 1268 3704 supro
1288 3629 1393 3685 demon·

205 3737 376 3814 stravimus.
416 3739 504 3795 Stoici
523 3749 617 3796 tomen
633 3749 798 3814 putarunt,
819 3739 925 3813 eosdem
945 3758 964 3797 a
985 3738 1082 3816 nostra
1101 3739 1249 3798 voluntate
1268 3738 1393 3815 absolute

208 3850 347 3926 pendere,
373 3849 477 3925 nosque
503 3851 543 3907 iis
562 3847 692 3925 absolute
710 3852 857 3927 imperare
873 3851 956 3929 poffc.
999 3849 1138 3910 Attamen
1158 3852 1197 3910 ab
1217 3853 1393 3930 experientia

212 3943 400 4033 reclama,
426 3979 481 4018 non
506 3978 575 4018 vero
603 3979 640 4018 en
659 3962 727 4037 suis
745 3965 919 4042 principiis,
940 3963 1028 4022 coaiii
1041 3961 1116 4038 sunt
1129 3961 1246 4038 fateri,
1265 3966 1349 4040 nsum
1368 3975 1391 4020 ct

207 4072 333 4150 studium
360 4092 414 4131 non
436 4085 566 4150 parvum
594 4077 709 4149 requiri
735 4077 778 4134 od
801 4077 906 4152 eosdem
933 4077 1110 4134 coercendum
1130 4089 1158 4134 et
1178 4078 1393 4143 moderandum,-

212 4186 288 4262 qnod
312 4185 429 4260 qnidam
456 4186 578 4264 exempto
606 4188 726 4245 duorum
747 4207 846 4246 canum
867 4187 908 4265 (ſs
928 4189 1001 4246 reiie
1021 4189 1164 4266 memini),
1183 4191 1269 4248 nnius
1283 4191 1392 4266 fhiiicct

212 4293 366 4370 domestici,
396 4295 520 4354 alterins
550 4299 695 4371 venatici,
727 4310 843 4358 conotus
873 4299 911 4376 est
942 4300 1100 4380 ostenden,-
1129 4311 1225 4381 nempe
1252 4303 1322 4377 quio
1343 4301 1392 4382 usn
