2934 4900
566 284 783 345 Praefatio
1209 298 1265 361 375

79 460 253 521 charitatem
283 462 400 521 colendo.
442 462 540 539 Atque
559 460 612 521 boc
631 461 756 540 ostendo,
776 465 808 521 in
828 462 985 541 Scriptura
1004 463 1099 521 doceri
1112 462 1269 538 secundum

80 586 194 652 captum
223 587 252 632 et
280 577 423 651 opiniones
443 592 553 649 eorum,
575 574 677 651 quibus
698 572 852 653 Propheta
873 587 900 634 et
923 573 1047 653 Apostoli
1068 572 1118 633 boc
1142 575 1269 634 Verbum

81 687 141 746 Dei
165 687 330 764 predicare
354 686 506 761 solebant‚·
536 688 612 763 quod
629 686 855 761 ideofecerunt,
886 699 919 745 ut
939 688 974 746 id
991 685 1113 745 bortrines
1128 685 1188 762 fine
1207 688 1269 746 ulla

83 801 297 876 repugnantia,
327 810 416 873 atque
444 801 557 872 integro
587 801 681 857 animo
711 798 956 875 amplebierentur.
998 798 1270 859 Fundamentalibus

81 910 182 968 deinde
209 908 280 986 fidei
309 908 433 986 ostenfis,
463 909 591 968 concludo
621 911 757 985 denique,
787 908 921 983 objebium
942 912 1112 981 cognitionis
1133 910 1268 971 reuelatct

81 1018 162 1080 nibil
187 1020 239 1099 effe
264 1033 377 1099 preter
407 1020 610 1095 obedientiam,
628 1033 717 1096 atque
737 1022 805 1079 adeo
825 1038 844 1079 a
865 1022 998 1079 naturali
1017 1023 1188 1095 cognitione,
1208 1034 1268 1080 tam

80 1133 183 1208 objedo
210 1151 295 1209 quam
313 1132 513 1209 fundamentis
541 1146 569 1191 et
595 1135 712 1206 mediis,
733 1133 859 1213 prorsus
879 1133 1038 1211 dt'stindam
1059 1134 1125 1211 effe,
1146 1146 1174 1193 et
1193 1132 1271 1193 nibil

80 1264 143 1305 cum
172 1243 229 1304 lrac
257 1229 395 1304 conrnune
424 1243 547 1321 babere,
572 1247 630 1322 sed
657 1258 717 1303 tam
748 1242 826 1303 bant
843 1262 928 1321 quam
948 1245 1029 1304 illam
1043 1245 1130 1320 suum
1149 1262 1267 1321 regnum

79 1358 188 1435 absque
207 1357 268 1415 ulla
288 1356 411 1415 alterius
433 1360 627 1436 repugnantia
647 1356 790 1435 obtinere,
817 1369 845 1414 et
865 1370 997 1415 neutram
1017 1357 1158 1415 alterutri
1177 1357 1266 1416 ancil·

79 1470 142 1529 lari
162 1467 270 1527 debere.
311 1468 425 1541 Porro,
446 1471 516 1545 quia
537 1467 678 1528 bominum
697 1471 842 1543 ingenium
862 1472 979 1527 uarium
998 1469 1146 1527 admodum
1166 1468 1220 1544 est,
1240 1480 1268 1527 et

78 1582 158 1641 alius
188 1579 251 1656 bis,
281 1582 357 1641 alius
386 1581 447 1640 illis
477 1579 654 1659 opinionibus
683 1581 782 1640 melius
801 1579 973 1659 acquiescit,
993 1594 1022 1640 et
1042 1581 1117 1657 quod
1134 1578 1209 1639 bunc
1228 1581 1270 1639 ad

79 1695 261 1768 religionem,
291 1694 372 1751 illum
401 1694 445 1752 ad
472 1694 566 1768 risum
595 1707 703 1769 movet,
729 1694 796 1753 inde
823 1712 884 1753 cum
898 1694 996 1773 supra
1016 1692 1099 1753 didio
1119 1692 1266 1767 concludo,

79 1808 234 1881 unicuique
247 1806 300 1881 sui
313 1804 422 1879 y'udicii
441 1804 620 1878 libertatem,
641 1819 668 1864 et
683 1805 848 1885 potestatem
861 1805 1055 1881 fundamenta
1072 1805 1141 1883 fidei
1161 1822 1197 1862 es
1210 1804 1266 1879 suo

80 1920 196 1992 ingenio
222 1918 454 1994 interpretandi,
482 1917 712 1993 relinquendam,
740 1931 768 1977 et
791 1916 875 1997 fidem
901 1918 1123 1994 uniuscujusque
1143 1935 1179 1975 erc
1192 1916 1266 1992 solis

80 2029 214 2108 operibus
227 2028 432 2104 judicandam,
452 2047 519 2087 num
536 2032 590 2107 pia
610 2048 649 2088 an
669 2032 759 2108 impia
774 2028 839 2107 fit?
853 2027 895 2107 fic
915 2046 982 2103 ergo
1002 2046 1093 2089 omnes
1108 2032 1221 2104 integro
1238 2041 1266 2087 et

80 2142 171 2201 libero
201 2144 295 2200 animo
322 2140 382 2200 Deo
413 2140 526 2200 obedire
551 2153 706 2218 poterunt,
726 2154 754 2199 et
767 2141 834 2216 sola
849 2141 967 2218 justitia
986 2154 1015 2200 et
1034 2138 1166 2199 ebaritas
1187 2141 1268 2218 apud

80 2271 173 2311 omnes
199 2256 231 2310 in
254 2256 350 2330 pretio
376 2254 442 2311 erit.
483 2252 635 2330 Postquam
655 2250 702 2311 lris
722 2252 900 2327 libertatem,
922 2270 1007 2328 quant
1027 2253 1075 2311 les
1095 2252 1198 2311 diuina
1219 2272 1263 2311 re-

81 2365 180 2424 velata
199 2366 350 2441 unicuique
370 2365 506 2439 concedit,
528 2365 633 2442 ostendi
637 2409 646 2439 ,
666 2366 709 2424 acl
724 2366 850 2425 alteram
866 2364 1025 2443 questionis
1038 2376 1155 2443 partem
1160 2376 1263 2443 pergo,

79 2491 195 2556 nempe,
217 2475 292 2536 banc
312 2478 427 2536 eandem
456 2477 618 2536 libertatem
641 2479 735 2553 salua
755 2477 929 2556 Reipublicct
951 2489 1023 2556 pace
1043 2488 1070 2535 et
1083 2479 1263 2553 summarum

75 2589 246 2668 potestatum
260 2589 332 2663 jure
347 2589 438 2667 poffe,
469 2602 498 2648 et
517 2593 604 2648 etiam
624 2591 735 2648 concedi
754 2588 869 2663 debere,
889 2607 938 2647 nec
953 2589 1028 2666 poffe
1047 2590 1138 2648 adimi
1156 2589 1264 2666 absque

79 2719 182 2776 magno
198 2704 283 2779 pacis
298 2701 442 2778 periculo,
462 2718 617 2776 magnoque
637 2704 724 2761 totius
743 2699 918 2780 Reipublicn
938 2701 1114 2760 detrimento.
1136 2699 1188 2759 Ad
1204 2698 1265 2761 buc

78 2826 175 2873 autem
204 2811 447 2889 demonstrandum
466 2831 488 2871 a
506 2814 580 2880 ‚lure
610 2813 759 2872 Naturali
788 2809 1008 2888 uniuscujusque
1038 2813 1161 2890 incipio,·
1190 2813 1265 2888 quod

70 2925 187 3001 scilicet
206 2945 235 2984 eo
255 2926 345 3002 usque
358 2927 394 3002 se
414 2926 557 2998 extendit,
578 2942 631 3000 quo
650 2924 874 3000 uniuscujusque
893 2922 1036 3001 cupiditas
1053 2933 1080 2980 et
1093 2923 1263 3000 potentiusc

76 3040 223 3114 extendit,
250 3051 278 3097 et
305 3039 380 3115 quod
406 3055 483 3096 nemo
496 3036 567 3111 jure
587 3037 717 3097 Natura
738 3055 774 3094 est
793 3036 915 3095 alterius
934 3037 1046 3108 iugenio
1067 3037 1169 3092 vivere
1188 3046 1262 3094 tene·

75 3165 137 3226 tur,
152 3153 211 3227 secl
221 3153 287 3227 sue
308 3151 503 3227 unusquisque
523 3149 670 3208 libertatis
690 3149 799 3208 uindex
819 3145 865 3224 est.
906 3147 1056 3206 Pronoea
1076 3146 1192 3222 ostendo,
1212 3144 1262 3205 boc

68 3263 142 3337 jure
161 3265 296 3320 neminem
318 3278 423 3320 reuera
442 3261 554 3335 cedere,
573 3258 628 3338 mfi
648 3263 699 3336 qui
714 3260 878 3338 potestatem
892 3258 928 3333 fe
948 3256 1115 3333 defendendi
1127 3261 1159 3314 in
1172 3258 1261 3316 alium

73 3371 239 3448 transfert,
266 3385 353 3449 atque
380 3390 441 3432 eum
461 3372 611 3450 neceffario
632 3369 682 3432 boc
695 3371 749 3446 jus
768 3371 903 3430 naturale
923 3369 1050 3447 absolute
1070 3373 1209 3446 retinere,
1229 3374 1261 3428 in

79 3501 160 3561 quem
179 3484 375 3561 unusqursque
388 3484 441 3559 jus
454 3487 542 3561 suum
562 3503 599 3542 est
614 3488 736 3563 proprio
750 3486 806 3561 suo
827 3486 939 3557 ingenio
959 3483 1092 3558 uiuendi,
1106 3481 1260 3561 fimulcum

72 3596 212 3675 potestate
225 3596 291 3673 sese
311 3595 494 3672 defendendi,
515 3597 681 3674 transtulit‚·
702 3609 790 3672 atque
809 3593 876 3656 binc
895 3594 1015 3673 ostendo,
1036 3615 1093 3671 eos,
1114 3599 1165 3672 qui
1178 3596 1259 3672 sum·

75 3724 150 3788 mum
176 3710 328 3784 imperium
356 3720 467 3781 tenent,
488 3707 542 3782 jus
568 3709 612 3767 ad
634 3712 743 3784 omnia,
766 3724 829 3786 qua
845 3707 974 3786 poffunt,
995 3705 1116 3781 babere,
1130 3707 1262 3783 solosque

75 3819 202 3877 uindices
222 3817 306 3892 juris
332 3834 360 3877 et
388 3819 535 3879 libertatis
554 3820 625 3899 effe,
647 3821 769 3896 reliquos
790 3833 885 3880 autem
904 3837 941 3879 ert
955 3819 1016 3896 solo
1037 3835 1130 3877 eorum
1150 3819 1260 3877 decreto

75 3933 169 3989 omnia
188 3947 276 4004 agere
294 3929 402 3990 debere.
426 3932 548 4008 Verum,
569 3937 700 4009 quonium
720 3951 796 3992 nemo
813 3933 950 4012 potestate
965 3931 1024 4008 sua
1039 3931 1075 4006 se
1094 3930 1261 4007 defendendi

74 4046 120 4100 ita
135 4045 261 4120 privari
285 4044 392 4122 potest,
420 4056 453 4102 ut
477 4041 555 4102 lromo
576 4045 627 4123 effe
647 4044 772 4122 deſsnat,
793 4043 860 4105 binc
880 4043 1023 4119 concludo,
1043 4047 1177 4104 neminem
1190 4042 1261 4118 jure

69 4156 124 4229 suo
143 4154 277 4212 naturali
294 4154 423 4231 absolute
437 4159 563 4234 priuati
577 4158 666 4236 paffe,
677 4159 736 4232 sed
744 4157 876 4233 subditos
887 4157 1016 4234 quadam
1033 4155 1113 4232 quast
1130 4156 1258 4217 Nature

68 4265 139 4339 jure
159 4269 297 4340 retinere,
325 4283 387 4342 que
407 4270 446 4326 iis
466 4268 558 4327 adimi
581 4287 635 4328 non
652 4269 765 4347 poffunt
780 4269 840 4346 fine
861 4286 962 4345 magno
982 4270 1098 4346 imperii
1114 4267 1251 4347 periculo,
