2934 4900
229 338 288 401 340
585 322 823 383 Tractatus
863 322 1052 384 Politici

229 516 295 573 pars
324 499 468 557 bonorum
497 498 728 574 delinquentium
757 497 972 575 Ministrorum,
1000 497 1052 576 qul
1079 517 1179 561 eorum
1203 499 1324 576 judicio
1349 502 1423 560 stare

231 625 381 684 tenentur,
401 624 431 669 et
452 608 502 687 qui
525 626 603 671 certa
624 610 757 687 pecuniae
777 610 885 671 summa
906 613 1094 687 multiantur,
1116 613 1164 675 vel
1185 630 1313 688 quotum
1336 616 1421 673 bona

229 720 464 797 proscribuntur,
492 721 589 782 iisdem
619 722 786 798 dedicetur;
813 741 874 783 non
903 722 1020 799 quidem
1044 724 1195 798 omnibus,
1216 724 1266 785 sed
1288 724 1328 785 iis
1352 741 1422 785 tan-

229 834 399 907 tumm0d0,
426 832 476 909 qui
505 832 639 909 quotidie
668 832 786 909 sedent,
806 848 837 893 et
859 852 983 910 quorum
1004 832 1134 895 officium
1155 833 1195 895 ell
1215 836 1421 913 syndicorum

228 944 393 1004 Concilium
415 962 595 1019 convocare,
617 946 653 1005 de
675 944 783 1021 quibus
805 944 873 1007 vide
895 948 960 1006 Art.
982 946 1030 1007 28.
1050 946 1139 1023 huius
1161 946 1234 1023 Cap.
1257 949 1304 1009 Ut
1315 968 1420 1009 aurem

227 1055 420 1133 Syndicorum
448 1056 614 1118 Concilium
642 1056 694 1117 suo
723 1056 834 1133 semper
862 1076 982 1119 numero
1012 1058 1142 1132 constet,
1170 1073 1239 1118 ante
1261 1059 1364 1119 omnia
1388 1059 1419 1117 in

226 1165 359 1243 supremo
382 1167 536 1244 Concilio,
558 1168 644 1229 solito
666 1184 799 1245 tempore
821 1186 1009 1239 convocato,
1026 1172 1063 1231 de
1080 1189 1117 1232 eo
1137 1169 1260 1247 quanio
1277 1172 1418 1232 habenda

228 1280 277 1339 est.
299 1281 389 1362 Quod
409 1280 429 1340 sr
451 1301 467 1342 a
485 1280 619 1359 Syndicis
641 1283 802 1359 negleeium
824 1282 928 1357 fuerit,
949 1298 983 1344 ut
1003 1298 1066 1344 tum
1087 1284 1129 1358 ei,
1151 1284 1202 1359 qui
1223 1283 1347 1345 Senatui
1360 1284 1414 1360 (dc

229 1410 289 1469 quo
318 1411 388 1453 mox
415 1392 470 1453 erit
498 1392 585 1453 nobis
609 1392 726 1454 dicendi
746 1394 846 1472 locus)
867 1394 983 1469 praeest,
1004 1392 1166 1469 supremum
1188 1393 1358 1455 Concilium
1382 1411 1417 1451 ea

229 1506 264 1565 de
297 1522 327 1565 re
359 1522 475 1565 monere
507 1504 673 1580 incumbat,
701 1520 730 1565 et
759 1524 776 1565 a
804 1505 999 1584 syndicorum
1030 1504 1149 1582 praestde
1179 1504 1285 1565 silentii
1318 1503 1417 1565 habiti

229 1614 340 1675 causam
362 1614 495 1693 exigere,
516 1629 563 1691 et,
585 1612 656 1691 quid
677 1616 713 1675 de
736 1633 769 1674 ea
790 1613 914 1690 supremi
935 1613 1062 1675 Concilii
1080 1613 1223 1674 sententia
1241 1612 1293 1689 stt,
1312 1613 1414 1689 inqui-

228 1744 299 1787 rere.
320 1728 411 1809 Quod
432 1726 451 1786 st
473 1726 497 1787 is
520 1726 605 1787 etiam
626 1726 768 1801 tacuerit,
789 1741 823 1786 ut
844 1726 927 1786 causa
949 1728 985 1786 ab
1005 1744 1056 1802 eo,
1074 1726 1126 1803 qui
1144 1726 1278 1802 supremo
1292 1724 1414 1802 iudicio

228 1838 344 1915 praeest,
366 1840 413 1901 vel
434 1856 471 1899 eo
493 1838 579 1899 etiam
601 1852 717 1898 tacente
741 1839 776 1897 ab
798 1837 856 1897 alio
877 1856 1056 1915 quocunque
1078 1838 1205 1899 Patricio
1226 1836 1414 1914 suscipiatur,

228 1950 279 2026 qui
310 1966 368 2011 tam
390 1968 405 2009 a
426 1949 619 2029 Syndicorum
651 1968 738 2026 quam
768 1950 892 2011 Senatus
924 1966 954 2010 et
984 1949 1121 2031 Judicum
1152 1949 1272 2025 praelide
1304 1949 1413 2009 silentii

227 2062 369 2122 rationem
400 2060 508 2139 exigat.
548 2061 683 2137 Denique
716 2077 750 2122 ut
779 2063 827 2121 lex
858 2061 921 2137 illa,
953 2080 1011 2139 qua
1039 2060 1172 2137 juniores
1203 2061 1413 2134 secluduntur,

228 2174 322 2235 strid’te
350 2173 437 2235 etiam
464 2173 652 2249 observetur,
681 2173 863 2236 statuendum
894 2175 949 2250 est,
978 2190 1012 2235 ut
1035 2193 1152 2251 omnes,
1173 2174 1224 2252 qui
1245 2178 1282 2236 ad
1303 2192 1412 2235 annum

229 2285 324 2347 aetatis
344 2285 517 2364 trigesimum
539 2303 749 2362 pervenerunt,
772 2287 882 2365 quique
904 2286 1035 2363 expresso
1053 2286 1120 2365 J'ure
1139 2306 1154 2347 a
1173 2286 1330 2365 Regimine
1352 2304 1412 2347 non

228 2396 425 2474 secluduntur,
446 2397 527 2460 suum
548 2416 653 2460 nornen
676 2398 705 2460 in
724 2400 860 2478 catalogo
882 2418 978 2461 coram
1001 2398 1137 2480 Syndicis
1156 2398 1274 2461 inscribi
1293 2414 1413 2471 curent,

230 2527 260 2572 ct
281 2511 394 2587 accepti
416 2511 538 2572 honoris
559 2513 668 2591 signum
690 2514 853 2589 quoddam,
874 2513 985 2574 statuto
1007 2513 1106 2590 aliquo
1127 2511 1237 2588 pretio,
1257 2514 1293 2572 ab
1311 2512 1412 2574 iisdem

230 2623 376 2700 acciperc;
399 2640 434 2685 ut
454 2624 520 2700 ipsis
541 2626 628 2686 liceat
649 2641 759 2687 certum
781 2640 934 2701 ornatum,
955 2625 990 2686 iis
1011 2627 1216 2686 tantummodo
1233 2625 1412 2696 concellum,

228 2735 364 2812 induere,
392 2755 453 2812 quo
481 2735 706 2814 dignoscantur,
733 2752 764 2797 et
792 2737 823 2797 in
851 2737 963 2797 honore
988 2756 1004 2796 a
1026 2736 1145 2812 reliquis
1171 2737 1354 2810 habeantur;
1382 2749 1411 2792 et

228 2847 341 2908 interim
365 2847 431 2923 jure
459 2847 648 2910 constitutum
675 2847 729 2923 stt,
757 2864 790 2908 ut
811 2848 840 2908 in
862 2847 1053 2909 electionibus
1074 2847 1144 2908 nulli
1166 2847 1293 2908 Patricio
1315 2865 1407 2923 quen·

229 2979 315 3037 quam
343 2960 491 3022 nominare
519 2959 621 3036 liceat,
649 2960 699 3021 nist
729 2960 814 3037 cujus
842 2979 947 3022 nomen
975 2961 1005 3022 in
1035 2960 1182 3022 communi
1203 2961 1343 3038 catalogo
1365 2962 1406 3020 ln·

228 3072 365 3149 scriptum
387 3074 444 3150 est,
464 3073 553 3150 idque
575 3074 626 3133 sub
648 3073 729 3151 gravi
751 3091 847 3149 poena.
888 3074 927 3136 Et
949 3088 1087 3149 praeterea
1109 3093 1145 3135 ne
1166 3074 1303 3150 cuiquam
1321 3075 1406 3134 liceat

228 3183 356 3244 officium
378 3183 437 3247 five
458 3203 577 3259 munus,
595 3187 631 3246 ad
649 3188 731 3262 quod
749 3185 930 3248 subeundum
953 3185 1084 3264 eligitur,
1101 3185 1240 3247 recusare.
1254 3186 1407 3262 Denique,

227 3311 260 3357 ut
282 3297 379 3358 omnia
400 3297 532 3359 absolute
554 3298 781 3360 fundamentalia
803 3298 913 3375 imperii
928 3298 993 3375 jura
1012 3313 1119 3359 aterna
1136 3297 1205 3373 stat,
1223 3297 1405 3358 statuendum

227 3407 285 3484 est,
305 3407 325 3467 st
348 3407 413 3484 quis
434 3408 463 3468 in
484 3408 626 3484 Supremo
656 3409 793 3470 Concilio
823 3393 1010 3486 quaestionem
1038 3409 1157 3486 dejure
1178 3407 1278 3484 aliquo
1300 3408 1404 3469 funda·

228 3519 345 3579 mentali
376 3519 519 3595 moverit,
550 3535 655 3596 utpote
684 3523 720 3580 dc
749 3522 951 3600 prolonganda
983 3520 1105 3597 alicujus
1134 3521 1228 3583 Ducis
1258 3520 1405 3580 exercitus

228 3629 444 3707 dominatione,
474 3633 522 3696 tel
551 3635 587 3693 de
615 3650 736 3693 numero
767 3632 957 3694 Patriciotum
989 3633 1166 3707 minuendo,
1194 3648 1223 3693 et
1251 3631 1403 3702 similibus,

228 3757 261 3802 ut
282 3759 347 3802 reus
369 3741 531 3818 Maiestatis
552 3742 601 3817 srt,
622 3757 652 3802 et
675 3761 736 3804 non
754 3758 867 3804 tantum
885 3743 988 3805 mortis
1005 3745 1172 3818 damnetur,
1189 3742 1309 3820 ejusque
1327 3746 1402 3803 bona

227 3853 459 3931 proscribantur,
481 3853 530 3915 scd
551 3870 585 3915 ut
606 3854 739 3930 supplicii
762 3854 883 3932 aliquod
905 3856 1013 3935 lignum
1035 3857 1064 3916 in
1083 3871 1219 3917 aeternam
1237 3854 1278 3915 rei
1297 3874 1401 3916 memo·

225 3963 294 4024 riam
317 3965 345 4024 in
368 3965 488 4041 publico
521 3965 655 4027 emineat.
697 3967 746 4027 Ad
777 3965 889 4043 reliqua
921 3984 992 4028 vcro
1024 3965 1188 4027 communia
1209 3965 1322 4042 imperii
1339 3965 1400 4041 jura

226 4074 426 4136 stabiliendum
453 4075 576 4152 sufficit,
604 4076 624 4136 sr
653 4080 742 4139 modo
764 4077 921 4154 statuatur,
943 4092 978 4138 ut
998 4079 1062 4137 Lex
1083 4079 1161 4138 nulla
1183 4078 1330 4157 abrogari,
1352 4093 1399 4137 nec

226 4205 305 4250 nova
325 4187 412 4248 condi
431 4189 531 4264 possit,
548 4186 600 4248 nist
619 4189 698 4264 prius
717 4190 910 4267 Syndicorunt
932 4189 1097 4250 Concilium
1104 4207 1153 4265 ,ct
1165 4191 1270 4250 deinde
1281 4186 1397 4266 supremi

225 4298 353 4358 Concilii
383 4315 440 4360 tres
468 4317 595 4376 quarta,
617 4317 667 4361 aut
689 4317 817 4376 quatuor
838 4302 949 4378 quintae
969 4317 1068 4378 partes
1089 4302 1119 4362 in
1141 4321 1177 4362 eo
1200 4303 1389 4365 convenerint
