2934 4900
200 328 256 374 roo
529 373 535 382 ,
619 311 799 375 Ethicer
828 312 956 374 Ptrrll.

195 488 352 550 humanum
383 487 589 564 componentis
619 488 660 550 est
690 488 864 567 dicendum
894 491 1029 568 adeoque
1060 487 1260 566 cujuscunque
1290 501 1387 564 partis

196 601 313 678 Corpus
339 601 497 664 humanum
522 601 728 678 componentis
750 601 884 681 cognitio
905 602 936 664 in
956 602 1023 663 Deo
1044 601 1102 677 est,
1123 615 1271 677 quatenus
1290 597 1385 675 pluri·

196 715 250 776 init
269 733 364 776 rerum
385 713 459 776 ideis
482 715 603 777 affectus
624 715 682 792 est,
709 730 822 776 ernon
843 729 989 792 quatenus
1011 711 1154 790 Corporis
1174 708 1295 773 humani
1316 724 1383 771 tan·

195 841 256 887 rum
276 826 368 887 habet
388 825 497 903 ideam,
517 826 576 887 hoc
597 825 638 887 est
659 826 733 906 (per
743 828 833 906 Prop.
848 842 893 904 13.
905 824 1005 904 iujos)
1027 822 1138 900 ideam,
1158 840 1224 900 quae
1243 822 1381 884 humanae

195 937 308 1000 Mentis
328 954 459 1000 naturam
480 938 646 1016 constituit;
668 955 758 1016 atque
780 940 855 1001 odeo
878 937 951 1018 (prr
973 938 1077 998 Coroli.
1098 938 1188 1016 Prop.
1212 952 1257 996 rr.
1279 932 1382 1012 hujus)

194 1048 319 1110 humana
347 1049 434 1112 Mens
461 1050 586 1126 partium
615 1049 732 1126 Corpus
757 1050 915 1111 humanum
936 1047 1177 1126 componentium
1198 1048 1382 1123 adaequatam

195 1159 394 1239 cognitionem
416 1178 476 1222 non
496 1159 637 1224 involvit.
681 1162 715 1239 Q.
737 1162 775 1222 E.
794 1162 836 1222 D.

559 1347 889 1411 PROPOSITIO
919 1347 1015 1408 XXV.

234 1493 305 1554 Idea
331 1491 520 1571 cujuscunque
546 1489 703 1569 offeiiionis
733 1491 870 1571 Corporis
897 1488 1017 1552 humani
1043 1491 1226 1568 adaequoram
1252 1493 1382 1570 corporis

193 1608 308 1664 externi
328 1607 510 1681 cognitionem
531 1623 585 1664 non
604 1605 739 1666 invoivit.

594 1792 991 1837 nomonsxxnrlo

233 1903 330 1964 Idenm
358 1901 521 1964 affeiiionis
550 1903 692 1980 Corporis
719 1902 839 1964 humani
860 1918 983 1965 eatenus
1004 1900 1137 1978 corporis
1157 1900 1271 1962 externi
1292 1915 1378 1961 natu-

194 2031 253 2074 rnm
273 2013 425 2077 involvere
448 2015 625 2078 ostendimus
647 2016 728 2095 (vide
749 2019 838 2097 Prop.
853 2019 899 2078 16.
920 2015 1038 2095 inpiis),
1059 2031 1206 2093 quatenus
1226 2029 1379 2076 externum

194 2127 287 2203 ipsum
308 2128 465 2191 humanum
484 2129 602 2206 Corpus
620 2146 703 2191 certo
722 2132 850 2207 quodam
867 2132 957 2192 modo
976 2119 1161 2192 determinat.
1182 2130 1381 2206 Atquatenus

193 2255 345 2302 externum
377 2258 485 2318 corpus
514 2242 704 2307 individuum
736 2243 794 2319 est,
826 2246 909 2320 quod
930 2244 966 2304 ad
988 2243 1107 2321 Corpus
1135 2243 1295 2304 humanum
1322 2259 1381 2302 non

193 2353 333 2428 refertur,
360 2351 424 2430 ejus
451 2353 517 2415 idea
545 2353 605 2417 five
633 2354 767 2434 cognitio
796 2355 827 2416 in
855 2357 922 2416 Deo
949 2355 989 2416 est
1010 2354 1084 2435 (per
1103 2356 1193 2435 Prop.
1213 2373 1242 2432 9.
1263 2352 1382 2434 hujus),

193 2480 340 2541 quatenus
360 2467 442 2528 Deus
463 2467 584 2530 offeiius
606 2466 805 2529 consideratur
825 2468 948 2530 alterius
967 2467 1010 2530 rei
1032 2467 1114 2545 idei,
1131 2486 1197 2545 quae
1209 2467 1283 2547 (per
1291 2470 1380 2547 Prop.

194 2593 222 2653 7.
250 2576 350 2658 iujos)
379 2577 443 2655 ipso
472 2596 596 2655 corpore
624 2596 749 2642 externo
777 2580 858 2657 prior
889 2581 931 2642 est
963 2583 1077 2643 maturi.
1119 2581 1217 2663 Quare
1248 2580 1380 2657 corporis

193 2691 307 2753 externi
328 2695 481 2769 adaequata
503 2692 637 2772 cognitio
655 2693 685 2755 in
703 2694 770 2754 Deo
788 2712 849 2755 non
867 2693 922 2770 est,
940 2708 1087 2771 quatenus
1105 2693 1199 2754 ideam
1217 2691 1381 2755 affeitionis

191 2803 310 2864 humani
339 2803 481 2880 Corporis
508 2804 614 2881 habet,
643 2804 702 2868 five
728 2804 794 2867 idea
816 2803 980 2867 affetiionis
1000 2804 1145 2883 Corporis
1163 2805 1282 2866 humani
1303 2806 1379 2867 adae-

193 2931 310 2993 quntnm
332 2916 464 2992 corporis
485 2916 600 2979 externi
622 2916 823 2995 cognitionem
845 2935 906 2979 non
927 2916 1066 2981 involvit.
1109 2919 1143 2996 Q.
1165 2919 1203 2980 E.
1223 2919 1264 2979 D.

550 3097 880 3161 PROPOSITIO
910 3099 1021 3161 XXVI.

232 3226 319 3285 Mens
345 3224 472 3286 humana
502 3228 609 3286 nullum
637 3241 739 3307 corpus
765 3240 914 3287 externum
939 3241 975 3289 ut
998 3228 1064 3288 abiu
1091 3229 1212 3307 existens
1233 3234 1380 3311 percipit,

191 3334 246 3413 ,rifi
260 3348 317 3415 per
335 3338 416 3397 ideas
436 3335 613 3415 offeiiionorn
629 3340 683 3415 soi
705 3340 852 3418 Corporis.

592 3519 989 3567 nzmonsrxnxlo

231 3625 261 3686 Si
283 3644 299 3686 a
320 3644 442 3703 corpore
464 3628 563 3706 aliquo
585 3645 708 3691 externo
730 3631 848 3708 Corpus
865 3632 1022 3694 humanum
1040 3636 1122 3696 nullo
1140 3638 1230 3697 modo
1241 3635 1378 3699 affciium

192 3738 248 3815 est;
276 3756 345 3817 ergo
375 3738 449 3819 (per
469 3742 558 3820 Prop.
580 3758 607 3817 7.
628 3741 729 3823 liujus)
758 3762 813 3804 nec
840 3744 907 3805 idea
934 3745 1077 3821 Corporis
1098 3747 1218 3809 humani
1225 3793 1235 3823 ,
1255 3748 1314 3808 hoc
1336 3749 1378 3810 est

192 3849 265 3929 (per
285 3852 373 3929 Prop.
397 3867 443 3928 13.
464 3851 565 3931 liujus)
587 3872 641 3915 nec
662 3855 751 3916 Mens
771 3856 915 3932 humana,
942 3857 1008 3919 idei
1027 3858 1190 3922 existentiae
1211 3860 1288 3922 illius
1310 3878 1376 3921 cor·
1441 3897 1442 3932 1

190 3959 271 4036 poris
303 3961 364 4021 ulio
397 3960 484 4022 etiam
516 3966 605 4027 modo
638 3966 741 4029 affecta
771 3967 828 4043 est,
859 3966 919 4030 ssve
941 3968 1123 4030 existentiam
1144 3970 1222 4033 illius
1242 3974 1378 4049 corporis

192 4072 305 4134 externi
323 4074 383 4134 ulio
402 4076 491 4135 modo
508 4076 643 4153 percipit.
664 4080 706 4139 At
728 4094 874 4155 quotenus
896 4081 1014 4158 Corpus
1034 4081 1190 4144 humanum
1212 4104 1229 4144 a
1250 4103 1376 4162 corpore
1440 4065 1441 4099 x

193 4182 292 4261 aliquo
314 4200 438 4246 externo
460 4186 560 4263 aliquo
582 4191 672 4250 modo
694 4190 834 4266 afficitur,
854 4208 977 4255 eatenus
1006 4194 1078 4273 (per
1098 4196 1186 4273 Prop.
1211 4198 1257 4256 16.
1287 4195 1375 4273 liujus
1439 4227 1440 4266 n

192 4314 253 4354 com
275 4296 377 4357 Coroii.
397 4296 534 4377 ejusdem)
556 4317 664 4376 corpus
683 4316 837 4363 externum
857 4302 993 4380 percipit.
1036 4306 1070 4383 Q.
1091 4307 1128 4367 Ε.
1148 4307 1188 4367 D.
