2934 4900
381 346 969 429 Emendatione'Tractatus.
1226 379 1265 448 29

76 538 153 596 unde
181 535 276 597 anima
304 536 414 598 habeat
440 537 582 599 rationein
613 536 769 614 patientis;
798 538 917 613 perinde
945 538 1021 600 enim
1052 540 1093 601 est
1124 541 1266 618 quicquid

75 647 191 723 capias,
212 648 368 725 postquam
389 649 526 711 novimus
547 652 667 711 eandein
689 650 761 727 quid
782 670 888 730 vagum
910 650 983 727 elle,
1005 668 1035 711 et
1055 671 1070 711 a
1089 669 1150 727 quo
1171 653 1264 715 anima

76 760 204 835 patitur,
224 776 256 821 et
276 760 360 823 limul
380 762 467 823 etiam
488 762 624 825 nouimus
635 807 646 839 ,
666 764 819 839 quomodo
840 782 898 839 ope
921 763 1085 826 intelledlus
1106 767 1143 824 ab
1164 768 1264 826 eadem

75 874 239 936 liberamur.
267 876 367 957 Quare
388 874 475 935 etiarn
496 894 581 935 nenio
603 874 732 951 iniretur,
753 892 798 934 me
819 870 876 933 hic'
889 876 1020 936 nondum
1043 876 1182 950 probare,
1203 875 1264 936 dari

74 1004 185 1061 corpus
213 1006 245 1049 et
272 988 327 1048 alia
356 986 526 1062 becellaria,
556 1004 585 1047 et
615 1003 711 1047 tamen
733 986 817 1063 loqui
839 987 875 1046 de
898 984 1122 1066 imaginatione,
1142 991 1178 1049 de
1200 1007 1264 1050 cor·

71 1116 168 1176 pore,
199 1116 231 1161 et
263 1100 326 1177 ejus
358 1098 578 1161 constitutione.
619 1100 755 1175 Nempe,
788 1114 822 1159 ut
853 1098 936 1174 dixi,
967 1100 1008 1161 est
1040 1100 1160 1176 perinde
1192 1102 1263 1177 quid

72 1212 206 1287 capiam,
228 1212 381 1289 postquam
402 1210 476 1273 novi
497 1207 552 1270 elle
575 1208 646 1285 quid
668 1227 792 1288 vagum,
814 1225 871 1270 etc.

113 1326 159 1386 At
190 1324 285 1386 ideam
317 1342 413 1387 verani
443 1321 599 1399 simplicem
631 1320 688 1381 else
720 1321 914 1397 ostendimus,
946 1338 998 1384 aut
1026 1342 1064 1385 ex
1088 1324 1264 1401 simplicibus

72 1437 285 1513 compositam,
315 1454 348 1499 ut
380 1454 445 1513 quae
477 1432 621 1509 ostendit,
652 1436 804 1511 quomodo
844 1450 873 1495 ci
913 1454 965 1495 cur
998 1436 1109 1513 aliquid
1143 1436 1178 1499 sii
1213 1455 1264 1499 aut

74 1549 184 1610 fallunt
212 1548 265 1624 fit,
293 1565 322 1609 et
344 1550 425 1625 quod
447 1546 534 1623 ipllus
556 1546 678 1607 effectus
699 1544 841 1622 objellivi
862 1545 891 1605 in
914 1546 1007 1607 anima
1037 1552 1200 1623 procedunt
1228 1554 1264 1611 ad

71 1660 219 1721 rationem
241 1660 426 1722 sornialitatis
446 1658 535 1736 iplius
556 1658 680 1735 objetli;
702 1658 732 1718 id
754 1659 836 1733 quod
856 1658 932 1719 idem
960 1658 1017 1735 est,
1047 1663 1129 1737 quod
1150 1677 1265 1723 veteres

72 1772 236 1848 dixerunt,
257 1790 362 1847 nempe
381 1789 478 1833 veram
500 1769 648 1831 scientiam
669 1771 829 1845 procedere
850 1790 865 1830 a
888 1771 973 1831 causa
995 1774 1032 1832 ad
1053 1772 1190 1849 effessum
1212 1773 1264 1834 nisi

71 1888 156 1959 quod
188 1896 355 1961 nunquam,
386 1886 467 1961 quod
500 1880 602 1955 sciam,
634 1897 851 1957 conceperunt,
882 1881 926 1942 uti
959 1902 1015 1943 nos
1045 1884 1109 1960 liic,
1143 1886 1264 1946 animam

74 1996 237 2058 secundum
266 2014 360 2057 certas
386 1998 466 2074 leges
494 2010 645 2073 agentern,
672 2010 703 2054 et
729 1993 808 2070 quasi
829 1993 949 2070 aliquod
969 2011 1087 2057 automa
1109 1996 1264 2073 spirituale.

76 2109 168 2169 Unde
187 2124 331 2184 quantum
349 2108 379 2169 in
397 2106 484 2167 initio
502 2105 602 2179 licuit,
620 2104 825 2183 acquisivimus
839 2104 974 2166 notitiam
986 2106 1074 2167 nostri
1085 2106 1266 2183 intelledlus,

76 2237 106 2280 et
138 2221 227 2280 talem
260 2238 388 2281 normam
422 2236 498 2281 verae
527 2218 617 2293 idea,
644 2233 678 2279 ut
702 2215 761 2293 jam
789 2234 849 2276 non
870 2234 1032 2293 vereamur,
1052 2238 1089 2279 ne
1110 2237 1177 2281 vera
1199 2240 1263 2282 cuin

76 2332 153 2393 fallis
185 2349 238 2393 aut
269 2332 343 2395 ficiis
374 2332 607 2407 confundamus3
639 2348 692 2389 nec
725 2327 812 2388 etiam
842 2327 1022 2403 mirabimur,
1050 2348 1102 2391 cur
1132 2334 1264 2407 quadarn

75 2444 290 2525 intelligamus,
311 2463 377 2522 quae
399 2445 478 2506 nullo
501 2444 589 2504 niodo
611 2442 663 2503 sub
684 2439 920 2520 imaginationem
942 2443 1108 2517 cadunt,et
1131 2443 1185 2506 alia
1207 2444 1263 2506 sint

75 2557 105 2616 in
134 2557 361 2635 imaginatione,
389 2575 454 2634 quae
480 2556 594 2632 prorsus
624 2569 799 2633 oppugnant
826 2553 1021 2629 intellestum,
1053 2555 1107 2616 alia
1136 2557 1262 2633 denique

76 2685 142 2727 iiim
164 2665 315 2730 intellellu
336 2667 524 2730 conveniant.
552 2664 799 2748 Quandoquidem
821 2665 958 2726 novimus
979 2667 1166 2742 operationes
1187 2668 1266 2744 illas,

76 2799 91 2838 a
123 2779 234 2855 quibus
265 2779 487 2859 imaginationes
521 2781 745 2855 producuntur,
781 2776 844 2838 fieri
877 2778 1035 2839 secundum
1067 2779 1137 2840 alias
1167 2781 1266 2857 leges,

77 2891 197 2966 prorsus
218 2891 345 2952 diversas
367 2911 383 2952 a
404 2891 518 2970 legibus
538 2889 719 2965 intellellus,
741 2904 772 2950 et
793 2889 915 2950 animam
937 2889 1010 2951 circa
1028 2891 1264 2970 imaginationem

77 3017 192 3063 tantum
222 3003 328 3064 babere
360 3003 502 3064 rationem
533 3003 683 3080 patientis.
723 3003 771 3062 Eri
802 3021 863 3078 quo
895 3001 982 3064 ctiam
1013 3005 1143 3080 constat,
1176 3025 1263 3082 quain

76 3114 162 3174 facile
184 3114 205 3174 ii
225 3114 255 3174 in
278 3132 398 3194 magnos
419 3133 529 3177 errores
550 3113 669 3191 possunt
690 3114 801 3189 delabi,
821 3112 872 3190 qui
894 3132 953 3174 non
975 3131 1109 3177 accurate
1125 3114 1263 3176 distinxe-

75 3241 146 3286 runt
167 3225 245 3286 inter
265 3225 501 3306 imaginationem
523 3241 553 3287 et
574 3224 808 3288 intelledionem.
829 3226 862 3285 ln
884 3225 940 3286 hos
961 3243 1008 3286 ex.
1028 3244 1090 3303 gn,
1110 3229 1192 3302 quod
1213 3245 1264 3286 ex-

77 3333 172 3396 tenlio
194 3337 302 3397 debeat
323 3336 379 3398 elle
401 3337 535 3412 inloto,
557 3340 662 3399 debeat
684 3335 740 3398 elle
762 3337 861 3411 linita,
881 3337 965 3414 cujus
984 3355 1080 3413 partes
1091 3341 1127 3400 ab
1139 3338 1264 3401 invicem

77 3447 327 3528 distinguantur*
358 3449 489 3526 realiter,
520 3453 600 3527 quod
632 3449 666 3512 sit
697 3450 818 3526 primuni
846 3466 877 3511 et
898 3451 1015 3512 unicum
1044 3453 1264 3514 fundamentum

78 3561 209 3622 omnium
230 3580 346 3638 reruni,
374 3579 403 3624 et
425 3582 486 3625 uno
507 3579 638 3640 tcnipore
659 3563 752 3641 majus
774 3563 896 3640 spatium
919 3580 1046 3641 occupet
1074 3583 1158 3641 quain
1190 3565 1266 3639 alio,

77 3676 229 3750 multaque
251 3673 393 3752 ejusmodi
414 3675 486 3752 alla,
508 3695 572 3754 quae
595 3677 690 3738 omnia
714 3677 830 3753 prorsus
852 3694 1024 3756 oppugnant
1046 3677 1215 3755 veritatem,
1232 3695 1264 3740 ut

76 3785 131 3845 suo
153 3785 222 3845 loco
244 3784 437 3848 ostendemus.

116 3896 235 3958 Deinde
263 3916 328 3958 cum
357 3902 445 3960 verba
474 3899 529 3960 sini
557 3919 623 3976 pars
644 3898 878 3980 imaginationis,
898 3901 955 3962 ltoc
977 3901 1033 3976 est,
1056 3904 1154 3977 quod,
1175 3918 1263 3977 proiit

78 4028 153 4088 uage
170 4027 209 4070 cx
228 4009 323 4085 aliqua
344 4009 534 4086 dispositione
552 4012 685 4088 corporis
704 4028 923 4087 componuntur
940 4010 968 4071 in
987 4011 1141 4086 memoria,
1155 4012 1263 4073 multos

77 4135 244 4196 conceptus
264 4122 423 4201 fingamus,
443 4123 512 4185 idco
534 4143 594 4184 noir
616 4123 826 4198 dubitandum,
853 4122 923 4200 quin
945 4122 1031 4184 etiam
1053 4126 1159 4200 verba,
1180 4143 1263 4200 aequc

117 4365 129 4392 ’
163 4363 212 4413 Ed.
229 4363 270 4412 Pr.
287 4363 491 4428 distinguuntur·
