2934 4900
234 321 294 424 ssi
710 322 949 408 ''stactatus'

231 517 419 579 traditionem
445 520 482 579 ad
509 518 614 579 Mosen
636 517 728 596 usque
748 519 918 597 proferunt,
939 537 1001 580 eam
1022 519 1120 582 salsam
1142 499 1199 583 else
1219 523 1419 599 reperiemus,

234 633 314 706 quod
337 629 394 692 alio
416 631 444 692 in
466 633 534 693 loco
557 632 688 694 ostendo.
710 633 808 715 Quare
829 632 898 694 talis
917 632 1039 694 traditio
1056 634 1144 696 nobis
1161 638 1318 698 admodum
1331 641 1421 700 debet

234 741 289 802 else
310 741 455 820 suspeda3
483 759 512 804 et
541 762 705 821 quanquam
727 763 782 806 nos
804 745 833 806 in
855 745 952 805 nostra
972 745 1114 808 methodo
1140 749 1309 828 Judaeorum
1330 751 1422 811 tradi-

232 853 343 915 tionem
364 853 505 932 aliquam,
526 871 559 917 ut
588 855 801 932 incorruptam,
828 856 960 935 cogimur
988 856 1169 934 supponere,
1189 877 1293 936 nempe
1312 861 1422 940 fignifi-

232 967 377 1029 cationem
399 971 554 1032 verborum
575 969 681 1048 lingua
704 969 873 1044 hebraica,
895 988 981 1047 quam
1002 973 1039 1031 ab
1060 970 1161 1032 iisdem
1181 973 1367 1052 accepimus,
1383 979 1422 1036 de

232 1079 279 1139 illa
310 1095 406 1142 tamen
438 1081 621 1158 dubitamus,
652 1084 688 1141 de
719 1080 894 1155 hacautem
914 1081 1043 1142 minime.
1063 1083 1139 1143 Nam
1160 1083 1268 1144 nemini
1288 1104 1422 1162 unquam

231 1212 269 1254 ex
289 1193 343 1254 usu
363 1192 419 1254 eise
440 1192 557 1270 potuit,
577 1193 699 1269 alicujus
720 1193 803 1256 verbi
832 1193 1070 1271 significationem
1099 1208 1227 1272 mutate,
1247 1211 1278 1257 at
1298 1199 1423 1274 quidem

231 1324 291 1366 non
312 1323 376 1366 raro
403 1305 514 1367 sensum
542 1305 665 1382 alicujus
692 1299 844 1366 orationis.
874 1305 954 1388 Quin
976 1321 1007 1366 et
1029 1307 1111 1368 fastu
1135 1307 1336 1370 difficillimum
1358 1313 1424 1388 est;

231 1437 295 1479 nam
327 1419 378 1496 qui
410 1417 492 1480 verbi
522 1415 645 1494 aliquus
675 1416 915 1495 significationem
936 1433 1093 1479 conaretur
1113 1433 1241 1496 mutare,
1261 1437 1424 1499 cogeretur

230 1529 312 1592 simul
341 1547 443 1592 omnes
473 1529 628 1604 authores,
660 1529 711 1605 qui
739 1529 787 1589 illa
815 1528 914 1607 lingua
936 1528 1127 1605 scripserunt,
1147 1544 1177 1590 et
1197 1530 1250 1592 illo
1272 1535 1367 1594 verbo
1390 1533 1423 1592 in

230 1656 346 1717 recepta
368 1641 417 1702 sua
438 1639 648 1720 significatione
670 1638 711 1701 usi
733 1640 800 1701 sunt
807 1685 817 1717 ,
835 1659 871 1700 ex
890 1639 1009 1718 ingenio
1021 1642 1069 1702 vel
1079 1655 1177 1702 mente
1186 1642 1423 1720 uniuscuiusque

230 1753 391 1830 explicare,
411 1753 459 1816 vel
480 1752 586 1813 summa
607 1770 673 1813 cum
695 1752 834 1814 cautione
857 1754 1024 1829 depravare.
1043 1753 1158 1815 Deinde
1170 1755 1422 1834 vulguslinguam

230 1884 294 1926 cum
321 1865 416 1928 doctis
443 1864 557 1941 servat,
582 1863 680 1925 sensus
708 1879 805 1925 autem
827 1864 996 1926 orationum
1017 1879 1048 1926 et
1067 1865 1159 1927 libros
1181 1867 1260 1929 dodi
1282 1883 1422 1944 tantum;

230 1997 263 2040 ac
285 1978 408 2054 proinde
429 1978 513 2040 facile
534 1975 682 2054 possumus
702 1975 880 2053 concipere,
900 1979 1005 2039 dodos
1026 1977 1138 2039 sensum
1158 1978 1302 2040 orationis
1325 1981 1421 2041 alicu-

225 2087 275 2164 jus
296 2089 360 2150 libri
381 2087 525 2165 rarissimi,
546 2107 631 2166 quem
651 2087 682 2148 in
703 2087 755 2150 sua
776 2087 922 2164 potestate
942 2087 1126 2166 habuerunt,
1146 2105 1258 2151 mutare
1279 2092 1330 2152 vel
1352 2111 1422 2152 cor·

229 2218 361 2277 rumpere
388 2200 531 2278 potuisse,
559 2219 619 2262 non
641 2216 739 2262 autem
760 2203 915 2263 verborum
937 2199 1196 2280 significationem
1217 2195 1292 2262 adde
1314 2206 1421 2279 quod,

228 2313 250 2374 ss
272 2315 338 2393 quis
360 2313 481 2391 alicujus
507 2311 590 2376 verbi
618 2311 874 2392 significationem,
902 2313 951 2373 cui
971 2312 1142 2388 consuevit,
1163 2313 1193 2373 in
1213 2313 1297 2373 aliam
1319 2331 1420 2375 muta·

228 2443 258 2488 re
279 2427 368 2505 velit,
388 2445 448 2488 non
469 2425 580 2503 poterit
599 2423 658 2487 stne
679 2423 852 2485 difficultate
873 2423 903 2485 id
925 2423 1111 2502 imposterum
1133 2440 1164 2486 et
1184 2424 1262 2486 inter
1283 2427 1418 2503 loquen-

228 2544 296 2603 dum
327 2556 357 2602 et
388 2539 569 2601 scribendum
601 2537 766 2602 observare.
803 2537 851 2598 Ex
881 2536 928 2599 his
958 2538 1060 2617 itaque
1090 2554 1121 2600 et
1152 2538 1216 2600 aliis
1245 2538 1419 2601 rationibus
1445 2585 1447 2616 ,

228 2652 312 2713 facile
332 2652 419 2713 nobis
440 2636 660 2729 persuademus,
682 2649 790 2712 nemini
811 2650 841 2710 in
863 2664 988 2711 mentem
1009 2650 1109 2715 venire
1130 2648 1419 2731 potuisse,linguam
1444 2629 1446 2708 i

228 2763 351 2841 aliquam
374 2781 574 2840 corrumpere;
596 2778 625 2823 at
647 2761 765 2839 quidem
786 2760 862 2837 saepe
882 2776 1008 2822 mentem
1029 2761 1419 2839 alicuiusScriptoris,ejus
1442 2725 1445 2800 i

227 2876 375 2937 orationes
396 2879 553 2951 mutando,
574 2876 623 2939 vel
644 2874 757 2936 easdem
778 2890 928 2949 perperam
951 2872 1182 2950 interpretando.

266 2988 340 3049 Cum
361 2988 460 3065 itaque
480 2987 543 3049 haec
559 2986 655 3048 nostra
675 2987 832 3048 methodus
853 2986 984 3066 (quaein
1006 3003 1043 3048 eo
1064 2986 1418 3066 fundatut,utcognitio

226 3102 383 3179 Scriptura
415 3104 451 3162 ab
483 3102 582 3163 eadem
612 3100 673 3162 sola
705 3102 839 3180 petatur)
865 3100 953 3162 unica
973 3114 1004 3160 et
1024 3118 1093 3163 vera
1114 3097 1166 3176 stt,
1186 3099 1330 3177 quicquid
1350 3100 1418 3176 ipsa

225 3214 356 3290 praestare
377 3232 437 3274 non
460 3212 569 3289 poterit
579 3214 615 3273 ad
626 3212 767 3291 integram
788 3211 944 3288 Scripturae
966 3210 1166 3288 cognitionem
1188 3210 1416 3287 acquirendam,

226 3328 262 3386 de
283 3344 320 3386 eo
342 3326 426 3401 plane
447 3324 664 3399 desperandum.
706 3322 788 3406 Quid
808 3338 906 3384 autem
927 3321 988 3398 ipsa
1009 3322 1192 3383 difficultatis
1211 3323 1342 3397 habeat,
1364 3328 1414 3385 vel

226 3436 297 3514 quid
318 3436 347 3517 in
369 3436 429 3513 ipsa
450 3434 681 3512 desiderandum,
698 3450 732 3496 ut
751 3436 788 3495 ad
808 3434 949 3512 integram
969 3448 1000 3493 et
1021 3450 1129 3493 certam
1150 3432 1292 3496 sacrorum
1316 3414 1411 3496 Codi-

226 3568 290 3611 cum
319 3549 519 3628 cognitionem
546 3567 602 3610 nos
623 3552 729 3611 ducere
751 3548 853 3624 possit,
874 3546 922 3607 hic
939 3546 999 3622 jam
1020 3546 1185 3609 dicendum.
1226 3550 1336 3627 Magna
1356 3548 1410 3609 im-

224 3660 324 3737 primis
345 3660 374 3721 in
396 3660 451 3722 hac
468 3660 609 3722 methodo
628 3660 723 3723 oritur
740 3658 896 3721 difficultas
915 3676 952 3719 ex
970 3677 1027 3735 eo,
1045 3662 1127 3735 quod
1137 3659 1244 3739 linguae
1254 3660 1410 3721 Hebraicae

224 3772 364 3851 integram
395 3772 595 3852 cognitionem
624 3771 726 3851 exigit.
767 3773 809 3832 At
831 3771 894 3831 haec
923 3773 1001 3832 unde
1027 3769 1086 3846 jam
1107 3772 1260 3847 petenda?
1279 3772 1410 3848 Antiqui

224 3884 330 3963 linguae
351 3884 503 3945 Hebraicae
525 3883 654 3944 cultores
675 3883 748 3943 nihil
770 3880 934 3958 posteritati
956 3883 993 3942 de
1015 3880 1213 3942 fundamentis
1230 3896 1261 3941 et
1275 3882 1409 3943 doctrina

224 3994 312 4072 hujus
332 3995 438 4074 linguae
459 3994 655 4072 reliquerunt;
673 4012 729 4055 nos
741 3994 842 4055 saltem
852 3995 889 4055 ab
900 3994 1001 4055 iisdem
1022 3994 1095 4055 nihil
1114 3993 1233 4071 prorsus
1253 3992 1408 4053 habemus:
1429 4021 1430 4066 q

168 4088 171 4093 Δ
225 4126 284 4168 non
316 4108 406 4168 ullum
438 4106 652 4170 Diuionarium
682 4124 780 4183 neque
811 4106 1052 4180 Grammaticam,
1082 4124 1178 4182 neque
1200 4104 1429 4179 Rhetoricam;÷

223 4220 349 4280 Hebraea
370 4233 466 4279 autem
488 4217 570 4281 natio
592 4218 690 4279 omnia
712 4234 883 4280 ornamenta
910 4236 1056 4297 omneque
1077 4220 1167 4279 decus
1187 4216 1316 4294 perdidit
1337 4216 1403 4295 (nec
1427 4207 1428 4246 i

223 4328 343 4403 mirum,
373 4328 525 4404 postquam
557 4344 604 4391 tot
638 4312 736 4391 ciades
766 4346 797 4390 et
828 4327 1047 4405 persecutiones
1078 4326 1155 4403 passa
1185 4326 1259 4405 est),
1279 4344 1334 4387 nec
1353 4324 1399 4385 nis
1425 4377 1426 4428 ,
