2934 4900
545 276 684 354 Caput
715 280 769 339 III.
1188 292 1247 358 295

45 444 159 508 ratione
195 448 315 526 pollet,
346 451 397 512 nist
428 452 543 513 Civitas
574 452 603 515 id
636 454 729 531 ipsunt
758 455 882 515 maxime
903 455 1054 531 intendat,
1075 458 1157 533 quod
1179 456 1246 516 sana

44 558 136 621 Ratio
160 560 308 623 omnibus
328 562 495 625 hominibus
517 565 589 626 utile
611 566 665 629 elle
688 568 787 627 docet.

84 669 112 747 ᾗ.
134 673 227 732 VIII.
270 675 407 735 Secundo
435 676 519 739 venit
547 656 633 738 etiant
656 676 912 754 considerandum,
933 682 1015 756 quod
1036 679 1144 741 subdiri
1165 695 1245 741 eate-

45 800 101 841 nus
130 802 196 843 non
230 784 291 861 sul,
320 786 368 847 led
396 786 535 848 Cluitatis
556 788 634 869 Juris
662 790 735 867 sant,
757 805 903 867 quatenus
924 790 988 867 ejus
1009 790 1174 867 potentiam
1197 791 1246 852 seu

46 892 139 953 mitras
169 912 330 974 metuunt,
357 901 405 959 vel
433 915 577 977 quatenus
607 900 710 963 statum
739 901 855 963 civilem
885 919 981 963 amant
1013 903 1085 981 (per
1105 902 1175 963 Art.
1200 921 1245 965 10.

43 1010 169 1083 praeced.
195 1012 298 1090 Cap).
338 1012 385 1071 Ex
417 1032 477 1089 quo
509 1012 655 1090 sequitur,
688 1015 770 1091 quod
791 1033 825 1074 ea
846 1012 961 1090 omnia,
989 1016 1026 1075 ad
1048 1034 1112 1092 quae
1135 1019 1246 1092 agenda

48 1138 133 1179 nemo
166 1123 299 1197 praemiis
326 1140 377 1185 aut
405 1124 490 1185 minis
517 1124 616 1187 induci
637 1124 752 1201 potest,
772 1127 809 1186 ad
827 1126 891 1203 jura
913 1125 1054 1188 CluitatIs
1075 1146 1135 1187 non
1156 1127 1246 1203 perti-

49 1248 147 1293 neant.
192 1234 253 1296 Ex.
274 1254 315 1315 gr.
333 1236 484 1311 judicandi
508 1238 647 1299 facultate
669 1256 755 1298 nemo
777 1240 880 1299 cedere
900 1238 1013 1315 potest:
1036 1238 1145 1316 quibus
1165 1240 1243 1300 enlm

50 1346 176 1417 praemiis
208 1364 261 1409 aut
289 1347 373 1409 minis
401 1348 500 1411 Induci
528 1350 625 1426 potest
651 1351 759 1427 hom0,
787 1367 821 1411 nt
849 1354 965 1426 credat,
985 1366 1083 1414 totum
1104 1371 1164 1413 non
1186 1351 1256 1424 else,

53 1454 98 1515 lua
118 1474 212 1533 parte
234 1460 339 1537 majus;
360 1477 411 1523 aut
432 1464 513 1539 quod
534 1464 615 1524 Deus
637 1482 696 1524 noa
719 1463 836 1538 existam
858 1478 909 1524 aut
930 1466 1012 1540 quod
1029 1467 1245 1540 eorpus,quod

54 1566 132 1629 uidet
156 1572 291 1647 finitum,
312 1573 372 1633 Ens
394 1574 538 1635 infinitum
561 1574 616 1635 elle
637 1578 751 1650 credat;
773 1591 803 1636 et
825 1575 957 1637 absolute
969 1590 1002 1636 ut
1014 1575 1123 1653 aliquid
1143 1592 1246 1637 contra

52 1678 97 1752 iel,
118 1687 208 1758 quod
241 1684 328 1745 sentit
357 1689 403 1748 vel
425 1686 554 1765 cogitat,
576 1688 699 1749 credat?
740 1687 788 1747 Sic
811 1687 897 1747 etiam
919 1686 1027 1763 quibus
1048 1686 1173 1763 praerniis
1195 1702 1246 1748 aut

56 1791 137 1853 minis
160 1794 266 1857 induci
286 1796 382 1871 potest
403 1798 511 1874 homo,
532 1814 564 1859 ur
587 1813 680 1875 amet,
702 1818 788 1877 quem
810 1798 891 1875 odit,
912 1801 959 1861 vel
982 1813 1016 1859 ut
1037 1798 1109 1859 odio
1129 1799 1246 1874 habeat,

57 1921 141 1976 quern
165 1908 270 1977 amat?
301 1910 403 1985 Atque
424 1910 481 1971 lruc
503 1910 589 1971 etiarn
611 1910 657 1970 illa
679 1910 829 1971 referenda
851 1909 933 1985 sunt,
955 1929 971 1970 a
992 1909 1100 1986 quibus
1120 1910 1245 1970 humana

57 2030 159 2079 nartrra
181 2018 225 2079 ira
246 2020 397 2096 abhorret,
419 2037 452 2082 ut
474 2022 534 2097 ipsa
556 2022 635 2086 omni
654 2024 730 2083 malo
748 2020 848 2097 pejora
864 2021 986 2096 habeat;
1004 2035 1037 2081 ut
1055 2023 1137 2097 quod
1153 2020 1244 2081 homo

58 2126 156 2189 restem
179 2146 282 2191 contra
304 2132 332 2192 se
354 2149 438 2211 agat,
459 2147 492 2194 ut
515 2134 541 2194 se
564 2133 690 2208 crucier,
717 2148 750 2193 nt
771 2148 907 2209 parentes
928 2132 1083 2193 interficiat
1105 2132 1190 2207 suos,
1211 2148 1244 2194 ut

59 2256 181 2302 mortem
210 2243 302 2304 vitare
330 2263 389 2305 ιιοιι
418 2261 557 2321 conetur,
586 2262 615 2305 et
644 2244 759 2320 similia,
787 2247 823 2305 ad
852 2263 917 2321 quae
939 2263 1024 2305 nemo
1046 2242 1170 2319 praetniis
1191 2263 1245 2305 nec

62 2351 142 2415 minis
175 2356 273 2418 iaduci
300 2358 405 2434 potest.
446 2360 538 2440 Quod
565 2358 585 2417 st
613 2374 710 2418 tamen
740 2356 835 2417 dicere
857 2355 997 2431 vellaus,
1017 2354 1176 2416 Civitatem
1195 2354 1245 2431 jus

62 2463 116 2526 stne
138 2469 315 2546 potestatem
336 2471 441 2532 habere
463 2471 531 2531 talia
554 2469 729 2548 Imperandi,
751 2469 781 2530 id
802 2470 883 2530 nullo
904 2466 962 2527 alio
984 2468 1067 2527 sensu
1085 2467 1244 2543 poterimus

63 2584 233 2662 conprere,
255 2584 306 2645 nisr
328 2603 389 2662 quo
410 2584 476 2662 quis
498 2584 628 2658 diceret,
649 2581 795 2643 lronrinern
813 2582 879 2658 jure
899 2579 978 2655 polle
999 2579 1121 2640 Insanire
1142 2595 1172 2639 et
1193 2581 1243 2640 de-

62 2691 155 2758 lirare:
179 2697 251 2774 quid
269 2696 345 2758 enim
362 2697 441 2760 aliud
459 2697 509 2756 nisr
528 2695 658 2758 delirium
672 2695 722 2772 jus
739 2694 810 2755 illud
828 2692 910 2768 ellet,
927 2691 974 2753 cui
993 2710 1078 2752 nemo
1096 2691 1245 2753 adstrielus

65 2803 112 2865 elle
143 2807 265 2884 potest?
305 2810 406 2886 Atque
434 2807 481 2868 hie
510 2811 545 2868 de
574 2808 609 2868 iis
632 2805 762 2882 expresse
784 2808 900 2882 loquor,
920 2823 985 2880 quae
1006 2803 1083 2884 Juris
1103 2801 1244 2864 CIvitatis

65 2915 113 2976 elle
133 2935 304 2996 nequeunt,
327 2935 355 2978 er
377 2939 393 2979 a
415 2919 522 2996 quibus
542 2933 645 2978 natura
667 2917 791 2980 humana
811 2918 981 2992 plerumque
1002 2917 1147 2976 abhorret.
1167 2917 1242 2976 Nara

66 3035 141 3102 quod
164 3031 269 3093 stultus
289 3047 340 3092 aut
362 3032 484 3094 vesanus
506 3031 591 3092 nullis
613 3029 737 3106 premiis
758 3047 854 3106 neque
875 3028 959 3088 minis
982 3028 1080 3089 induci
1101 3029 1185 3104 poffit
1207 3029 1242 3087 ad
1288 3030 1291 3034 ’

66 3145 231 3219 exequenda
261 3144 411 3217 mandata,
440 3158 469 3204 et
498 3145 579 3218 quod
602 3161 677 3202 rinus
700 3157 751 3202 aut
774 3141 847 3200 alter
867 3159 904 3200 ex
925 3158 979 3214 eo,
1000 3142 1081 3215 quod
1102 3137 1171 3199 huic
1191 3153 1243 3198 aut

66 3248 98 3312 illi
130 3253 280 3332 Religioni
313 3253 445 3316 addielus
476 3253 527 3328 stt,
559 3252 674 3329 Imperii
699 3252 765 3329 jura
794 3251 873 3312 omni
894 3253 970 3311 malo
991 3249 1093 3328 pejora
1110 3249 1241 3326 judicat3

63 3360 118 3434 jura
147 3381 244 3426 tamen
275 3364 415 3426 Civitatis
444 3364 522 3425 irrita
545 3383 604 3424 non
627 3363 710 3440 sunt,
732 3361 969 3440 quandoquidem
991 3362 1090 3423 iisdem
1111 3361 1241 3438 plerique

66 3475 138 3538 aives
165 3477 371 3552 coannentur3
400 3496 433 3537 ac
461 3476 601 3553 proinde,
623 3476 692 3553 quia
714 3475 751 3551 ii,
774 3474 824 3551 qui
846 3474 915 3534 nihil
938 3475 1041 3535 tlment
1062 3491 1157 3550 neque
1178 3473 1242 3548 spe·

67 3603 142 3665 rant,
171 3605 293 3650 eatenus
315 3588 356 3649 sui
375 3588 449 3665 juris
472 3589 537 3650 stan
559 3588 630 3667 (per
650 3587 720 3648 Art.
745 3604 790 3647 ro.
807 3588 930 3666 praeced.
953 3588 1057 3665 Cap),
1085 3585 1151 3646 sunt
1172 3603 1241 3663 ergo

69 3702 213 3780 (pcrArr.
239 3721 283 3782 14.
300 3703 424 3782 praeced.
447 3703 533 3780 Cap.)
555 3700 670 3776 Imperii
691 3699 806 3775 hostes,
827 3717 904 3776 quos
920 3697 986 3774 jure
1007 3697 1143 3758 cohibere
1164 3696 1242 3756 licet.

104 3815 127 3894 §.
149 3817 199 3876 IX.
241 3814 345 3876 Tertio
374 3811 501 3889 deniqne
530 3789 768 3873 considerandum
797 3812 897 3888 venit,
918 3814 954 3872 ad
975 3809 1114 3872 Civitatis
1133 3811 1187 3890 Jus
1208 3827 1242 3869 ea

71 3927 155 3988 ninus
176 3925 338 4003 pertinere,
360 3945 425 4002 quae
447 3925 560 4000 plurimi
581 3923 777 4003 indignantur.
805 3926 881 3985 Nam
901 3940 1011 3984 eertum
1032 3922 1090 3997 est,
1108 3919 1243 3982 homines

71 4040 181 4102 Naturae
209 4041 298 4101 duilu
328 4039 356 4099 in
386 4055 475 4099 unum
504 4036 684 4113 conspirare,
706 4039 755 4098 vel
774 4052 895 4125 propter
915 4053 1095 4096 communem
1116 4048 1243 4108 metunt,

73 4155 112 4210 vel
140 4149 281 4213 desrderio
313 4153 447 4210 damnum
479 4149 600 4226 aliquod
631 4167 785 4210 commune
816 4146 989 4222 ulciscendi3
1020 4161 1066 4222 et,
1098 4146 1166 4222 quia
1186 4146 1241 4225 Jus

74 4262 201 4326 Civitatis
222 4261 367 4326 communi
389 4261 586 4326 multitudinis
606 4261 743 4344 potentia
763 4260 915 4338 definitur,
933 4275 1044 4323 certum
1061 4257 1117 4336 est,
1134 4271 1240 4337 poten-
