2934 4900
218 341 275 402 172
631 326 812 387 Etlrices
840 325 908 387 Pars
928 324 980 385 ΙΙΙ.

215 504 316 565 eadem
354 502 420 579 via,
457 520 515 580 qua
552 501 653 579 supra,
692 501 881 578 procedendo
919 498 1005 561 facile
1043 497 1192 575 possumus
1231 496 1407 569 ostendere,

216 617 354 677 Amorem
385 614 439 677 else
466 614 600 693 junctum
628 612 832 690 Poenitentiae,
853 610 1082 692 Dedignationi,
1102 609 1228 685 Pudori,
1248 622 1305 669 etc.
1339 608 1407 667 lano
1452 596 1453 671 ζ

216 727 376 805 unicuique
405 746 443 788 ert
467 726 527 805 jam
548 726 633 789 dinis
654 728 728 789 clare
750 726 881 787 constare
902 726 1007 800 credo,
1028 722 1149 785 affeslus
1168 735 1220 783 tot
1237 718 1335 781 modis
1356 718 1408 779 alii

217 859 283 901 cum
310 838 374 900 aliis
394 838 476 915 posse
507 838 664 915 componi,
694 838 822 916 indeque
853 852 901 899 tot
931 834 1110 899 variationes
1140 832 1224 909 oriri,
1256 846 1289 893 ut
1321 832 1408 891 nrrllo

218 970 338 1014 numero
367 951 480 1014 deliniri
507 966 627 1029 queant.
669 952 728 1012 Sed
748 953 785 1012 ad
806 967 900 1011 meum
921 946 1084 1009 institutum
1104 944 1268 1022 praecipuos
1288 958 1408 1003 tantum
1452 982 1453 1027 3

216 1064 423 1128 enumeravilse
444 1063 566 1140 sufficit;
586 1082 652 1125 narn
672 1062 794 1139 reliqui,
815 1080 892 1139 quos
913 1058 1011 1135 omist,
1029 1060 1097 1135 plus
1118 1056 1294 1119 curiositatis
1314 1076 1407 1133 quarn

218 1176 357 1240 utilitatis
387 1178 538 1238 haberent.
579 1177 719 1237 Attamen
749 1175 784 1235 de
807 1174 915 1234 Amore
936 1172 993 1232 hoc
1014 1172 1176 1233 notandum
1198 1170 1300 1245 reilat,
1321 1174 1409 1247 quod

218 1288 328 1350 scilicet
348 1288 494 1365 saepillime
514 1285 679 1365 contingit,
700 1288 769 1347 dum
790 1304 819 1345 re
826 1330 836 1361 ,
857 1304 943 1363 quam
965 1286 1192 1361 appetebamus,
1213 1282 1354 1357 snaimur,
1372 1297 1409 1343 ut

219 1400 337 1477 Corpus
364 1418 402 1461 ex
436 1419 469 1461 ea
490 1398 631 1460 fruitione
651 1416 760 1462 novam
781 1398 912 1475 acquirat
932 1394 1187 1471 constitutionem,
1207 1414 1223 1455 a
1244 1413 1302 1471 qua
1322 1394 1412 1455 aliter

219 1512 446 1589 determinatur,
466 1527 497 1573 et
518 1510 581 1573 aliae
602 1528 696 1573 rerum
713 1508 853 1589 imagines
871 1508 902 1571 in
920 1527 956 1569 eo
975 1506 1155 1583 excitantur,
1173 1522 1203 1569 et
1220 1505 1301 1566 simul
1317 1506 1410 1565 Mens
1452 1496 1453 1499 ’

219 1625 275 1687 alia
306 1623 472 1704 imaginari,
504 1622 618 1700 aliaque
650 1640 758 1699 cupere
789 1620 905 1697 incipit.
946 1620 1003 1681 Ex.
1024 1636 1066 1699 gt.
1088 1638 1154 1681 cum
1175 1618 1301 1696 aliquid,
1323 1620 1409 1696 quod

220 1757 276 1800 nos
297 1738 400 1814 sapore
421 1737 563 1799 delectare
583 1734 675 1810 solet,
695 1734 901 1815 imaginamur,
918 1735 1021 1795 eodem
1039 1732 1114 1806 frui,
1131 1750 1235 1808 nempe
1253 1735 1410 1793 comedere
1452 1740 1453 1743 ’

221 1850 364 1926 cupimus.
405 1850 448 1910 At
479 1846 619 1926 quamdiu
649 1849 753 1909 eodem
784 1846 822 1908 stc
853 1845 990 1921 snrimur,
1021 1844 1186 1906 stomachus
1216 1844 1411 1919 adimpletur,
1452 1912 1453 1915 Ἴ

222 1962 398 2039 Corpusque
419 1960 503 2023 aliter
523 1959 719 2022 constituitur.
750 1958 780 2020 Si
802 1958 908 2038 igitur,
928 1958 1061 2035 Corpore
1076 1956 1135 2034 jam
1153 1956 1237 2019 aliter
1254 1954 1410 2033 dispofito,

221 2071 349 2149 ejusdem
379 2072 438 2133 cibi
466 2072 579 2152 imago,
599 2072 669 2150 quia
689 2071 750 2148 ipse
772 2070 896 2148 praesens
917 2070 1011 2147 adest,
1037 2072 1233 2144 fomentetur,
1254 2085 1284 2130 et
1305 2069 1409 2130 couse-

222 2197 346 2259 quenter
377 2198 501 2244 conatus
532 2182 635 2259 etiam,
664 2183 724 2245 five
756 2180 932 2258 Cupiditas,
961 2184 1085 2243 eundem
1118 2180 1308 2256 comedendi;
1338 2180 1409 2242 huic

222 2293 389 2371 Cupiditati
420 2294 471 2355 seu
502 2295 624 2357 conatui
651 2314 731 2358 nova
759 2293 807 2355 illa
833 2294 1008 2355 constitutio
1039 2293 1231 2373 repugnabit,
1252 2309 1282 2353 et
1303 2293 1407 2353 conse-

222 2419 348 2483 quenter
375 2405 451 2483 cibi,
471 2425 558 2484 quem
580 2411 809 2484 appetebamus,
830 2405 983 2484 praelentia
1005 2404 1106 2469 odiosa
1127 2404 1200 2490 erit,
1221 2423 1251 2467 er
1270 2404 1329 2466 boc
1351 2404 1410 2479 est,

224 2522 306 2598 quod
337 2520 492 2583 Fastidium
514 2536 545 2582 et
565 2521 701 2583 Taedium
727 2539 879 2584 vocamus.
910 2519 1056 2582 Caeterum
1077 2516 1218 2595 Corporis
1238 2517 1409 2580 affediones

224 2649 377 2709 externas,
415 2653 481 2711 que
513 2633 542 2694 in
573 2633 726 2696 affedtibus
758 2633 968 2709 observantur,
998 2647 1031 2694 ut
1063 2630 1130 2692 sunt
1160 2644 1284 2704 tremor,
1315 2627 1409 2700 livor,

223 2745 380 2825 singultus,
409 2745 501 2821 risus,
522 2760 580 2806 etc.
602 2746 734 2825 neglexi,
764 2745 834 2824 quia
856 2747 892 2807 ad
914 2745 1005 2806 solum
1027 2743 1145 2820 Corpus
1165 2741 1273 2818 absque
1294 2742 1353 2802 ulla
1373 2743 1409 2802 ad

224 2861 357 2921 Mentem
387 2857 529 2920 relatione
560 2860 735 2921 referuntur.
776 2858 914 2935 Denique
946 2860 983 2920 de
1011 2857 1165 2918 affectuum
1187 2853 1409 2916 definitionibus

226 2972 357 3046 quadam
387 2973 518 3032 notanda
548 2971 631 3047 sunt,
652 2990 726 3049 quas
748 2987 906 3048 propterea
926 2970 975 3031 hic
996 2969 1099 3031 ordine
1119 2981 1265 3044 repetam,
1286 2980 1317 3026 et
1339 2965 1410 3042 quid

225 3080 255 3142 in
277 3101 452 3159 unaquaque
473 3081 685 3146 observandum
707 3083 764 3159 est,
785 3081 886 3144 iisdem
908 3082 1101 3157 interponam.

430 3258 767 3321 AFFECTUUM
807 3257 1211 3322 DEFINITIONES.

811 3386 834 3446 1.

268 3505 422 3584 Cupiditas
450 3505 491 3564 est
517 3504 579 3581 ipsa
606 3505 732 3566 hominis
754 3505 889 3580 essentia,
920 3520 1068 3582 quatenus
1089 3521 1126 3564 ex
1147 3505 1216 3566 data
1237 3522 1412 3582 quacunque

227 3615 291 3693 ejus
322 3615 477 3678 affeslione
510 3617 700 3680 determinata
722 3617 889 3695 concipitur
910 3620 946 3680 ad
969 3617 1080 3695 aliquid
1101 3619 1253 3696 agendum.

668 3781 974 3824 exnurcnnro

268 3875 404 3936 Diximus
432 3875 517 3952 supra
543 3875 573 3935 in
594 3874 715 3936 Scltolio
737 3873 949 3950 propositionis
970 3893 998 3950 9.
1019 3875 1107 3951 huius
1128 3873 1236 3953 Partis,
1258 3873 1415 3950 Cupidita-

228 4001 288 4047 tem
319 3985 373 4046 esl‘e
403 3985 568 4062 appetitum
596 4005 661 4046 cum
683 3985 812 4062 ejusdem
834 3984 1031 4062 conscientia;
1053 3985 1217 4062 appetitum
1238 4002 1338 4047 autern
1359 3985 1415 4048 elle
1452 4017 1453 4082 q

229 4097 319 4174 ipsam
349 4097 475 4160 hominis
506 4096 671 4174 essentiam,
698 4113 845 4175 quatenus
867 4097 1060 4159 determinata
1080 4097 1122 4157 est
1143 4100 1179 4158 ad
1200 4115 1234 4157 ea
1255 4101 1416 4176 agendum,
1452 4083 1453 4178 i

230 4228 296 4287 quae
326 4209 415 4286 ipfius
446 4209 663 4272 conservationi
694 4209 866 4275 inserviunt.
907 4211 964 4271 Sed
996 4209 1025 4269 in
1057 4211 1160 4270 eodem
1186 4209 1307 4270 scholio
1329 4208 1416 4269 etiarn

230 4321 348 4397 monui,
378 4340 424 4382 me
450 4338 549 4384 revera
574 4321 651 4382 inter
670 4322 828 4386 humanum
849 4321 1014 4400 appetitum
1035 4336 1066 4382 et
1086 4319 1289 4398 Cupiditatem
1311 4321 1416 4382 nullam
