<?xml version="1.0" encoding="UTF-8"?>
<!DOCTYPE html PUBLIC "-//W3C//DTD XHTML 1.0 Transitional//EN"
    "http://www.w3.org/TR/xhtml1/DTD/xhtml1-transitional.dtd">
<html xmlns="http://www.w3.org/1999/xhtml" xml:lang="en" lang="en">
 <head>
  <title>
</title>
<meta http-equiv="Content-Type" content="text/html;charset=utf-8" />
  <meta name='ocr-system' content='tesseract 3.04.00' />
  <meta name='ocr-capabilities' content='ocr_page ocr_carea ocr_par ocr_line ocrx_word'/>
</head>
<body>
  <div class='ocr_page' id='page_1' title='image "benedictidespin02landgoog_0116.png"; bbox 0 0 2934 4900; ppageno 0'>
   <div class='ocr_carea' id='block_1_1' title="bbox 187 317 943 397">
    <p class='ocr_par' dir='ltr' id='par_1_1' title="bbox 187 317 943 397">
     <span class='ocr_line' id='line_1_1' title="bbox 187 317 943 397; baseline -0.003 -16"><span class='ocrx_word' id='word_1_1' title='bbox 187 335 227 397; x_wconf 81' lang='lat'><strong>92</strong></span> <span class='ocrx_word' id='word_1_2' title='bbox 607 317 787 382; x_wconf 86' lang='lat' dir='ltr'><strong>Ethices</strong></span> <span class='ocrx_word' id='word_1_3' title='bbox 817 319 943 380; x_wconf 84' lang='lat' dir='ltr'><strong>Patsll.</strong></span> 
     </span>
    </p>
   </div>
   <div class='ocr_carea' id='block_1_2' title="bbox 187 491 1376 1239">
    <p class='ocr_par' dir='ltr' id='par_1_2' title="bbox 187 491 1376 1239">
     <span class='ocr_line' id='line_1_2' title="bbox 188 491 1372 574; baseline -0.003 -19"><span class='ocrx_word' id='word_1_4' title='bbox 188 493 218 555; x_wconf 93' lang='lat' dir='ltr'><strong>in</strong></span> <span class='ocrx_word' id='word_1_5' title='bbox 239 493 384 556; x_wconf 90' lang='lat' dir='ltr'><strong>inlinitum</strong></span> <span class='ocrx_word' id='word_1_6' title='bbox 404 513 573 574; x_wconf 88' lang='lat' dir='ltr'><strong>pergamus,</strong></span> <span class='ocrx_word' id='word_1_7' title='bbox 594 493 679 556; x_wconf 84' lang='lat' dir='ltr'><strong>facile</strong></span> <span class='ocrx_word' id='word_1_8' title='bbox 701 493 920 572; x_wconf 70' lang='lat' dir='ltr'>concipiemus,</span> <span class='ocrx_word' id='word_1_9' title='bbox 940 508 1035 557; x_wconf 84' lang='lat' dir='ltr'><strong>totam</strong></span> <span class='ocrx_word' id='word_1_10' title='bbox 1046 495 1188 555; x_wconf 78' lang='lat' dir='ltr'><strong>Naturam</strong></span> <span class='ocrx_word' id='word_1_11' title='bbox 1204 511 1294 555; x_wconf 91' lang='lat' dir='ltr'><strong>unum</strong></span> <span class='ocrx_word' id='word_1_12' title='bbox 1312 491 1372 553; x_wconf 91' lang='lat' dir='ltr'><strong>esse</strong></span> 
     </span>
     <span class='ocr_line' id='line_1_3' title="bbox 187 602 1373 698; baseline -0.002 -34"><span class='ocrx_word' id='word_1_13' title='bbox 187 603 392 682; x_wconf 89' lang='lat' dir='ltr'><strong>lndividuum,</strong></span> <span class='ocrx_word' id='word_1_14' title='bbox 422 603 508 682; x_wconf 86' lang='lat' dir='ltr'><strong>cujus</strong></span> <span class='ocrx_word' id='word_1_15' title='bbox 537 621 652 698; x_wconf 81' lang='lat' dir='ltr'><strong>partes,</strong></span> <span class='ocrx_word' id='word_1_16' title='bbox 682 607 741 668; x_wconf 90' lang='lat' dir='ltr'><strong>hoc</strong></span> <span class='ocrx_word' id='word_1_17' title='bbox 773 605 814 666; x_wconf 88' lang='lat' dir='ltr'><strong>est</strong></span> <span class='ocrx_word' id='word_1_18' title='bbox 844 606 944 668; x_wconf 88' lang='lat' dir='ltr'><strong>omnia</strong></span> <span class='ocrx_word' id='word_1_19' title='bbox 971 623 1112 683; x_wconf 81' lang='lat' dir='ltr'><strong>corpora,</strong></span> <span class='ocrx_word' id='word_1_20' title='bbox 1132 603 1254 666; x_wconf 81' lang='lat' dir='ltr'><strong>infinitis</strong></span> <span class='ocrx_word' id='word_1_21' title='bbox 1273 602 1373 664; x_wconf 82' lang='lat' dir='ltr'><strong>modis</strong></span> 
     </span>
     <span class='ocr_line' id='line_1_4' title="bbox 187 715 1375 796; baseline -0.003 -17"><span class='ocrx_word' id='word_1_22' title='bbox 187 715 316 793; x_wconf 77' lang='lat' dir='ltr'><strong>vadant,</strong></span> <span class='ocrx_word' id='word_1_23' title='bbox 340 717 446 794; x_wconf 83' lang='lat' dir='ltr'>absque</span> <span class='ocrx_word' id='word_1_24' title='bbox 469 719 527 779; x_wconf 89' lang='lat' dir='ltr'><strong>ulla</strong></span> <span class='ocrx_word' id='word_1_25' title='bbox 548 717 644 781; x_wconf 87' lang='lat' dir='ltr'><strong>totius</strong></span> <span class='ocrx_word' id='word_1_26' title='bbox 665 716 818 781; x_wconf 88' lang='lat' dir='ltr'><strong>lndividui</strong></span> <span class='ocrx_word' id='word_1_27' title='bbox 838 717 1013 780; x_wconf 84' lang='lat' dir='ltr'>mutatione.</span> <span class='ocrx_word' id='word_1_28' title='bbox 1044 717 1146 796; x_wconf 80' lang='lat' dir='ltr'><strong>Atque</strong></span> <span class='ocrx_word' id='word_1_29' title='bbox 1166 717 1245 793; x_wconf 81' lang='lat' dir='ltr'><strong>haec,</strong></span> <span class='ocrx_word' id='word_1_30' title='bbox 1265 715 1287 775; x_wconf 87' lang='lat' dir='ltr'>fi</span> <span class='ocrx_word' id='word_1_31' title='bbox 1308 715 1375 776; x_wconf 79' lang='lat' dir='ltr'><strong>atti·</strong></span> 
     </span>
     <span class='ocr_line' id='line_1_5' title="bbox 189 826 1373 909; baseline -0.001 -21"><span class='ocrx_word' id='word_1_32' title='bbox 189 845 253 889; x_wconf 88' lang='lat' dir='ltr'><strong>utus</strong></span> <span class='ocrx_word' id='word_1_33' title='bbox 273 826 369 891; x_wconf 86' lang='lat' dir='ltr'><strong>suisset</strong></span> <span class='ocrx_word' id='word_1_34' title='bbox 389 831 427 892; x_wconf 87' lang='lat' dir='ltr'><strong>de</strong></span> <span class='ocrx_word' id='word_1_35' title='bbox 448 847 572 905; x_wconf 89' lang='lat' dir='ltr'><strong>corpore</strong></span> <span class='ocrx_word' id='word_1_36' title='bbox 593 848 631 891; x_wconf 89' lang='lat' dir='ltr'><strong>ert</strong></span> <span class='ocrx_word' id='word_1_37' title='bbox 652 828 781 906; x_wconf 83' lang='lat' dir='ltr'><strong>professo</strong></span> <span class='ocrx_word' id='word_1_38' title='bbox 802 848 903 909; x_wconf 85' lang='lat' dir='ltr'><strong>agere,</strong></span> <span class='ocrx_word' id='word_1_39' title='bbox 932 829 1076 906; x_wconf 79' lang='lat' dir='ltr'><strong>prolixius</strong></span> <span class='ocrx_word' id='word_1_40' title='bbox 1101 828 1246 906; x_wconf 86' lang='lat' dir='ltr'><strong>explicare</strong></span> <span class='ocrx_word' id='word_1_41' title='bbox 1266 843 1298 888; x_wconf 90' lang='lat' dir='ltr'><strong>et</strong></span> <span class='ocrx_word' id='word_1_42' title='bbox 1319 828 1373 887; x_wconf 92' lang='lat' dir='ltr'><strong>de·</strong></span> 
     </span>
     <span class='ocr_line' id='line_1_6' title="bbox 188 937 1376 1018; baseline -0.001 -18"><span class='ocrx_word' id='word_1_43' title='bbox 188 939 342 1002; x_wconf 80' lang='lat' dir='ltr'><strong>monstrare</strong></span> <span class='ocrx_word' id='word_1_44' title='bbox 363 939 529 1003; x_wconf 85' lang='lat' dir='ltr'><strong>debuillem.</strong></span> <span class='ocrx_word' id='word_1_45' title='bbox 556 942 614 1004; x_wconf 87' lang='lat' dir='ltr'><strong>Sed</strong></span> <span class='ocrx_word' id='word_1_46' title='bbox 631 941 691 1018; x_wconf 85' lang='lat' dir='ltr'><strong>jnnt</strong></span> <span class='ocrx_word' id='word_1_47' title='bbox 712 940 776 1002; x_wconf 84' lang='lat' dir='ltr'>dixi</span> <span class='ocrx_word' id='word_1_48' title='bbox 797 959 843 1002; x_wconf 92' lang='lat' dir='ltr'><strong>me</strong></span> <span class='ocrx_word' id='word_1_49' title='bbox 864 941 944 1003; x_wconf 90' lang='lat' dir='ltr'><strong>aliud</strong></span> <span class='ocrx_word' id='word_1_50' title='bbox 966 942 1058 1018; x_wconf 87' lang='lat' dir='ltr'><strong>velle,</strong></span> <span class='ocrx_word' id='word_1_51' title='bbox 1079 959 1133 1002; x_wconf 89' lang='lat' dir='ltr'><strong>nec</strong></span> <span class='ocrx_word' id='word_1_52' title='bbox 1154 939 1266 1002; x_wconf 76' lang='lat' dir='ltr'><strong>alinde</strong></span> <span class='ocrx_word' id='word_1_53' title='bbox 1286 937 1376 1000; x_wconf 83' lang='lat' dir='ltr'><strong>causa</strong></span> 
     </span>
     <span class='ocr_line' id='line_1_7' title="bbox 187 1050 1372 1131; baseline 0 -19"><span class='ocrx_word' id='word_1_54' title='bbox 187 1050 251 1113; x_wconf 87' lang='lat' dir='ltr'><strong>haec</strong></span> <span class='ocrx_word' id='word_1_55' title='bbox 271 1052 399 1129; x_wconf 82' lang='lat' dir='ltr'><strong>adferre,</strong></span> <span class='ocrx_word' id='word_1_56' title='bbox 426 1069 512 1130; x_wconf 82' lang='lat' dir='ltr'><strong>quem</strong></span> <span class='ocrx_word' id='word_1_57' title='bbox 532 1052 603 1130; x_wconf 85' lang='lat' dir='ltr'><strong>quia</strong></span> <span class='ocrx_word' id='word_1_58' title='bbox 623 1071 660 1115; x_wconf 88' lang='lat' dir='ltr'><strong>ex</strong></span> <span class='ocrx_word' id='word_1_59' title='bbox 681 1053 749 1130; x_wconf 89' lang='lat' dir='ltr'><strong>ipsts</strong></span> <span class='ocrx_word' id='word_1_60' title='bbox 770 1071 822 1130; x_wconf 85' lang='lat' dir='ltr'><strong>ea,</strong></span> <span class='ocrx_word' id='word_1_61' title='bbox 848 1073 914 1131; x_wconf 84' lang='lat' dir='ltr'><strong>quae</strong></span> <span class='ocrx_word' id='word_1_62' title='bbox 935 1053 1133 1116; x_wconf 81' lang='lat' dir='ltr'><strong>demonstrare·</strong></span> <span class='ocrx_word' id='word_1_63' title='bbox 1149 1050 1306 1128; x_wconf 87' lang='lat' dir='ltr'><strong>constitui,</strong></span> <span class='ocrx_word' id='word_1_64' title='bbox 1326 1051 1372 1112; x_wconf 82' lang='lat' dir='ltr'><strong>sa·</strong></span> 
     </span>
     <span class='ocr_line' id='line_1_8' title="bbox 189 1161 548 1239; baseline 0.008 -16"><span class='ocrx_word' id='word_1_65' title='bbox 189 1162 243 1224; x_wconf 88' lang='lat' dir='ltr'><strong>cile</strong></span> <span class='ocrx_word' id='word_1_66' title='bbox 264 1161 374 1239; x_wconf 86' lang='lat' dir='ltr'><strong>possum</strong></span> <span class='ocrx_word' id='word_1_67' title='bbox 394 1165 548 1227; x_wconf 86' lang='lat' dir='ltr'>deducere.</span> 
     </span>
    </p>
   </div>
   <div class='ocr_carea' id='block_1_3' title="bbox 571 1325 993 1390">
    <p class='ocr_par' dir='ltr' id='par_1_3' title="bbox 571 1325 993 1390">
     <span class='ocr_line' id='line_1_9' title="bbox 571 1325 993 1390; baseline 0.002 -3"><span class='ocrx_word' id='word_1_68' title='bbox 571 1325 993 1390; x_wconf 81' lang='lat' dir='ltr'><strong>POSTULATA.</strong></span> 
     </span>
    </p>
   </div>
   <div class='ocr_carea' id='block_1_4' title="bbox 190 1450 1374 2880">
    <p class='ocr_par' dir='ltr' id='par_1_4' title="bbox 190 1450 1371 1650">
     <span class='ocr_line' id='line_1_10' title="bbox 230 1450 1371 1535; baseline -0.001 -21"><span class='ocrx_word' id='word_1_69' title='bbox 230 1455 253 1516; x_wconf 88' lang='grc' dir='ltr'><strong>Ι.</strong></span> <span class='ocrx_word' id='word_1_70' title='bbox 295 1453 411 1532; x_wconf 88' lang='lat' dir='ltr'><strong>Corpus</strong></span> <span class='ocrx_word' id='word_1_71' title='bbox 431 1453 588 1517; x_wconf 87' lang='lat' dir='ltr'><strong>humanum</strong></span> <span class='ocrx_word' id='word_1_72' title='bbox 608 1454 797 1532; x_wconf 87' lang='lat' dir='ltr'>componitur</span> <span class='ocrx_word' id='word_1_73' title='bbox 817 1474 854 1516; x_wconf 85' lang='lat' dir='ltr'><strong>ex</strong></span> <span class='ocrx_word' id='word_1_74' title='bbox 875 1454 1005 1533; x_wconf 89' lang='lat' dir='ltr'><strong>plurimis</strong></span> <span class='ocrx_word' id='word_1_75' title='bbox 1025 1454 1159 1535; x_wconf 75' lang='lat' dir='ltr'><strong>(diversae</strong></span> <span class='ocrx_word' id='word_1_76' title='bbox 1179 1450 1304 1534; x_wconf 74' lang='lat' dir='ltr'><strong>nature)</strong></span> <span class='ocrx_word' id='word_1_77' title='bbox 1324 1453 1371 1513; x_wconf 89' lang='lat' dir='ltr'><strong>in-</strong></span> 
     </span>
     <span class='ocr_line' id='line_1_11' title="bbox 190 1566 1125 1650; baseline 0.001 -22"><span class='ocrx_word' id='word_1_78' title='bbox 190 1566 337 1644; x_wconf 86' lang='lat' dir='ltr'><strong>dividuis,</strong></span> <span class='ocrx_word' id='word_1_79' title='bbox 353 1586 481 1650; x_wconf 57' lang='lat' dir='ltr'><strong>,quorum</strong></span> <span class='ocrx_word' id='word_1_80' title='bbox 502 1570 732 1646; x_wconf 88' lang='lat' dir='ltr'><strong>unumquodque</strong></span> <span class='ocrx_word' id='word_1_81' title='bbox 754 1569 839 1632; x_wconf 86' lang='lat' dir='ltr'><strong>valde</strong></span> <span class='ocrx_word' id='word_1_82' title='bbox 860 1569 1054 1646; x_wconf 90' lang='lat' dir='ltr'><strong>composttum</strong></span> <span class='ocrx_word' id='word_1_83' title='bbox 1074 1568 1125 1630; x_wconf 89' lang='lat' dir='ltr'><strong>est.</strong></span> 
     </span>
    </p>

    <p class='ocr_par' dir='ltr' id='par_1_5' title="bbox 191 1679 1371 1871">
     <span class='ocr_line' id='line_1_12' title="bbox 230 1679 1371 1759; baseline -0.001 -19"><span class='ocrx_word' id='word_1_84' title='bbox 230 1680 266 1740; x_wconf 91' lang='lat' dir='ltr'><strong>Il.</strong></span> <span class='ocrx_word' id='word_1_85' title='bbox 306 1680 544 1759; x_wconf 90' lang='lat' dir='ltr'><strong>lndividuorum‚</strong></span> <span class='ocrx_word' id='word_1_86' title='bbox 565 1699 602 1743; x_wconf 89' lang='lat' dir='ltr'><strong>ex</strong></span> <span class='ocrx_word' id='word_1_87' title='bbox 623 1681 732 1759; x_wconf 86' lang='lat' dir='ltr'><strong>quibus</strong></span> <span class='ocrx_word' id='word_1_88' title='bbox 752 1681 870 1758; x_wconf 87' lang='lat' dir='ltr'><strong>Corpus</strong></span> <span class='ocrx_word' id='word_1_89' title='bbox 890 1682 1047 1744; x_wconf 86' lang='lat' dir='ltr'><strong>humanum</strong></span> <span class='ocrx_word' id='word_1_90' title='bbox 1068 1679 1265 1759; x_wconf 84' lang='lat' dir='ltr'><strong>componitur,</strong></span> <span class='ocrx_word' id='word_1_91' title='bbox 1286 1695 1371 1756; x_wconf 85' lang='lat' dir='ltr'><strong>quae·</strong></span> 
     </span>
     <span class='ocr_line' id='line_1_13' title="bbox 191 1791 1209 1871; baseline 0.001 -19"><span class='ocrx_word' id='word_1_92' title='bbox 191 1791 255 1852; x_wconf 89' lang='lat' dir='ltr'><strong>dam</strong></span> <span class='ocrx_word' id='word_1_93' title='bbox 276 1792 381 1868; x_wconf 88' lang='lat' dir='ltr'><strong>fluida,</strong></span> <span class='ocrx_word' id='word_1_94' title='bbox 403 1796 533 1870; x_wconf 78' lang='lat' dir='ltr'><strong>quedam</strong></span> <span class='ocrx_word' id='word_1_95' title='bbox 555 1793 667 1870; x_wconf 89' lang='lat' dir='ltr'><strong>mollia,</strong></span> <span class='ocrx_word' id='word_1_96' title='bbox 688 1809 719 1854; x_wconf 91' lang='lat' dir='ltr'><strong>et</strong></span> <span class='ocrx_word' id='word_1_97' title='bbox 741 1796 873 1870; x_wconf 78' lang='lat' dir='ltr'><strong>quedam</strong></span> <span class='ocrx_word' id='word_1_98' title='bbox 895 1793 1021 1871; x_wconf 89' lang='lat' dir='ltr'><strong>denique</strong></span> <span class='ocrx_word' id='word_1_99' title='bbox 1042 1795 1113 1856; x_wconf 87' lang='lat' dir='ltr'><strong>dura</strong></span> <span class='ocrx_word' id='word_1_100' title='bbox 1132 1791 1209 1854; x_wconf 88' lang='lat' dir='ltr'><strong>sunt.</strong></span> 
     </span>
    </p>

    <p class='ocr_par' dir='ltr' id='par_1_6' title="bbox 191 1903 1374 2094">
     <span class='ocr_line' id='line_1_14' title="bbox 230 1903 1374 1982; baseline -0.001 -18"><span class='ocrx_word' id='word_1_101' title='bbox 230 1905 281 1964; x_wconf 94' lang='lat' dir='ltr'><strong>llI.</strong></span> <span class='ocrx_word' id='word_1_102' title='bbox 321 1903 477 1967; x_wconf 84' lang='lat' dir='ltr'><strong>Indiuidua</strong></span> <span class='ocrx_word' id='word_1_103' title='bbox 505 1904 621 1982; x_wconf 85' lang='lat' dir='ltr'><strong>Corpus</strong></span> <span class='ocrx_word' id='word_1_104' title='bbox 648 1906 806 1967; x_wconf 86' lang='lat' dir='ltr'><strong>humanum</strong></span> <span class='ocrx_word' id='word_1_105' title='bbox 833 1905 1057 1982; x_wconf 84' lang='lat' dir='ltr'><strong>componentia,</strong></span> <span class='ocrx_word' id='word_1_106' title='bbox 1094 1920 1125 1967; x_wconf 89' lang='lat' dir='ltr'><strong>et</strong></span> <span class='ocrx_word' id='word_1_107' title='bbox 1159 1904 1374 1982; x_wconf 89' lang='lat' dir='ltr'><strong>consequenter</strong></span> 
     </span>
     <span class='ocr_line' id='line_1_15' title="bbox 191 2013 1374 2094; baseline -0.004 -17"><span class='ocrx_word' id='word_1_108' title='bbox 191 2017 283 2094; x_wconf 88' lang='lat' dir='ltr'><strong>ipsum</strong></span> <span class='ocrx_word' id='word_1_109' title='bbox 300 2017 456 2080; x_wconf 81' lang='lat' dir='ltr'><strong>humanum</strong></span> <span class='ocrx_word' id='word_1_110' title='bbox 474 2017 591 2094; x_wconf 87' lang='lat' dir='ltr'><strong>Corpus</strong></span> <span class='ocrx_word' id='word_1_111' title='bbox 606 2037 622 2079; x_wconf 86' lang='lat' dir='ltr'><strong>a</strong></span> <span class='ocrx_word' id='word_1_112' title='bbox 638 2017 813 2094; x_wconf 90' lang='lat' dir='ltr'><strong>corporibus</strong></span> <span class='ocrx_word' id='word_1_113' title='bbox 830 2017 958 2079; x_wconf 79' lang='lat' dir='ltr'><strong>externis</strong></span> <span class='ocrx_word' id='word_1_114' title='bbox 976 2015 1107 2094; x_wconf 75' lang='lat' dir='ltr'><strong>plurimis</strong></span> <span class='ocrx_word' id='word_1_115' title='bbox 1124 2013 1219 2078; x_wconf 91' lang='lat' dir='ltr'><strong>modis</strong></span> <span class='ocrx_word' id='word_1_116' title='bbox 1237 2013 1374 2076; x_wconf 84' lang='lat' dir='ltr'><strong>afficitur.</strong></span> 
     </span>
    </p>

    <p class='ocr_par' dir='ltr' id='par_1_7' title="bbox 192 2123 1374 2320">
     <span class='ocr_line' id='line_1_16' title="bbox 231 2123 1374 2210; baseline -0.003 -22"><span class='ocrx_word' id='word_1_117' title='bbox 231 2129 284 2189; x_wconf 87' lang='lat' dir='ltr'><strong>tv.</strong></span> <span class='ocrx_word' id='word_1_118' title='bbox 325 2127 442 2205; x_wconf 91' lang='lat' dir='ltr'><strong>Corpus</strong></span> <span class='ocrx_word' id='word_1_119' title='bbox 461 2128 617 2192; x_wconf 81' lang='lat' dir='ltr'><strong>humanum</strong></span> <span class='ocrx_word' id='word_1_120' title='bbox 638 2128 768 2210; x_wconf 84' lang='lat' dir='ltr'><strong>indiget,</strong></span> <span class='ocrx_word' id='word_1_121' title='bbox 787 2143 823 2190; x_wconf 90' lang='lat' dir='ltr'><strong>ut</strong></span> <span class='ocrx_word' id='word_1_122' title='bbox 844 2127 1050 2204; x_wconf 87' lang='lat' dir='ltr'><strong>conservetur,</strong></span> <span class='ocrx_word' id='word_1_123' title='bbox 1070 2125 1202 2204; x_wconf 89' lang='lat' dir='ltr'><strong>plurimis</strong></span> <span class='ocrx_word' id='word_1_124' title='bbox 1222 2123 1287 2186; x_wconf 84' lang='lat' dir='ltr'><strong>aliis</strong></span> <span class='ocrx_word' id='word_1_125' title='bbox 1306 2141 1374 2186; x_wconf 91' lang='lat' dir='ltr'><strong>cor·</strong></span> 
     </span>
     <span class='ocr_line' id='line_1_17' title="bbox 192 2238 976 2320; baseline 0 -19"><span class='ocrx_word' id='word_1_126' title='bbox 192 2238 331 2317; x_wconf 88' lang='lat' dir='ltr'><strong>poribus,</strong></span> <span class='ocrx_word' id='word_1_127' title='bbox 351 2259 367 2302; x_wconf 84' lang='lat' dir='ltr'>a</span> <span class='ocrx_word' id='word_1_128' title='bbox 388 2239 495 2318; x_wconf 91' lang='lat' dir='ltr'><strong>quibus</strong></span> <span class='ocrx_word' id='word_1_129' title='bbox 516 2240 661 2303; x_wconf 91' lang='lat' dir='ltr'><strong>continuo</strong></span> <span class='ocrx_word' id='word_1_130' title='bbox 683 2239 762 2319; x_wconf 83' lang='lat' dir='ltr'><strong>quast</strong></span> <span class='ocrx_word' id='word_1_131' title='bbox 782 2256 976 2320; x_wconf 82' lang='lat' dir='ltr'><strong>regeneratur.</strong></span> 
     </span>
    </p>

    <p class='ocr_par' dir='ltr' id='par_1_8' title="bbox 192 2347 1374 2656">
     <span class='ocr_line' id='line_1_18' title="bbox 231 2347 1372 2430; baseline -0.005 -17"><span class='ocrx_word' id='word_1_132' title='bbox 231 2355 270 2415; x_wconf 91' lang='lat' dir='ltr'><strong>V.</strong></span> <span class='ocrx_word' id='word_1_133' title='bbox 311 2353 386 2414; x_wconf 89' lang='lat' dir='ltr'><strong>Cum</strong></span> <span class='ocrx_word' id='word_1_134' title='bbox 408 2351 549 2430; x_wconf 84' lang='lat' dir='ltr'><strong>Corporis</strong></span> <span class='ocrx_word' id='word_1_135' title='bbox 568 2353 686 2414; x_wconf 85' lang='lat' dir='ltr'><strong>huntnni</strong></span> <span class='ocrx_word' id='word_1_136' title='bbox 714 2371 781 2429; x_wconf 88' lang='lat' dir='ltr'><strong>pars</strong></span> <span class='ocrx_word' id='word_1_137' title='bbox 800 2351 889 2414; x_wconf 86' lang='lat' dir='ltr'><strong>fluida</strong></span> <span class='ocrx_word' id='word_1_138' title='bbox 911 2371 928 2411; x_wconf 90' lang='lat' dir='ltr'><strong>a</strong></span> <span class='ocrx_word' id='word_1_139' title='bbox 948 2369 1072 2427; x_wconf 92' lang='lat' dir='ltr'><strong>corpore</strong></span> <span class='ocrx_word' id='word_1_140' title='bbox 1093 2364 1217 2410; x_wconf 84' lang='lat' dir='ltr'><strong>externo</strong></span> <span class='ocrx_word' id='word_1_141' title='bbox 1237 2347 1372 2409; x_wconf 67' lang='lat' dir='ltr'><strong>detumi-</strong></span> 
     </span>
     <span class='ocr_line' id='line_1_19' title="bbox 192 2462 1374 2544; baseline -0.007 -15"><span class='ocrx_word' id='word_1_142' title='bbox 192 2482 293 2543; x_wconf 85' lang='lat' dir='ltr'><strong>natur,</strong></span> <span class='ocrx_word' id='word_1_143' title='bbox 322 2482 355 2528; x_wconf 92' lang='lat' dir='ltr'><strong>ut</strong></span> <span class='ocrx_word' id='word_1_144' title='bbox 383 2465 413 2527; x_wconf 94' lang='lat' dir='ltr'><strong>in</strong></span> <span class='ocrx_word' id='word_1_145' title='bbox 441 2466 523 2527; x_wconf 85' lang='lat' dir='ltr'><strong>aliam</strong></span> <span class='ocrx_word' id='word_1_146' title='bbox 550 2467 666 2528; x_wconf 87' lang='lat' dir='ltr'><strong>mollem</strong></span> <span class='ocrx_word' id='word_1_147' title='bbox 695 2466 771 2543; x_wconf 88' lang='lat' dir='ltr'><strong>saepe</strong></span> <span class='ocrx_word' id='word_1_148' title='bbox 799 2464 958 2544; x_wconf 82' lang='lat' dir='ltr'><strong>impingat,</strong></span> <span class='ocrx_word' id='word_1_149' title='bbox 987 2462 1050 2541; x_wconf 84' lang='lat' dir='ltr'><strong>ejus</strong></span> <span class='ocrx_word' id='word_1_150' title='bbox 1071 2465 1188 2540; x_wconf 88' lang='lat' dir='ltr'><strong>planum</strong></span> <span class='ocrx_word' id='word_1_151' title='bbox 1207 2476 1322 2535; x_wconf 87' lang='lat' dir='ltr'><strong>mutat,</strong></span> <span class='ocrx_word' id='word_1_152' title='bbox 1342 2476 1374 2521; x_wconf 91' lang='lat' dir='ltr'><strong>et</strong></span> 
     </span>
     <span class='ocr_line' id='line_1_20' title="bbox 193 2570 1349 2656; baseline -0.008 -14"><span class='ocrx_word' id='word_1_153' title='bbox 193 2578 285 2642; x_wconf 86' lang='lat' dir='ltr'><strong>veluti</strong></span> <span class='ocrx_word' id='word_1_154' title='bbox 307 2581 437 2656; x_wconf 87' lang='lat' dir='ltr'><strong>quaedam</strong></span> <span class='ocrx_word' id='word_1_155' title='bbox 459 2576 591 2654; x_wconf 89' lang='lat' dir='ltr'><strong>corporis</strong></span> <span class='ocrx_word' id='word_1_156' title='bbox 611 2576 724 2639; x_wconf 81' lang='lat' dir='ltr'><strong>externi</strong></span> <span class='ocrx_word' id='word_1_157' title='bbox 747 2575 924 2654; x_wconf 87' lang='lat' dir='ltr'><strong>impellentis</strong></span> <span class='ocrx_word' id='word_1_158' title='bbox 945 2574 1065 2655; x_wconf 87' lang='lat' dir='ltr'><strong>vestigia</strong></span> <span class='ocrx_word' id='word_1_159' title='bbox 1085 2573 1179 2636; x_wconf 89' lang='lat' dir='ltr'><strong>eidem</strong></span> <span class='ocrx_word' id='word_1_160' title='bbox 1199 2570 1349 2650; x_wconf 88' lang='lat' dir='ltr'><strong>imprimit.</strong></span> 
     </span>
    </p>

    <p class='ocr_par' dir='ltr' id='par_1_9' title="bbox 192 2683 1374 2880">
     <span class='ocr_line' id='line_1_21' title="bbox 232 2683 1374 2768; baseline -0.006 -17"><span class='ocrx_word' id='word_1_161' title='bbox 232 2692 285 2753; x_wconf 94' lang='lat' dir='ltr'><strong>Vl.</strong></span> <span class='ocrx_word' id='word_1_162' title='bbox 326 2691 443 2767; x_wconf 89' lang='lat' dir='ltr'><strong>Corpus</strong></span> <span class='ocrx_word' id='word_1_163' title='bbox 477 2691 633 2753; x_wconf 82' lang='lat' dir='ltr'><strong>humanum</strong></span> <span class='ocrx_word' id='word_1_164' title='bbox 667 2690 766 2768; x_wconf 88' lang='lat' dir='ltr'><strong>potest</strong></span> <span class='ocrx_word' id='word_1_165' title='bbox 801 2706 925 2766; x_wconf 85' lang='lat' dir='ltr'><strong>corpora</strong></span> <span class='ocrx_word' id='word_1_166' title='bbox 960 2703 1081 2749; x_wconf 84' lang='lat' dir='ltr'><strong>externa</strong></span> <span class='ocrx_word' id='word_1_167' title='bbox 1116 2683 1247 2763; x_wconf 89' lang='lat' dir='ltr'><strong>plurimis</strong></span> <span class='ocrx_word' id='word_1_168' title='bbox 1278 2683 1374 2745; x_wconf 85' lang='lat' dir='ltr'><strong>modis</strong></span> 
     </span>
     <span class='ocr_line' id='line_1_22' title="bbox 192 2802 835 2880; baseline -0.003 -16"><span class='ocrx_word' id='word_1_169' title='bbox 192 2820 328 2880; x_wconf 89' lang='lat' dir='ltr'><strong>movere,</strong></span> <span class='ocrx_word' id='word_1_170' title='bbox 349 2802 534 2879; x_wconf 84' lang='lat' dir='ltr'><strong>plurimisque</strong></span> <span class='ocrx_word' id='word_1_171' title='bbox 555 2802 650 2865; x_wconf 92' lang='lat' dir='ltr'><strong>modis</strong></span> <span class='ocrx_word' id='word_1_172' title='bbox 672 2802 835 2879; x_wconf 89' lang='lat' dir='ltr'><strong>disponere.</strong></span> 
     </span>
    </p>
   </div>
   <div class='ocr_carea' id='block_1_5' title="bbox 192 2976 1377 3284">
    <p class='ocr_par' dir='ltr' id='par_1_10' title="bbox 192 2976 1377 3284">
     <span class='ocr_line' id='line_1_23' title="bbox 565 2976 1006 3042; baseline -0.009 -2"><span class='ocrx_word' id='word_1_173' title='bbox 565 2978 895 3042; x_wconf 86' lang='lat' dir='ltr'><strong>PROPOSITIO</strong></span> <span class='ocrx_word' id='word_1_174' title='bbox 924 2976 1006 3037; x_wconf 84' lang='lat' dir='ltr'><strong>xlv.</strong></span> 
     </span>
     <span class='ocr_line' id='line_1_24' title="bbox 233 3088 1377 3171; baseline -0.008 -18"><span class='ocrx_word' id='word_1_175' title='bbox 233 3092 320 3153; x_wconf 84' lang='lat' dir='ltr'><strong>Mens</strong></span> <span class='ocrx_word' id='word_1_176' title='bbox 340 3089 465 3153; x_wconf 81' lang='lat' dir='ltr'><strong>humana</strong></span> <span class='ocrx_word' id='word_1_177' title='bbox 484 3104 557 3171; x_wconf 82' lang='lat' dir='ltr'><strong>apta</strong></span> <span class='ocrx_word' id='word_1_178' title='bbox 577 3091 616 3170; x_wconf 79' lang='lat' dir='ltr'><strong>est</strong></span> <span class='ocrx_word' id='word_1_179' title='bbox 634 3094 677 3151; x_wconf 85' lang='lat' dir='ltr'><strong>ad</strong></span> <span class='ocrx_word' id='word_1_180' title='bbox 690 3092 823 3171; x_wconf 82' lang='lat' dir='ltr'><strong>plurima</strong></span> <span class='ocrx_word' id='word_1_181' title='bbox 847 3090 1079 3170; x_wconf 78' lang='lat' dir='ltr'><strong>percipiendum,</strong></span> <span class='ocrx_word' id='word_1_182' title='bbox 1098 3101 1126 3148; x_wconf 82' lang='lat' dir='ltr'><strong>et</strong></span> <span class='ocrx_word' id='word_1_183' title='bbox 1145 3106 1175 3147; x_wconf 84' lang='lat' dir='ltr'><strong>eo</strong></span> <span class='ocrx_word' id='word_1_184' title='bbox 1194 3088 1303 3166; x_wconf 80' lang='lat' dir='ltr'><strong>aptior,</strong></span> <span class='ocrx_word' id='word_1_185' title='bbox 1322 3106 1377 3162; x_wconf 84' lang='lat' dir='ltr'><strong>quo</strong></span> 
     </span>
     <span class='ocr_line' id='line_1_25' title="bbox 192 3202 886 3284; baseline 0.001 -21"><span class='ocrx_word' id='word_1_186' title='bbox 192 3204 252 3280; x_wconf 86' lang='lat' dir='ltr'><strong>ejus</strong></span> <span class='ocrx_word' id='word_1_187' title='bbox 274 3204 384 3284; x_wconf 84' lang='lat' dir='ltr'><strong>Corpus</strong></span> <span class='ocrx_word' id='word_1_188' title='bbox 398 3204 535 3284; x_wconf 83' lang='lat' dir='ltr'><strong>pluribus</strong></span> <span class='ocrx_word' id='word_1_189' title='bbox 554 3205 642 3264; x_wconf 84' lang='lat' dir='ltr'><strong>modis</strong></span> <span class='ocrx_word' id='word_1_190' title='bbox 662 3204 776 3282; x_wconf 64' lang='lat' dir='ltr'><strong>crispam·</strong></span> <span class='ocrx_word' id='word_1_191' title='bbox 790 3202 886 3283; x_wconf 70' lang='lat' dir='ltr'><strong>potest.</strong></span> 
     </span>
    </p>
   </div>
   <div class='ocr_carea' id='block_1_6' title="bbox 193 3366 1379 3990">
    <p class='ocr_par' dir='ltr' id='par_1_11' title="bbox 193 3366 1379 3990">
     <span class='ocr_line' id='line_1_26' title="bbox 594 3366 985 3412; baseline -0.003 -3"><span class='ocrx_word' id='word_1_192' title='bbox 594 3366 985 3412; x_wconf 79' lang='lat' dir='ltr'><strong>nunonsrnnrto</strong></span> 
     </span>
     <span class='ocr_line' id='line_1_27' title="bbox 235 3457 1375 3541; baseline -0.004 -19"><span class='ocrx_word' id='word_1_193' title='bbox 235 3462 352 3538; x_wconf 79' lang='lat' dir='ltr'><strong>Corpus</strong></span> <span class='ocrx_word' id='word_1_194' title='bbox 372 3460 447 3522; x_wconf 89' lang='lat' dir='ltr'><strong>enim</strong></span> <span class='ocrx_word' id='word_1_195' title='bbox 467 3460 621 3523; x_wconf 82' lang='lat' dir='ltr'><strong>humanum</strong></span> <span class='ocrx_word' id='word_1_196' title='bbox 650 3458 723 3541; x_wconf 80' lang='lat' dir='ltr'><strong>(per</strong></span> <span class='ocrx_word' id='word_1_197' title='bbox 744 3462 819 3541; x_wconf 82' lang='lat' dir='ltr'><strong>Post.</strong></span> <span class='ocrx_word' id='word_1_198' title='bbox 840 3479 869 3538; x_wconf 79' lang='lat'><strong>3.</strong></span> <span class='ocrx_word' id='word_1_199' title='bbox 890 3474 919 3520; x_wconf 81' lang='lat' dir='ltr'><strong>et</strong></span> <span class='ocrx_word' id='word_1_200' title='bbox 938 3462 982 3540; x_wconf 89' lang='lat'><strong>6.)</strong></span> <span class='ocrx_word' id='word_1_201' title='bbox 1005 3458 1134 3535; x_wconf 84' lang='lat' dir='ltr'><strong>plurimis</strong></span> <span class='ocrx_word' id='word_1_202' title='bbox 1154 3457 1249 3519; x_wconf 88' lang='lat' dir='ltr'><strong>modis</strong></span> <span class='ocrx_word' id='word_1_203' title='bbox 1270 3476 1287 3518; x_wconf 85' lang='lat' dir='ltr'><strong>a</strong></span> <span class='ocrx_word' id='word_1_204' title='bbox 1307 3474 1375 3518; x_wconf 93' lang='lat' dir='ltr'><strong>cor-</strong></span> 
     </span>
     <span class='ocr_line' id='line_1_28' title="bbox 193 3569 1378 3651; baseline -0.004 -17"><span class='ocrx_word' id='word_1_205' title='bbox 193 3574 315 3651; x_wconf 83' lang='lat' dir='ltr'><strong>poribus</strong></span> <span class='ocrx_word' id='word_1_206' title='bbox 336 3572 464 3634; x_wconf 80' lang='lat' dir='ltr'><strong>enternis</strong></span> <span class='ocrx_word' id='word_1_207' title='bbox 486 3572 629 3651; x_wconf 86' lang='lat' dir='ltr'><strong>afficitur,</strong></span> <span class='ocrx_word' id='word_1_208' title='bbox 657 3573 882 3651; x_wconf 89' lang='lat' dir='ltr'><strong>disponiturque</strong></span> <span class='ocrx_word' id='word_1_209' title='bbox 903 3575 940 3634; x_wconf 87' lang='lat' dir='ltr'><strong>ad</strong></span> <span class='ocrx_word' id='word_1_210' title='bbox 961 3589 1085 3648; x_wconf 90' lang='lat' dir='ltr'><strong>corpora</strong></span> <span class='ocrx_word' id='word_1_211' title='bbox 1105 3584 1225 3631; x_wconf 84' lang='lat' dir='ltr'><strong>externa</strong></span> <span class='ocrx_word' id='word_1_212' title='bbox 1244 3569 1378 3645; x_wconf 87' lang='lat' dir='ltr'><strong>plurimis</strong></span> 
     </span>
     <span class='ocr_line' id='line_1_29' title="bbox 194 3684 1379 3766; baseline -0.003 -17"><span class='ocrx_word' id='word_1_213' title='bbox 194 3688 288 3749; x_wconf 88' lang='lat' dir='ltr'><strong>modis</strong></span> <span class='ocrx_word' id='word_1_214' title='bbox 309 3686 501 3749; x_wconf 86' lang='lat' dir='ltr'><strong>afficiendum.</strong></span> <span class='ocrx_word' id='word_1_215' title='bbox 542 3690 584 3750; x_wconf 84' lang='lat' dir='ltr'><strong>At</strong></span> <span class='ocrx_word' id='word_1_216' title='bbox 607 3689 720 3764; x_wconf 86' lang='lat' dir='ltr'><strong>omnia,</strong></span> <span class='ocrx_word' id='word_1_217' title='bbox 741 3707 807 3766; x_wconf 87' lang='lat' dir='ltr'><strong>quae</strong></span> <span class='ocrx_word' id='word_1_218' title='bbox 829 3688 859 3748; x_wconf 92' lang='lat' dir='ltr'><strong>in</strong></span> <span class='ocrx_word' id='word_1_219' title='bbox 880 3688 1013 3764; x_wconf 88' lang='lat' dir='ltr'><strong>Corpore</strong></span> <span class='ocrx_word' id='word_1_220' title='bbox 1033 3687 1161 3747; x_wconf 88' lang='lat' dir='ltr'><strong>humano</strong></span> <span class='ocrx_word' id='word_1_221' title='bbox 1182 3684 1379 3764; x_wconf 85' lang='lat' dir='ltr'><strong>contingunt,</strong></span> 
     </span>
     <span class='ocr_line' id='line_1_30' title="bbox 194 3797 1378 3882; baseline -0.003 -22"><span class='ocrx_word' id='word_1_222' title='bbox 194 3799 266 3882; x_wconf 84' lang='lat' dir='ltr'><strong>(per</strong></span> <span class='ocrx_word' id='word_1_223' title='bbox 285 3802 374 3878; x_wconf 84' lang='lat' dir='ltr'><strong>Prop.</strong></span> <span class='ocrx_word' id='word_1_224' title='bbox 398 3818 443 3862; x_wconf 86' lang='lat'><strong>12.</strong></span> <span class='ocrx_word' id='word_1_225' title='bbox 464 3799 562 3882; x_wconf 84' lang='lat' dir='ltr'><strong>hujus)</strong></span> <span class='ocrx_word' id='word_1_226' title='bbox 593 3802 680 3862; x_wconf 87' lang='lat' dir='ltr'><strong>Mens</strong></span> <span class='ocrx_word' id='word_1_227' title='bbox 701 3801 825 3861; x_wconf 87' lang='lat' dir='ltr'><strong>humana</strong></span> <span class='ocrx_word' id='word_1_228' title='bbox 846 3799 995 3877; x_wconf 85' lang='lat' dir='ltr'><strong>percipere</strong></span> <span class='ocrx_word' id='word_1_229' title='bbox 1015 3801 1118 3875; x_wconf 86' lang='lat' dir='ltr'><strong>debet;</strong></span> <span class='ocrx_word' id='word_1_230' title='bbox 1139 3797 1179 3859; x_wconf 89' lang='lat' dir='ltr'><strong>est</strong></span> <span class='ocrx_word' id='word_1_231' title='bbox 1199 3815 1268 3877; x_wconf 92' lang='lat' dir='ltr'><strong>ergo</strong></span> <span class='ocrx_word' id='word_1_232' title='bbox 1287 3798 1378 3858; x_wconf 86' lang='lat' dir='ltr'><strong>Mens</strong></span> 
     </span>
     <span class='ocr_line' id='line_1_31' title="bbox 193 3908 1376 3990; baseline -0.003 -16"><span class='ocrx_word' id='word_1_233' title='bbox 193 3914 317 3975; x_wconf 85' lang='lat' dir='ltr'><strong>humana</strong></span> <span class='ocrx_word' id='word_1_234' title='bbox 338 3928 406 3990; x_wconf 83' lang='lat' dir='ltr'><strong>apta</strong></span> <span class='ocrx_word' id='word_1_235' title='bbox 428 3915 464 3974; x_wconf 84' lang='lat' dir='ltr'><strong>ad</strong></span> <span class='ocrx_word' id='word_1_236' title='bbox 485 3912 606 3989; x_wconf 84' lang='lat' dir='ltr'><strong>plurima</strong></span> <span class='ocrx_word' id='word_1_237' title='bbox 628 3911 864 3989; x_wconf 86' lang='lat' dir='ltr'><strong>percipiendum,</strong></span> <span class='ocrx_word' id='word_1_238' title='bbox 884 3927 915 3972; x_wconf 88' lang='lat' dir='ltr'><strong>et</strong></span> <span class='ocrx_word' id='word_1_239' title='bbox 936 3929 973 3973; x_wconf 91' lang='lat' dir='ltr'><strong>co</strong></span> <span class='ocrx_word' id='word_1_240' title='bbox 996 3908 1109 3987; x_wconf 86' lang='lat' dir='ltr'><strong>aptior,</strong></span> <span class='ocrx_word' id='word_1_241' title='bbox 1127 3924 1184 3971; x_wconf 89' lang='lat' dir='ltr'><strong>etc.</strong></span> <span class='ocrx_word' id='word_1_242' title='bbox 1227 3910 1260 3987; x_wconf 83' lang='lat' dir='ltr'><strong>Q.</strong></span> <span class='ocrx_word' id='word_1_243' title='bbox 1278 3910 1315 3969; x_wconf 84' lang='lat' dir='ltr'><strong>E.</strong></span> <span class='ocrx_word' id='word_1_244' title='bbox 1332 3911 1376 3972; x_wconf 92' lang='lat' dir='ltr'><strong>D.</strong></span> 
     </span>
    </p>
   </div>
   <div class='ocr_carea' id='block_1_7' title="bbox 203 4088 1375 4393">
    <p class='ocr_par' dir='ltr' id='par_1_12' title="bbox 203 4088 1375 4393">
     <span class='ocr_line' id='line_1_32' title="bbox 571 4088 996 4152; baseline -0.007 -2"><span class='ocrx_word' id='word_1_245' title='bbox 571 4089 899 4152; x_wconf 83' lang='lat' dir='ltr'><strong>PROPOSlTIO</strong></span> <span class='ocrx_word' id='word_1_246' title='bbox 929 4088 996 4149; x_wconf 84' lang='lat' dir='ltr'><strong>XV.</strong></span> 
     </span>
     <span class='ocr_line' id='line_1_33' title="bbox 234 4196 1375 4280; baseline -0.006 -17"><span class='ocrx_word' id='word_1_247' title='bbox 234 4203 320 4277; x_wconf 79' lang='lat' dir='ltr'><strong>Idea,</strong></span> <span class='ocrx_word' id='word_1_248' title='bbox 346 4219 409 4279; x_wconf 77' lang='lat' dir='ltr'><strong>qua</strong></span> <span class='ocrx_word' id='word_1_249' title='bbox 436 4202 487 4280; x_wconf 80' lang='lat' dir='ltr'><strong>effe</strong></span> <span class='ocrx_word' id='word_1_250' title='bbox 500 4200 628 4278; x_wconf 77' lang='lat' dir='ltr'><strong>formale</strong></span> <span class='ocrx_word' id='word_1_251' title='bbox 647 4199 779 4263; x_wconf 71' lang='lat' dir='ltr'><strong>humana</strong></span> <span class='ocrx_word' id='word_1_252' title='bbox 799 4202 912 4263; x_wconf 79' lang='lat' dir='ltr'><strong>Mentis</strong></span> <span class='ocrx_word' id='word_1_253' title='bbox 931 4199 1089 4277; x_wconf 78' lang='lat' dir='ltr'><strong>constituit,</strong></span> <span class='ocrx_word' id='word_1_254' title='bbox 1109 4216 1164 4258; x_wconf 83' lang='lat' dir='ltr'><strong>nan</strong></span> <span class='ocrx_word' id='word_1_255' title='bbox 1182 4197 1224 4276; x_wconf 23' lang='lat' dir='ltr'><strong>est,</strong></span> <span class='ocrx_word' id='word_1_256' title='bbox 1235 4196 1375 4277; x_wconf 60' lang='grc' dir='ltr'><strong>βψω,</strong></span> 
     </span>
     <span class='ocr_line' id='line_1_34' title="bbox 203 4311 727 4393; baseline -0.002 -20"><span class='ocrx_word' id='word_1_257' title='bbox 203 4314 254 4374; x_wconf 80' lang='lat' dir='ltr'><strong>led</strong></span> <span class='ocrx_word' id='word_1_258' title='bbox 270 4332 306 4373; x_wconf 82' lang='lat' dir='ltr'><strong>etr</strong></span> <span class='ocrx_word' id='word_1_259' title='bbox 322 4314 459 4393; x_wconf 77' lang='lat' dir='ltr'><strong>plurimis</strong></span> <span class='ocrx_word' id='word_1_260' title='bbox 478 4314 551 4375; x_wconf 83' lang='lat' dir='ltr'><strong>t&#39;det&#39;t</strong></span> <span class='ocrx_word' id='word_1_261' title='bbox 572 4311 727 4391; x_wconf 75' lang='lat' dir='ltr'><strong>wmpofita.</strong></span> 
     </span>
    </p>
   </div>
   <div class='ocr_carea' id='block_1_8' title="bbox 0 0 1481 4900">
    <p class='ocr_par' dir='ltr' id='par_1_13' title="bbox 0 0 1481 4900">
     <span class='ocr_line' id='line_1_35' title="bbox 0 0 1481 4900; baseline 0 0"><span class='ocrx_word' id='word_1_262' title='bbox 0 0 1481 4900; x_wconf 95' lang='lat' dir='ltr'><strong> </strong></span> 
     </span>
    </p>
   </div>
  </div>
 </body>
</html>
