2934 4900
225 319 285 389 454
701 309 938 369 Tractatus

225 482 417 544 devotionem
449 497 567 544 movere
598 479 711 556 porest;
742 495 774 540 et
801 479 855 540 hac
884 483 921 540 de
948 479 1033 542 causa
1061 483 1099 540 de
1123 481 1192 542 Deo
1213 495 1246 542 et
1266 483 1306 543 de
1326 484 1417 544 rebus

224 595 379 656 admodum
408 593 565 669 improprie
593 591 743 668 loquitur,
770 592 839 669 quia
866 592 998 654 nimirum
1019 611 1080 654 non
1102 593 1262 654 Rationem
1284 596 1416 658 convin-

223 725 306 782 cere,
327 706 376 768 sed
396 705 546 766 hominum
566 705 745 781 phantasiam
766 719 796 766 et
816 705 1055 784 imaginationem
1076 705 1190 768 afficere
1211 723 1242 768 et
1262 726 1416 785 occupate

224 819 329 880 studet.
369 819 400 880 Si
428 817 504 878 enim
532 817 681 893 Scriptura
711 817 903 880 vastationem
931 818 1055 895 alicujus
1075 819 1205 895 imperii,
1226 836 1260 882 ut
1281 822 1417 883 historici

224 929 340 1006 politici
371 929 483 1004 solent,
514 943 658 1004 narraret,
690 928 721 990 id
753 930 868 1004 plebem
899 929 972 990 nihil
1003 946 1223 1008 commoveret;
1250 948 1282 993 at
1308 949 1417 994 contra

224 1042 363 1118 maxime,
384 1041 404 1102 st
426 1041 523 1102 omnia
544 1040 662 1118 politice
685 1041 826 1120 depingat
845 1056 875 1102 et
893 1045 931 1104 ad
950 1044 1046 1103 Deum
1067 1045 1190 1120 referat,
1211 1048 1294 1121 quod
1316 1047 1416 1108 iacere

222 1156 307 1218 solet.
328 1155 402 1216 Cum
423 1155 522 1231 itaque
543 1154 693 1230 Scriptura
714 1170 827 1229 narrat,
848 1170 951 1215 terram
972 1171 1096 1232 propter
1116 1157 1266 1218 hominum
1288 1176 1417 1234 peccata

221 1267 344 1330 sterilem
372 1265 444 1343 eise,
471 1281 522 1328 aut
550 1269 632 1344 quod
661 1266 735 1328 ceci
765 1285 803 1326 ex
823 1267 881 1328 fide
902 1267 1085 1344 sanabantur,
1105 1287 1140 1328 ea
1161 1286 1217 1329 nos
1237 1288 1299 1330 non
1320 1273 1417 1349 magis

223 1397 342 1442 movere
369 1381 496 1454 debent,
522 1397 609 1454 quam
638 1397 703 1439 cum
724 1394 837 1455 narrat,
859 1381 955 1440 Deum
975 1396 1098 1456 propter
1116 1380 1267 1442 hominum
1288 1399 1417 1458 peccata

222 1491 321 1568 irasci,
350 1491 527 1567 contristari,
555 1491 700 1567 poenitere
728 1491 802 1552 boni
829 1491 954 1568 promissi
975 1505 1006 1552 et
1026 1492 1111 1569 saell,
1132 1510 1184 1554 aut
1206 1496 1288 1571 quod
1309 1495 1416 1570 Deus,

223 1623 261 1665 ex
288 1623 325 1666 eo
352 1607 434 1682 quod
461 1603 569 1683 signum
599 1603 699 1678 videt,
727 1602 852 1678 promidi
881 1607 1069 1681 recordetur,
1090 1620 1121 1666 et
1141 1604 1197 1666 alia
1217 1606 1416 1682 perplurima,

223 1737 289 1795 quae
321 1719 368 1778 vel
398 1715 517 1793 poetice
548 1716 624 1778 dieta
654 1716 738 1792 sunt,
771 1720 819 1779 vel
838 1717 996 1779 secundum
1018 1718 1177 1794 scriptoris
1198 1719 1360 1794 opiniones
1381 1736 1414 1781 et

222 1829 392 1908 praejudicia
417 1831 516 1891 relata.
558 1830 655 1911 Quare
682 1828 729 1890 hic
760 1829 895 1890 absolute
916 1829 1136 1907 concludimus,
1157 1831 1270 1906 omnia,
1291 1851 1360 1908 quae
1381 1833 1414 1892 in

222 1943 371 2019 Scriptura
399 1961 467 2006 vere
495 1957 648 2005 narrantur
675 1941 844 2022 contigisse,
873 1961 908 2004 ea
934 1943 1094 2005 secundum
1115 1945 1195 2022 leges
1215 1945 1355 2020 Naturae,
1378 1963 1414 2006 ut

223 2054 336 2129 omnia,
368 2053 523 2116 necessario
555 2052 726 2132 contigisse;
758 2071 788 2115 et
808 2054 829 2114 sr
852 2054 923 2132 quid
944 2055 1120 2132 reperiatur,
1141 2058 1225 2132 quod
1244 2055 1415 2131 apodictice

222 2166 409 2228 demonstrari
439 2168 536 2244 potest
566 2167 682 2246 legibus
712 2171 833 2230 Natura
864 2187 1042 2248 repugnare,
1070 2183 1123 2230 aut
1151 2186 1189 2229 etr
1208 2168 1245 2229 iis
1265 2169 1413 2246 consequi

222 2297 283 2340 non
314 2278 457 2355 potuisse,
488 2280 574 2354 plane
606 2281 801 2355 credendum,
834 2279 865 2341 id
893 2299 910 2341 a
938 2280 1082 2360 sacrilegis
1112 2280 1282 2342 hominibus
1313 2283 1413 2342 Sacris

222 2391 330 2453 Literis
352 2390 495 2469 adjectum
516 2389 609 2453 fuisse.
630 2390 783 2473 Quicquid
803 2392 880 2454 enim
902 2406 1005 2455 contra
1025 2394 1168 2455 Naturam
1186 2395 1243 2471 eil,
1260 2394 1293 2455 id
1302 2410 1410 2456 contra

222 2504 381 2565 Rationem
402 2504 456 2579 est;
478 2519 508 2564 et
529 2505 611 2580 quod
632 2518 736 2565 contra
757 2504 930 2581 Rationem,
951 2505 982 2567 id
1004 2506 1158 2568 absurdum
1171 2507 1226 2583 est,
1237 2524 1271 2567 ac
1282 2507 1411 2583 proinde

221 2617 309 2678 etiam
330 2617 527 2678 refutandum.

261 2728 396 2804 Superest
411 2726 471 2804 jam
492 2741 622 2803 tantum,
643 2746 737 2804 pauca
757 2728 853 2791 adhuc
873 2732 911 2791 de
931 2729 1136 2792 miraculorum
1162 2730 1410 2807 interpretatione

221 2855 340 2916 notare,
370 2841 419 2904 vel
450 2840 552 2915 potius
583 2841 752 2919 recolligere
784 2842 864 2921 (nam
895 2843 1044 2919 precipua
1070 2843 1130 2920 jam
1159 2844 1236 2907 disla
1256 2845 1357 2925 sunt),
1378 2862 1408 2907 et

221 2972 282 3015 uno
313 2968 364 3015 aut
396 2956 487 3015 altero
516 2955 651 3030 exemplo
679 2954 835 3031 illustrare,
856 2959 939 3031 quod
959 2956 1008 3016 hic
1030 2970 1137 3033 quarto
1156 2958 1252 3017 facere
1272 2955 1407 3033 promisr;

220 3065 309 3143 idque
330 3081 486 3142 propterea
508 3068 642 3143 v010,ne
655 3066 737 3143 quis,
757 3067 925 3129 miraculum
943 3068 1064 3145 aliquod
1081 3070 1153 3129 male
1170 3068 1408 3145 interpretando,

220 3186 327 3237 temere
348 3176 519 3253 suspicetur,
539 3177 568 3237 se
591 3177 703 3253 aliquid
724 3178 753 3238 in
776 3178 924 3255 Scriptura
945 3178 1097 3255 reperisse,
1118 3183 1200 3257 quod
1221 3180 1323 3241 lumini
1345 3183 1406 3242 Na·

219 3304 292 3350 turae
324 3306 475 3368 repugnet.
519 3291 599 3350 Raro
632 3291 789 3351 admodum
819 3292 870 3367 iit,
900 3305 934 3352 ut
965 3292 1101 3353 homines
1130 3310 1189 3354 rem
1210 3292 1352 3369 aliquam,
1373 3310 1406 3354 ut

220 3401 297 3479 gesta
325 3401 383 3476 est,
410 3400 450 3461 ita
478 3400 644 3476 simpliciter
672 3418 805 3478 narrent,
830 3419 865 3465 ut
885 3403 958 3463 nihil
980 3403 1022 3463 sui
1043 3403 1153 3485 Judicii
1174 3404 1332 3466 narrationi
1353 3406 1405 3465 im·

219 3514 367 3575 misceant.
408 3515 488 3589 Ino,
519 3532 583 3575 cum
616 3514 726 3591 aliquid
757 3515 830 3579 novi
852 3515 956 3579 vident
976 3531 1028 3577 aut
1049 3516 1191 3594 audiunt,
1212 3516 1265 3578 nist
1284 3519 1404 3578 maxime

220 3646 236 3687 a
257 3627 316 3688 suis
336 3627 551 3703 praeconceptis
572 3627 764 3703 opinionibus
785 3645 927 3703 caveant,
947 3630 984 3690 iis
1004 3632 1176 3706 plerumque
1193 3629 1236 3691 ita
1257 3648 1403 3706 praeoccu-

220 3743 383 3815 pabuntur,
404 3755 437 3801 ut
458 3741 544 3816 plane
564 3740 660 3813 aliud,
681 3758 768 3815 quam
788 3743 871 3817 quod
890 3741 1012 3816 vident,
1033 3758 1085 3803 aut
1106 3740 1402 3822 contigisseaudiunt,

220 3849 397 3926 percipiant;
436 3849 592 3926 prasertim
624 3850 645 3911 st
676 3869 721 3912 res
754 3854 816 3913 asta
851 3867 969 3927 captum
1005 3854 1148 3915 narrantis
1177 3869 1229 3914 aut
1260 3854 1402 3916 audientis

219 3960 352 4036 superat,
373 3976 402 4021 et
423 3962 545 4021 maxime
567 3961 587 4022 sr
608 3963 644 4023 ad
666 3961 729 4039 ejus
750 3982 809 4024 rem
830 3963 951 4038 referat,
981 3980 1015 4025 ut
1037 3964 1098 4041 ipsa
1118 3981 1201 4027 certo
1222 3968 1311 4027 modo
1331 3985 1400 4027 con·

219 4071 323 4151 tingat.
364 4072 442 4133 Hinc
462 4076 512 4149 fit,
534 4090 567 4134 ut
588 4074 723 4135 homines
743 4075 774 4136 in
794 4074 853 4136 suis
873 4075 1029 4137 Chronicis
1050 4092 1081 4138 et
1101 4076 1229 4139 historiis
1239 4078 1329 4157 magis
1338 4079 1399 4140 snas

220 4184 393 4260 opiniones,
421 4204 505 4261 quam
534 4203 580 4246 res
607 4186 683 4262 ipsas
704 4190 782 4249 osias
808 4203 939 4263 narrent;
961 4205 992 4249 et
1013 4203 1047 4249 ut
1068 4208 1145 4250 unus
1165 4188 1302 4266 idemque
1322 4190 1399 4251 casus

220 4314 236 4363 a
267 4296 383 4361 duobus
414 4296 599 4374 horninibus,
630 4298 681 4378 qui
713 4299 842 4364 diversas
871 4300 983 4363 habent
1015 4299 1190 4380 opiniones,
1219 4300 1262 4361 ita
1292 4302 1398 4367 diverse
