2934 4900
324 349 826 431 Theologico·Politici
866 351 940 427 Cap.
971 351 1007 413 X.
1197 361 1257 427 507

74 526 218 589 orationis
245 540 405 588 contextus
433 527 487 588 alia
514 527 620 604 scripta
649 526 810 604 supponit:
831 546 926 590 annus
945 529 1022 590 enim
1042 527 1202 607 trigesimus
1209 571 1219 604 ,
1239 545 1257 587 a

74 659 136 718 quo
158 639 206 700 hic
226 639 299 702 liber
318 638 440 716 incipit,
461 639 606 718 ostendit,
627 639 804 718 Prophetam
824 641 854 702 in
875 643 1018 702 narrando
1040 657 1174 719 pergere,
1195 656 1256 700 non

72 767 172 813 autern
199 748 344 828 incipete3
372 753 454 830 quod
481 751 568 813 etiam
596 753 728 830 Scriptor
748 753 809 830 ipse
830 771 882 830 per
902 752 1083 830 parenthesin
1103 752 1147 816 vs.
1169 769 1198 830 3.
1218 750 1257 811 stc

73 877 178 940 notat,
191 863 298 940 fuerat
311 866 391 944 saepe
410 865 530 926 verbum
550 867 609 927 Dei
628 865 775 926 Ezechias·
790 866 853 945 filio
874 867 951 927 Buzt’
963 866 1113 944 sacerdoti
1130 869 1163 924 in
1174 879 1259 925 terra

75 976 293 1055 Chaldaeorum,
322 991 391 1050 eta,
423 976 501 1055 quast
533 978 660 1055 diceret,
691 981 781 1042 verba
801 978 981 1055 Ezechielis,
1002 997 1068 1054 quae
1088 978 1146 1040 huc
1166 978 1259 1056 usque

73 1087 276 1164 descripserat,
304 1090 340 1152 ad
367 1089 422 1151 alia
449 1090 564 1166 referri,
592 1109 658 1169 quae
686 1089 740 1167 ipli
768 1107 837 1153 ante
856 1092 935 1152 hunc
957 1109 1064 1153 annum
1084 1089 1259 1171 trigefimum

71 1202 202 1262 revelata
232 1215 323 1262 erant.
363 1201 479 1265 Deinde
509 1202 655 1284 Joscphus
686 1203 737 1264 lib.
772 1221 817 1266 10.
848 1203 952 1282 Antiq.
974 1222 1037 1281 cap.
1059 1219 1089 1280 7.
1109 1204 1126 1238 *
1145 1217 1259 1277 narrat,

71 1312 257 1374 Ezechielem
286 1314 467 1392 praedinisse,
499 1316 580 1392 quod
611 1314 790 1378 Tsedechiar
819 1317 1002 1378 Babiloniam
1031 1333 1092 1378 non
1124 1315 1259 1390 videret;

73 1428 158 1504 quod
177 1427 207 1487 in
229 1427 345 1504 nostro,
373 1446 459 1505 quem
479 1426 543 1504 ejus
571 1428 725 1506 habemus,
746 1428 823 1490 libro
844 1447 905 1490 non
925 1428 1049 1508 legitur,
1069 1427 1119 1490 sed
1139 1442 1262 1502 contra,

72 1557 139 1614 cap.
169 1537 279 1600 scilicet
312 1552 369 1615 17,
398 1540 480 1616 quod
509 1539 689 1602 Babiloniam
721 1555 826 1617 captus
854 1544 1010 1604 duceretur
1030 1541 1071 1603 **.
1091 1542 1138 1603 De
1160 1540 1259 1603 Hosea

73 1670 136 1714 non
157 1667 239 1713 cerro
260 1651 355 1713 dicere
376 1650 541 1729 possumus,
561 1655 643 1730 quod
663 1654 746 1730 plura
766 1653 927 1732 scripserit,
947 1671 1034 1731 quam
1055 1672 1122 1731 quae
1132 1653 1162 1715 in
1172 1654 1260 1726 libro,

74 1764 127 1842 qui
159 1763 222 1840 cius
252 1762 376 1842 dicitur,
407 1763 606 1828 continentur.
647 1766 788 1828 Attamen
809 1766 915 1844 miror,
936 1785 992 1828 nos
1013 1766 1076 1844 ejus
1096 1768 1178 1843 plura
1199 1783 1259 1827 non

73 1878 198 1953 habete,
230 1876 281 1954 qui
312 1895 349 1937 ex
379 1877 546 1939 testimonio
576 1877 735 1955 Scriptoria
756 1879 930 1956 plusquam
951 1879 1102 1959 odoginta
1130 1895 1259 1956 quatuor

74 2008 169 2051 annos
196 1988 395 2065 prophetavit.
436 1992 504 2051 Hoc
531 1990 630 2052 saltem
658 1991 687 2051 in
715 2009 821 2070 genere
849 1990 969 2068 scimus,
996 1991 1100 2053 horum
1119 1991 1258 2052 librorum

73 2101 240 2178 Scriptores
259 2119 355 2179 neque
376 2101 504 2164 omnium
525 2101 754 2179 Prophetarum,
774 2120 871 2181 neque
891 2102 1260 2183 horum,quoshabemus,

75 2230 177 2274 omnes
204 2211 376 2289 prophetias
404 2212 556 2292 collegisse.
583 2215 658 2275 Nam
680 2231 780 2275 eorum
801 2213 1028 2290 Prophetarum,
1049 2214 1101 2293 qui
1120 2228 1260 2294 regnante

75 2323 206 2388 Manasse
234 2325 505 2402 prophetaverunt,
533 2341 563 2386 et
584 2327 621 2386 de
648 2325 757 2403 quibua
778 2326 808 2387 in
828 2327 880 2388 lib.
902 2345 930 2386 2.
951 2326 1041 2388 Paral.
1062 2345 1126 2403 cap.
1148 2344 1196 2403 33:
1217 2326 1260 2388 vs.

79 2456 133 2513 10,
158 2438 192 2499 18
199 2482 209 2514 ,
233 2454 278 2517 19.
299 2438 329 2499 in
356 2456 460 2519 genere
487 2439 522 2499 iit
543 2437 671 2516 mentio,
693 2439 787 2499 nullas
807 2439 892 2515 plane
912 2437 1084 2516 prophetias
1104 2437 1261 2514 habemua3

76 2570 132 2613 nec
162 2550 249 2612 etiam
280 2569 382 2613 omnes
411 2550 514 2613 horum
545 2551 699 2613 duodecim
729 2553 950 2627 Prophetarum.
990 2554 1066 2613 Nam
1093 2554 1177 2632 Jonae
1198 2570 1259 2612 non

76 2661 130 2724 nist
158 2660 323 2740 Prophetiae
344 2664 381 2725 de
401 2660 546 2725 Ninivitis
574 2662 793 2739 describuntur,
814 2682 879 2726 cum
898 2680 996 2725 tamen
1017 2664 1106 2725 etiam
1126 2662 1261 2724 Israelitis

76 2776 316 2853 prophetaverit,
336 2794 394 2852 qua
416 2778 502 2837 dere
524 2774 593 2838 vide
614 2774 665 2837 lib.
687 2794 715 2836 a.
737 2777 812 2855 Reg.
834 2795 898 2852 cap.
922 2792 967 2856 14
987 2775 1030 2839 vs.
1051 2786 1100 2851 25.

117 2888 162 2948 De
181 2888 257 2949 libro
277 2888 347 2969 Jobi
357 2933 367 2964 ‚
387 2902 417 2947 et
439 2890 474 2949 de
496 2886 559 2963 ipso
581 2888 678 2968 J0b0,
698 2888 789 2948 multa
809 2888 886 2949 inter
905 2887 1070 2965 Scriptores
1100 2886 1158 2949 htit
1187 2903 1260 2947 con*-

76 2998 225 3062 troversia.
266 2998 392 3082 Quidam
414 3015 539 3076 putant,
560 2998 666 3061 Mosen
687 3002 811 3061 eundem
831 2999 984 3076 scripsisse,
1004 3017 1035 3061 et
1055 3014 1150 3062 totam
1169 2998 1260 3059 histo·

76 3111 146 3173 riam
174 3130 234 3173 non
263 3111 316 3173 nisi
337 3113 503 3188 parabolam
525 3111 599 3189 elle;
621 3112 843 3188 quodquidam
864 3112 1046 3174 Rabinorum
1067 3112 1097 3173 in
1117 3112 1261 3173 Talmude
1374 3195 1377 3201 Ι

76 3227 213 3300 tradunt,
234 3224 342 3301 quibus
363 3224 561 3287 Maimonides
581 3224 668 3285 etiam
689 3225 772 3287 favet
792 3224 822 3285 in
839 3223 892 3286 suo
902 3225 977 3286 libro
988 3226 1075 3287 More
1084 3225 1260 3286 Nebuchim.

77 3336 138 3397 Alii
168 3336 314 3397 historiam
346 3355 442 3399 veram
475 3336 529 3398 esse
561 3336 763 3412 crediderunt;
794 3354 918 3413 quorum
948 3336 1065 3414 quidam
1095 3338 1178 3413 sunt,
1210 3336 1261 3414 qui

77 3462 276 3525 putaverunt,
298 3449 376 3511 hunc
397 3450 505 3530 Jobum
527 3464 659 3527 tempore
679 3447 784 3529 Jacobi
799 3447 1146 3527 vixille,ejusquefiliam
1155 3449 1262 3511 Dinam

77 3560 108 3620 in
129 3576 250 3621 uxorem
272 3560 392 3622 duaille.
414 3562 456 3622 At
477 3561 563 3621 Aben
584 3562 698 3638 llezra,
718 3576 753 3622 ut
770 3560 829 3637 jam
849 3559 934 3637 supra
954 3560 1032 3637 dixi,
1050 3560 1081 3622 in
1100 3551 1161 3622 sitis
1180 3578 1261 3622 com·

77 3672 225 3734 mentariis
247 3672 331 3749 supra
352 3672 433 3734 hunc
453 3673 556 3735 librum
579 3674 716 3751 affirmat,
737 3692 803 3735 cum
825 3692 862 3734 ex
884 3672 939 3734 alia
958 3672 1057 3753 lingua
1067 3672 1097 3734 in
1108 3674 1260 3734 Hebraeam

77 3783 159 3845 fuisse
181 3784 366 3860 transsatum
388 3787 468 3863 quod
490 3786 607 3863 quidem
628 3786 732 3849 vellem
755 3802 788 3847 ut
809 3785 896 3847 nobis
907 3785 1075 3850 evidentius
1085 3784 1263 3862 ostendisset,

77 3915 143 3959 nam
164 3896 232 3957 inde
260 3896 403 3973 pollemus
430 3898 606 3960 concludere
613 3944 623 3975 ,
644 3898 768 3977 gentiles
789 3897 877 3958 etiam
896 3898 986 3959 libros
1006 3898 1102 3959 sacros
1121 3897 1260 3960 habuisse.

77 4011 152 4069 Rem
174 4007 274 4085 itaque
296 4008 326 4069 in
347 4008 439 4072 dubio
460 4009 610 4087 relinquo;
631 4008 690 4071 hoc
711 4024 807 4071 tamen
828 4007 975 4088 conjicio,
994 4010 1102 4091 Jobum
1123 4008 1261 4089 gentilem

110 4275 124 4307 ⁸
158 4272 207 4325 lid.
222 4274 279 4325 ΡΜ
296 4288 322 4341 9.

110 4358 138 4389 ''
156 4354 200 4409 Cf.
215 4356 312 4409 Annot.
328 4354 410 4409 xxll.
