2934 4900
325 301 816 392 Theologicoal’olitici
857 316 931 394 Cap.
952 307 1019 380 XV.
1205 319 1264 400 547

66 506 169 552 tarum
190 505 221 551 et
240 489 322 568 vulgi
343 490 436 565 dina,
464 506 494 550 et
516 508 581 567 quae
602 489 663 552 sola
687 491 780 554 Ratio
801 507 833 553 et
853 491 1063 572 Philosophia,
1083 511 1145 556 non
1165 510 1269 558 autem-

65 602 239 680 Scriptura,
271 605 360 665 docet
392 603 461 664 salsa
495 601 566 680 elle;
597 621 664 680 qua
695 619 794 666 tamen
826 605 924 666 omnia
952 625 990 667 en
1018 605 1161 684 opinione
1183 608 1265 670 istius

65 716 224 792 authoris,
250 716 319 794 quia
346 717 425 778 nulla
454 715 483 776 in
513 715 558 777 his
586 717 710 778 Rationi
740 717 921 780 consultatio
949 718 1008 796 est,
1034 735 1174 798 tanquam
1195 740 1265 786 vera

65 829 166 891 ellent
196 829 398 908 supponenda.
438 828 553 891 Deinde
586 829 659 889 falso
691 829 831 906 affirmat,
860 848 951 892 unum
978 832 1077 893 locum
1106 832 1189 894 alteri
1210 853 1264 911 per

66 942 313 1020 consequentiam
341 957 455 1004 tantum
483 959 663 1021 repugnare,
689 960 751 1028 non
779 957 877 1004 autem
905 943 1034 1020 diretle;
1064 962 1130 1006 nam
1161 945 1264 1008 Moses

67 1053 181 1115 direde
203 1053 340 1130 affirmat,
360 1055 453 1116 Deum
473 1053 525 1132 effe
544 1055 638 1130 ignem
659 1052 743 1130 (vide
764 1055 895 1134 Deut.4
916 1055 990 1118 vers.
1001 1056 1083 1134 24),
1103 1070 1135 1117 et
1155 1056 1263 1118 directe

69 1183 178 1247 negat,
199 1169 295 1231 Deum
318 1169 404 1229 ullam
425 1168 531 1229 habere
560 1167 777 1230 similitudinem
798 1187 863 1230 cum
885 1171 974 1230 rebus
994 1169 1157 1232 visibilibus
1179 1171 1264 1249 (vide

68 1283 163 1341 Deut.
186 1301 215 1361 4.
236 1280 309 1342 vers.
334 1281 404 1360 rm).
426 1280 483 1356 Et,
503 1279 524 1340 fi
545 1295 675 1358 regerat,
694 1280 754 1340 hoc
774 1297 836 1341 non
857 1280 983 1356 diredte,
1005 1282 1056 1342 sed
1075 1296 1190 1342 tantum
1211 1301 1265 1358 per

70 1392 312 1470 consequentiam
334 1410 454 1470 negare,
482 1393 578 1453 Deum
599 1390 655 1452 elle
676 1389 791 1470 ignem,
818 1393 953 1468 adeoque
974 1391 1017 1452 illi
1037 1396 1262 1455 accommodan-

70 1507 160 1581 dum,
179 1524 216 1567 ne
237 1505 266 1567 id
288 1523 392 1584 negare
414 1504 566 1579 videatur;
588 1521 639 1582 nge
662 1505 876 1580 concedamus,
897 1504 994 1566 Deum
1016 1503 1072 1565 esse
1092 1503 1263 1584 ignem,vel

70 1617 193 1694 potius,
213 1636 250 1679 ne
272 1635 338 1679 cum
359 1615 424 1692 ipso
445 1615 634 1692 insaniamus,
655 1616 718 1677 haec
740 1615 817 1676 missa
838 1616 994 1693 faciamus,
1015 1631 1046 1678 et
1067 1617 1147 1679 aliud
1164 1637 1262 1680 enem-

68 1732 152 1808 plum
172 1731 202 1792 in
223 1729 350 1792 medium
370 1731 562 1807 proferamus.
603 1731 719 1806 Nempe
741 1730 890 1791 Samuel*
911 1728 1018 1792 direste
1039 1747 1145 1810 negat,
1165 1733 1262 1792 Deum

69 1841 224 1903 sententia
245 1842 390 1920 poenitere
419 1840 501 1920 (vide
527 1842 697 1902 1.Samudl.
719 1859 784 1917 cap.
808 1851 854 1916 ις.
874 1839 949 1903 vers.
970 1841 1051 1920 ao),
1072 1856 1103 1902 et
1122 1843 1262 1923 Jeremias

69 1968 175 2015 contra
196 1953 331 2029 affirmat,
352 1956 448 2015 Deum
469 1953 613 2029 poenitere
634 1953 707 2014 boni
729 1968 760 2014 et
781 1954 864 2029 mali,
885 1956 968 2030 quod
988 1956 1158 2018 decreverat
1177 1956 1262 2034 (vide

68 2069 174 2146 Jerem.
197 2085 261 2142 cap.
286 2066 331 2126 ιθ.
352 2066 425 2129 vers.
445 2067 482 2141 8,
505 2066 582 2145 ro.):
605 2065 701 2143 quid?
723 2084 760 2127 an
781 2084 818 2126 ne
838 2065 902 2126 haec
923 2067 1041 2144 quidem
1061 2067 1114 2128 libi
1134 2067 1261 2132 invicem

71 2181 179 2242 direste
201 2179 419 2257 opponuntur?
441 2197 527 2257 quem
549 2177 696 2258 igiturex
718 2178 778 2239 istis
799 2181 919 2240 duobus
945 2180 1145 2256 metaphorice
1166 2181 1261 2258 expli·

70 2311 137 2354 care
165 2291 255 2355 vult?
296 2294 432 2369 Utraque
461 2290 604 2352 sententia
633 2289 804 2354 universalis
832 2291 874 2352 est
900 2306 932 2352 et
958 2292 1077 2370 utrique
1098 2294 1261 2372 contraria;

70 2407 155 2483 quod
176 2423 233 2469 una
254 2403 360 2467 direlle
383 2402 520 2481 affirmat,
542 2403 571 2465 id
593 2404 683 2465 altera
705 2402 812 2465 directe
834 2418 930 2483 negat.
955 2391 1102 2483 Adeoque
1123 2405 1201 2483 ipse,
1222 2425 1261 2469 ex

70 2516 159 2595 ipsius
187 2518 302 2597 regula,
330 2517 389 2577 hoc
416 2516 510 2593 ipsum
531 2531 669 2592 tanquam
690 2533 791 2579 verum
812 2516 947 2591 amplesli
968 2531 999 2577 et
1019 2517 1101 2579 fimul
1122 2534 1260 2595 tanquam

70 2630 172 2692 salsum
193 2628 311 2707 rejicere
333 2644 459 2690 tenetur.
500 2628 617 2690 Deinde
639 2628 712 2705 quid
733 2630 840 2705 refert,
860 2631 944 2705 quod
965 2630 1049 2691 locus
1070 2630 1177 2708 aliquis
1198 2648 1259 2693 non

69 2744 195 2819 diredle,
216 2743 266 2805 sed
286 2758 400 2804 tantum
419 2759 472 2817 per
489 2740 728 2818 consequentiam
746 2740 830 2802 alteri
846 2756 990 2821 repugnet
996 2741 1260 2820 ‚ficonsequentia

69 2857 146 2916 clara
166 2854 217 2931 srt,
239 2869 270 2915 et
289 2854 349 2915 loci
372 2852 583 2915 circumstantia
613 2868 642 2913 et
671 2866 775 2915 natura
802 2852 1016 2928 metaphoricae
1044 2852 1259 2929 explicationes

69 2983 131 3027 non
152 2964 315 3041 patiantur3
336 2981 460 3041 quorum
482 2962 604 3039 plurima
622 2962 652 3023 in
669 2962 772 3023 Bibliis
792 2962 990 3039 reperiuntur,
1011 2966 1048 3025 de
1069 2964 1178 3040 quibus
1188 2965 1259 3027 vide

69 3077 143 3153 Cap.
174 3078 338 3139 Secundum
370 3075 436 3155 (ubi
468 3074 662 3149 ostendimus,
694 3074 858 3150 Prophetas
889 3073 1019 3136 diversas
1046 3089 1077 3136 et
1097 3074 1259 3137 contrarias

67 3190 197 3251 habuisse
219 3189 406 3269 opiniones),
424 3204 454 3250 et
472 3187 619 3264 praecipue
642 3204 743 3248 omnes
764 3186 827 3247 illas
848 3186 1113 3263 contradidiones,
1133 3206 1207 3264 quas
1227 3187 1258 3250 in

68 3301 206 3363 Historiis
236 3300 292 3362 elle
324 3300 501 3362 ostendimus
534 3300 653 3379 (nempe
684 3299 842 3375 Capitibus
861 3317 891 3378 9.
912 3314 944 3359 et
972 3299 1042 3377 ια).
1083 3300 1148 3360 Nec
1180 3316 1257 3377 opus

67 3415 164 3475 habeo
185 3412 234 3474 hic
254 3412 352 3474 omnia
373 3413 538 3488 recensere,
558 3431 623 3473 nam
645 3411 721 3473 dista
743 3410 891 3472 sufficiunt
912 3412 950 3471 ad
969 3411 1109 3485 absurda,
1130 3428 1196 3487 qua
1218 3428 1257 3471 ex

66 3524 123 3584 hac
154 3523 298 3585 sententia
330 3538 360 3584 et
390 3524 488 3603 regula
519 3522 696 3600 sequuntur,
728 3521 849 3599 ejusque
881 3521 1032 3583 falsitatem
1062 3538 1093 3583 et
1123 3521 1256 3583 authoris

68 3635 311 3711 praecipitantiam
341 3635 559 3697 ostendendum.
601 3636 699 3717 Quare
727 3649 787 3694 tam
807 3634 882 3695 hanc
892 3677 903 3709 ,
923 3652 1010 3711 quam
1031 3633 1107 3695 illam
1128 3632 1257 3693 Maimo·

68 3746 146 3808 nidis
167 3747 339 3808 sententiam
361 3746 564 3823 explodimus,
585 3761 615 3808 et
636 3763 690 3823 pro
712 3744 881 3807 inconcusso
903 3744 1070 3820 statuimus,
1099 3746 1181 3822 quod
1202 3763 1257 3805 nec

67 3857 234 3937 Theologia
256 3858 397 3934 Rationi,
419 3878 473 3920 nec
495 3858 587 3921 Ratio
608 3857 783 3937 Theologiae
805 3856 933 3919 ancillari
954 3871 1099 3932 teneatur,
1115 3854 1164 3916 sed
1185 3874 1256 3917 una-

68 3991 193 4051 quaque
215 3971 296 4033 suum
318 3989 437 4051 regnum
459 3972 604 4033 obtineat.
635 3973 768 4048 Nempe,
788 3971 833 4031 uti
855 3968 1000 4044 diximus,
1021 3967 1115 4029 Ratio
1135 3986 1256 4047 regnum

68 4085 202 4151 veritatis
224 4102 254 4146 et
274 4084 441 4162 sapientia,
462 4084 627 4163 Theologia
647 4098 748 4147 autem
769 4082 890 4159 pietatis
910 4095 941 4142 et
963 4079 1151 4142 obedientiae.
1178 4082 1255 4141 Nam

74 4248 351 4259 -Ἣ

100 4336 113 4368 l
149 4335 191 4385 Cl.
208 4337 304 4385 Antrot.
322 4334 413 4384 Xlllll.
