<?xml version="1.0" encoding="UTF-8"?>
<!DOCTYPE html PUBLIC "-//W3C//DTD XHTML 1.0 Transitional//EN"
    "http://www.w3.org/TR/xhtml1/DTD/xhtml1-transitional.dtd">
<html xmlns="http://www.w3.org/1999/xhtml" xml:lang="en" lang="en">
 <head>
  <title>
</title>
<meta http-equiv="Content-Type" content="text/html;charset=utf-8" />
  <meta name='ocr-system' content='tesseract 3.04.00' />
  <meta name='ocr-capabilities' content='ocr_page ocr_carea ocr_par ocr_line ocrx_word'/>
</head>
<body>
  <div class='ocr_page' id='page_1' title='image "benedictidespin02landgoog_0310.png"; bbox 0 0 2934 4900; ppageno 0'>
   <div class='ocr_carea' id='block_1_1' title="bbox 211 345 1036 413">
    <p class='ocr_par' dir='ltr' id='par_1_1' title="bbox 211 345 1036 413">
     <span class='ocr_line' id='line_1_1' title="bbox 211 345 1036 413; baseline 0 -2"><span class='ocrx_word' id='word_1_1' title='bbox 211 345 270 413; x_wconf 78' lang='lat'>286</span> <span class='ocrx_word' id='word_1_2' title='bbox 569 353 807 413; x_wconf 83' lang='lat' dir='ltr'>Tractatus</span> <span class='ocrx_word' id='word_1_3' title='bbox 848 346 1036 411; x_wconf 84' lang='lat' dir='ltr'>Politici</span> 
     </span>
    </p>
   </div>
   <div class='ocr_carea' id='block_1_2' title="bbox 207 527 1407 4418">
    <p class='ocr_par' dir='ltr' id='par_1_2' title="bbox 207 527 1407 3390">
     <span class='ocr_line' id='line_1_2' title="bbox 209 527 1406 607; baseline 0 -20"><span class='ocrx_word' id='word_1_4' title='bbox 209 528 237 588; x_wconf 90' lang='lat' dir='ltr'>in</span> <span class='ocrx_word' id='word_1_5' title='bbox 271 528 365 589; x_wconf 87' lang='lat' dir='ltr'>nostra</span> <span class='ocrx_word' id='word_1_6' title='bbox 397 528 541 603; x_wconf 83' lang='lat' dir='ltr'>potestate</span> <span class='ocrx_word' id='word_1_7' title='bbox 573 546 633 588; x_wconf 92' lang='lat' dir='ltr'>non</span> <span class='ocrx_word' id='word_1_8' title='bbox 665 528 757 607; x_wconf 83' lang='lat' dir='ltr'>magis</span> <span class='ocrx_word' id='word_1_9' title='bbox 788 527 840 603; x_wconf 87' lang='lat' dir='ltr'>su,</span> <span class='ocrx_word' id='word_1_10' title='bbox 871 530 1004 588; x_wconf 84' lang='lat' dir='ltr'>Mentem</span> <span class='ocrx_word' id='word_1_11' title='bbox 1033 527 1144 605; x_wconf 88' lang='lat' dir='ltr'>sanam,</span> <span class='ocrx_word' id='word_1_12' title='bbox 1172 546 1258 604; x_wconf 87' lang='lat' dir='ltr'>quarn</span> <span class='ocrx_word' id='word_1_13' title='bbox 1280 528 1406 604; x_wconf 84' lang='lat' dir='ltr'>Corpus</span> 
     </span>
     <span class='ocr_line' id='line_1_3' title="bbox 207 637 1406 717; baseline 0 -19"><span class='ocrx_word' id='word_1_14' title='bbox 207 637 306 699; x_wconf 90' lang='lat' dir='ltr'>sanum</span> <span class='ocrx_word' id='word_1_15' title='bbox 333 639 448 700; x_wconf 87' lang='lat' dir='ltr'>habere.</span> <span class='ocrx_word' id='word_1_16' title='bbox 490 638 625 715; x_wconf 90' lang='lat' dir='ltr'>Deinde,</span> <span class='ocrx_word' id='word_1_17' title='bbox 646 640 887 717; x_wconf 89' lang='lat' dir='ltr'>quandoquidem</span> <span class='ocrx_word' id='word_1_18' title='bbox 907 658 1094 717; x_wconf 73' lang='lat' dir='ltr'>unaquaeque</span> <span class='ocrx_word' id='word_1_19' title='bbox 1115 658 1180 715; x_wconf 85' lang='lat' dir='ltr'>res,</span> <span class='ocrx_word' id='word_1_20' title='bbox 1202 654 1351 716; x_wconf 85' lang='lat' dir='ltr'>quantum</span> <span class='ocrx_word' id='word_1_21' title='bbox 1375 640 1406 698; x_wconf 92' lang='lat' dir='ltr'>in</span> 
     </span>
     <span class='ocr_line' id='line_1_4' title="bbox 208 749 1407 830; baseline 0 -20"><span class='ocrx_word' id='word_1_22' title='bbox 208 750 236 810; x_wconf 90' lang='lat' dir='ltr'>se</span> <span class='ocrx_word' id='word_1_23' title='bbox 258 750 315 824; x_wconf 87' lang='lat' dir='ltr'>est,</span> <span class='ocrx_word' id='word_1_24' title='bbox 336 749 417 811; x_wconf 91' lang='lat' dir='ltr'>suurn</span> <span class='ocrx_word' id='word_1_25' title='bbox 438 750 492 811; x_wconf 89' lang='lat' dir='ltr'>esi&#39;e</span> <span class='ocrx_word' id='word_1_26' title='bbox 514 751 687 814; x_wconf 88' lang='lat' dir='ltr'>conservare</span> <span class='ocrx_word' id='word_1_27' title='bbox 709 768 852 827; x_wconf 91' lang='lat' dir='ltr'>conatur,</span> <span class='ocrx_word' id='word_1_28' title='bbox 872 753 1008 814; x_wconf 91' lang='lat' dir='ltr'>dubitare</span> <span class='ocrx_word' id='word_1_29' title='bbox 1030 772 1215 830; x_wconf 89' lang='lat' dir='ltr'>nequaquam</span> <span class='ocrx_word' id='word_1_30' title='bbox 1238 752 1407 829; x_wconf 87' lang='lat' dir='ltr'>possumus,</span> 
     </span>
     <span class='ocr_line' id='line_1_5' title="bbox 209 861 1406 942; baseline 0.003 -22"><span class='ocrx_word' id='word_1_31' title='bbox 209 862 298 938; x_wconf 92' lang='lat' dir='ltr'>quin,</span> <span class='ocrx_word' id='word_1_32' title='bbox 325 861 344 921; x_wconf 87' lang='lat' dir='ltr'>st</span> <span class='ocrx_word' id='word_1_33' title='bbox 373 882 456 939; x_wconf 82' lang='lat' dir='ltr'>aeque</span> <span class='ocrx_word' id='word_1_34' title='bbox 483 864 512 923; x_wconf 91' lang='lat' dir='ltr'>in</span> <span class='ocrx_word' id='word_1_35' title='bbox 534 865 629 924; x_wconf 84' lang='lat' dir='ltr'>nostra</span> <span class='ocrx_word' id='word_1_36' title='bbox 651 865 797 940; x_wconf 86' lang='lat' dir='ltr'>potestate</span> <span class='ocrx_word' id='word_1_37' title='bbox 819 864 906 942; x_wconf 85' lang='lat' dir='ltr'>esset,</span> <span class='ocrx_word' id='word_1_38' title='bbox 928 882 986 927; x_wconf 89' lang='lat' dir='ltr'>tam</span> <span class='ocrx_word' id='word_1_39' title='bbox 1008 886 1045 927; x_wconf 84' lang='lat' dir='ltr'>ex</span> <span class='ocrx_word' id='word_1_40' title='bbox 1066 866 1205 929; x_wconf 79' lang='lat' dir='ltr'><strong>Rationis</strong></span> <span class='ocrx_word' id='word_1_41' title='bbox 1227 865 1406 942; x_wconf 71' lang='lat' dir='ltr'>prescripto</span> 
     </span>
     <span class='ocr_line' id='line_1_6' title="bbox 209 974 1406 1053; baseline 0 -17"><span class='ocrx_word' id='word_1_42' title='bbox 209 974 326 1050; x_wconf 89' lang='lat' dir='ltr'>vivere,</span> <span class='ocrx_word' id='word_1_43' title='bbox 354 994 439 1051; x_wconf 87' lang='lat' dir='ltr'>quant</span> <span class='ocrx_word' id='word_1_44' title='bbox 467 994 546 1035; x_wconf 89' lang='lat' dir='ltr'>cceca</span> <span class='ocrx_word' id='word_1_45' title='bbox 574 976 738 1052; x_wconf 86' lang='lat' dir='ltr'>cupiditate</span> <span class='ocrx_word' id='word_1_46' title='bbox 766 977 852 1053; x_wconf 89' lang='lat' dir='ltr'>duci,</span> <span class='ocrx_word' id='word_1_47' title='bbox 881 996 982 1039; x_wconf 87' lang='lat' dir='ltr'>omnes</span> <span class='ocrx_word' id='word_1_48' title='bbox 1003 978 1133 1040; x_wconf 85' lang='lat' dir='ltr'>Ratione</span> <span class='ocrx_word' id='word_1_49' title='bbox 1154 982 1350 1051; x_wconf 84' lang='lat' dir='ltr'>ducerentur,</span> <span class='ocrx_word' id='word_1_50' title='bbox 1373 992 1406 1036; x_wconf 89' lang='lat' dir='ltr'>et</span> 
     </span>
     <span class='ocr_line' id='line_1_7' title="bbox 210 1088 1404 1166; baseline -0.002 -17"><span class='ocrx_word' id='word_1_51' title='bbox 210 1088 299 1150; x_wconf 89' lang='lat' dir='ltr'>vitam</span> <span class='ocrx_word' id='word_1_52' title='bbox 322 1088 465 1165; x_wconf 85' lang='lat' dir='ltr'>sapienter</span> <span class='ocrx_word' id='word_1_53' title='bbox 487 1088 686 1166; x_wconf 78' lang='lat' dir='ltr'>instituerent,</span> <span class='ocrx_word' id='word_1_54' title='bbox 707 1092 789 1165; x_wconf 93' lang='lat' dir='ltr'>quod</span> <span class='ocrx_word' id='word_1_55' title='bbox 814 1090 929 1150; x_wconf 90' lang='lat' dir='ltr'>minime</span> <span class='ocrx_word' id='word_1_56' title='bbox 950 1092 1003 1165; x_wconf 89' lang='lat' dir='ltr'>fit,</span> <span class='ocrx_word' id='word_1_57' title='bbox 1029 1109 1093 1151; x_wconf 89' lang='lat' dir='ltr'>narn</span> <span class='ocrx_word' id='word_1_58' title='bbox 1114 1090 1203 1150; x_wconf 89' lang='lat' dir='ltr'>trahit</span> <span class='ocrx_word' id='word_1_59' title='bbox 1224 1089 1274 1150; x_wconf 88' lang='lat' dir='ltr'>sua</span> <span class='ocrx_word' id='word_1_60' title='bbox 1294 1107 1404 1164; x_wconf 88' lang='lat' dir='ltr'>quem·</span> 
     </span>
     <span class='ocr_line' id='line_1_8' title="bbox 209 1201 1404 1280; baseline -0.002 -19"><span class='ocrx_word' id='word_1_61' title='bbox 209 1219 266 1277; x_wconf 89' lang='lat' dir='ltr'>que</span> <span class='ocrx_word' id='word_1_62' title='bbox 288 1202 436 1277; x_wconf 88' lang='lat' dir='ltr'>voluptas.</span> <span class='ocrx_word' id='word_1_63' title='bbox 477 1202 541 1261; x_wconf 86' lang='lat' dir='ltr'>Nec</span> <span class='ocrx_word' id='word_1_64' title='bbox 568 1201 718 1280; x_wconf 86' lang='lat' dir='ltr'>Theologi</span> <span class='ocrx_word' id='word_1_65' title='bbox 747 1201 822 1262; x_wconf 90' lang='lat' dir='ltr'>hanc</span> <span class='ocrx_word' id='word_1_66' title='bbox 843 1201 1046 1263; x_wconf 87' lang='lat' dir='ltr'>difficultatem</span> <span class='ocrx_word' id='word_1_67' title='bbox 1067 1203 1194 1277; x_wconf 86' lang='lat' dir='ltr'>tollunt,</span> <span class='ocrx_word' id='word_1_68' title='bbox 1215 1201 1267 1277; x_wconf 90' lang='lat' dir='ltr'>qui</span> <span class='ocrx_word' id='word_1_69' title='bbox 1288 1201 1404 1261; x_wconf 87' lang='lat' dir='ltr'>scilicet</span> 
     </span>
     <span class='ocr_line' id='line_1_9' title="bbox 210 1312 1403 1389; baseline -0.001 -16"><span class='ocrx_word' id='word_1_70' title='bbox 210 1313 356 1387; x_wconf 85' lang='lat' dir='ltr'>statuunt,</span> <span class='ocrx_word' id='word_1_71' title='bbox 383 1312 471 1389; x_wconf 87' lang='lat' dir='ltr'>hujus</span> <span class='ocrx_word' id='word_1_72' title='bbox 499 1313 683 1389; x_wconf 74' lang='lat' dir='ltr'>impotentiae</span> <span class='ocrx_word' id='word_1_73' title='bbox 706 1313 820 1374; x_wconf 83' lang='lat' dir='ltr'>causam</span> <span class='ocrx_word' id='word_1_74' title='bbox 841 1314 975 1375; x_wconf 86' lang='lat' dir='ltr'>humanae</span> <span class='ocrx_word' id='word_1_75' title='bbox 996 1330 1108 1376; x_wconf 77' lang='lat' dir='ltr'>naturae</span> <span class='ocrx_word' id='word_1_76' title='bbox 1130 1314 1235 1377; x_wconf 89' lang='lat' dir='ltr'>vitiurn</span> <span class='ocrx_word' id='word_1_77' title='bbox 1255 1314 1306 1373; x_wconf 87' lang='lat' dir='ltr'>seu</span> <span class='ocrx_word' id='word_1_78' title='bbox 1330 1332 1403 1388; x_wconf 88' lang='lat' dir='ltr'>pec-</span> 
     </span>
     <span class='ocr_line' id='line_1_10' title="bbox 210 1424 1402 1506; baseline -0.003 -19"><span class='ocrx_word' id='word_1_79' title='bbox 210 1444 306 1488; x_wconf 90' lang='lat' dir='ltr'>catum</span> <span class='ocrx_word' id='word_1_80' title='bbox 335 1425 406 1502; x_wconf 83' lang='lat' dir='ltr'>esse,</span> <span class='ocrx_word' id='word_1_81' title='bbox 435 1429 516 1504; x_wconf 89' lang='lat' dir='ltr'>quod</span> <span class='ocrx_word' id='word_1_82' title='bbox 547 1427 687 1506; x_wconf 82' lang='lat' dir='ltr'>originem</span> <span class='ocrx_word' id='word_1_83' title='bbox 709 1446 724 1486; x_wconf 87' lang='lat' dir='ltr'>a</span> <span class='ocrx_word' id='word_1_84' title='bbox 748 1427 831 1502; x_wconf 87' lang='lat' dir='ltr'>priori</span> <span class='ocrx_word' id='word_1_85' title='bbox 853 1427 983 1503; x_wconf 82' lang='lat' dir='ltr'>parentia</span> <span class='ocrx_word' id='word_1_86' title='bbox 1004 1427 1087 1503; x_wconf 92' lang='lat' dir='ltr'>lapsu</span> <span class='ocrx_word' id='word_1_87' title='bbox 1108 1427 1239 1488; x_wconf 82' lang='lat' dir='ltr'>traxerit.</span> <span class='ocrx_word' id='word_1_88' title='bbox 1280 1424 1402 1485; x_wconf 81' lang='lat' dir='ltr'>Narnss</span> 
     </span>
     <span class='ocr_line' id='line_1_11' title="bbox 209 1536 1403 1615; baseline -0.003 -17"><span class='ocrx_word' id='word_1_89' title='bbox 209 1538 296 1599; x_wconf 92' lang='lat' dir='ltr'>etiarn</span> <span class='ocrx_word' id='word_1_90' title='bbox 319 1540 348 1599; x_wconf 90' lang='lat' dir='ltr'>iu</span> <span class='ocrx_word' id='word_1_91' title='bbox 370 1538 452 1613; x_wconf 89' lang='lat' dir='ltr'>primi</span> <span class='ocrx_word' id='word_1_92' title='bbox 472 1538 599 1599; x_wconf 91' lang='lat' dir='ltr'>hominis</span> <span class='ocrx_word' id='word_1_93' title='bbox 621 1539 768 1614; x_wconf 85' lang='lat' dir='ltr'>potestate</span> <span class='ocrx_word' id='word_1_94' title='bbox 790 1538 848 1599; x_wconf 89' lang='lat' dir='ltr'>fuit</span> <span class='ocrx_word' id='word_1_95' title='bbox 870 1554 928 1599; x_wconf 85' lang='lat' dir='ltr'>tana</span> <span class='ocrx_word' id='word_1_96' title='bbox 951 1539 1023 1600; x_wconf 85' lang='lat' dir='ltr'>stare</span> <span class='ocrx_word' id='word_1_97' title='bbox 1044 1557 1130 1615; x_wconf 86' lang='lat' dir='ltr'>quant</span> <span class='ocrx_word' id='word_1_98' title='bbox 1148 1537 1223 1613; x_wconf 91' lang='lat' dir='ltr'>labi,</span> <span class='ocrx_word' id='word_1_99' title='bbox 1242 1552 1273 1597; x_wconf 91' lang='lat' dir='ltr'>et</span> <span class='ocrx_word' id='word_1_100' title='bbox 1292 1536 1403 1596; x_wconf 86' lang='lat' dir='ltr'>mentis</span> 
     </span>
     <span class='ocr_line' id='line_1_12' title="bbox 210 1648 1404 1730; baseline -0.002 -21"><span class='ocrx_word' id='word_1_101' title='bbox 210 1668 332 1725; x_wconf 88' lang='lat' dir='ltr'>compos</span> <span class='ocrx_word' id='word_1_102' title='bbox 355 1666 432 1725; x_wconf 89' lang='lat' dir='ltr'>erat,</span> <span class='ocrx_word' id='word_1_103' title='bbox 453 1666 483 1711; x_wconf 91' lang='lat' dir='ltr'>et</span> <span class='ocrx_word' id='word_1_104' title='bbox 504 1654 606 1711; x_wconf 76' lang='lat' dir='ltr'>natura</span> <span class='ocrx_word' id='word_1_105' title='bbox 628 1650 742 1730; x_wconf 72' lang='lat' dir='ltr'>integra</span> <span class='ocrx_word' id='word_1_106' title='bbox 749 1695 759 1726; x_wconf 97' lang='lat'>,</span> <span class='ocrx_word' id='word_1_107' title='bbox 790 1652 841 1727; x_wconf 90' lang='lat' dir='ltr'>qui</span> <span class='ocrx_word' id='word_1_108' title='bbox 863 1650 924 1711; x_wconf 90' lang='lat' dir='ltr'>sieri</span> <span class='ocrx_word' id='word_1_109' title='bbox 947 1651 1066 1726; x_wconf 91' lang='lat' dir='ltr'>potuit,</span> <span class='ocrx_word' id='word_1_110' title='bbox 1089 1666 1121 1711; x_wconf 89' lang='lat' dir='ltr'>ut</span> <span class='ocrx_word' id='word_1_111' title='bbox 1144 1648 1237 1709; x_wconf 84' lang='lat' dir='ltr'>sciens</span> <span class='ocrx_word' id='word_1_112' title='bbox 1257 1651 1404 1724; x_wconf 88' lang='lat' dir='ltr'>prudens-</span> 
     </span>
     <span class='ocr_line' id='line_1_13' title="bbox 211 1760 1404 1840; baseline -0.003 -18"><span class='ocrx_word' id='word_1_113' title='bbox 211 1782 267 1840; x_wconf 87' lang='lat' dir='ltr'>que</span> <span class='ocrx_word' id='word_1_114' title='bbox 298 1762 395 1838; x_wconf 89' lang='lat' dir='ltr'>lapsus</span> <span class='ocrx_word' id='word_1_115' title='bbox 427 1762 540 1823; x_wconf 79' lang='lat' dir='ltr'>fuerit?</span> <span class='ocrx_word' id='word_1_116' title='bbox 582 1765 623 1823; x_wconf 82' lang='lat' dir='ltr'>At</span> <span class='ocrx_word' id='word_1_117' title='bbox 656 1764 780 1839; x_wconf 89' lang='lat' dir='ltr'>dicunt,</span> <span class='ocrx_word' id='word_1_118' title='bbox 812 1782 878 1824; x_wconf 87' lang='lat' dir='ltr'>eum</span> <span class='ocrx_word' id='word_1_119' title='bbox 911 1784 926 1825; x_wconf 94' lang='lat' dir='ltr'>a</span> <span class='ocrx_word' id='word_1_120' title='bbox 958 1765 1088 1823; x_wconf 91' lang='lat' dir='ltr'>Diabolo</span> <span class='ocrx_word' id='word_1_121' title='bbox 1120 1765 1277 1837; x_wconf 91' lang='lat' dir='ltr'>deceptum</span> <span class='ocrx_word' id='word_1_122' title='bbox 1309 1760 1404 1821; x_wconf 77' lang='lat' dir='ltr'>suisio.</span> 
     </span>
     <span class='ocr_line' id='line_1_14' title="bbox 210 1875 1403 1955; baseline -0.005 -16"><span class='ocrx_word' id='word_1_123' title='bbox 210 1880 319 1939; x_wconf 90' lang='lat' dir='ltr'>Verum</span> <span class='ocrx_word' id='word_1_124' title='bbox 347 1878 413 1954; x_wconf 87' lang='lat' dir='ltr'>quis</span> <span class='ocrx_word' id='word_1_125' title='bbox 440 1878 489 1938; x_wconf 90' lang='lat' dir='ltr'>ilie</span> <span class='ocrx_word' id='word_1_126' title='bbox 519 1878 593 1954; x_wconf 88' lang='lat' dir='ltr'>fuit,</span> <span class='ocrx_word' id='word_1_127' title='bbox 622 1878 674 1955; x_wconf 92' lang='lat' dir='ltr'>qui</span> <span class='ocrx_word' id='word_1_128' title='bbox 702 1878 796 1953; x_wconf 90' lang='lat' dir='ltr'>ipsum</span> <span class='ocrx_word' id='word_1_129' title='bbox 817 1880 976 1939; x_wconf 82' lang='lat' dir='ltr'>Diabolum</span> <span class='ocrx_word' id='word_1_130' title='bbox 998 1877 1140 1954; x_wconf 80' lang='lat' dir='ltr'>decepit?</span> <span class='ocrx_word' id='word_1_131' title='bbox 1160 1875 1242 1953; x_wconf 87' lang='lat' dir='ltr'>quis,</span> <span class='ocrx_word' id='word_1_132' title='bbox 1263 1876 1403 1952; x_wconf 88' lang='lat' dir='ltr'>inquam,</span> 
     </span>
     <span class='ocr_line' id='line_1_15' title="bbox 209 1989 1402 2068; baseline -0.003 -19"><span class='ocrx_word' id='word_1_133' title='bbox 209 1989 301 2064; x_wconf 91' lang='lat' dir='ltr'>ipsum</span> <span class='ocrx_word' id='word_1_134' title='bbox 324 1990 451 2051; x_wconf 88' lang='lat' dir='ltr'>omnium</span> <span class='ocrx_word' id='word_1_135' title='bbox 474 2006 666 2051; x_wconf 88' lang='lat' dir='ltr'>creaturarum</span> <span class='ocrx_word' id='word_1_136' title='bbox 689 1989 916 2068; x_wconf 84' lang='lat' dir='ltr'>intelligentium</span> <span class='ocrx_word' id='word_1_137' title='bbox 934 1990 1188 2066; x_wconf 75' lang='lat' dir='ltr'>praestantissimum</span> <span class='ocrx_word' id='word_1_138' title='bbox 1207 1990 1283 2049; x_wconf 88' lang='lat' dir='ltr'>adeo</span> <span class='ocrx_word' id='word_1_139' title='bbox 1303 2006 1402 2047; x_wconf 89' lang='lat' dir='ltr'>amen·</span> 
     </span>
     <span class='ocr_line' id='line_1_16' title="bbox 211 2097 1403 2175; baseline -0.001 -17"><span class='ocrx_word' id='word_1_140' title='bbox 211 2115 268 2158; x_wconf 87' lang='lat' dir='ltr'>tem</span> <span class='ocrx_word' id='word_1_141' title='bbox 297 2098 441 2174; x_wconf 85' lang='lat' dir='ltr'>reddidit,</span> <span class='ocrx_word' id='word_1_142' title='bbox 470 2115 503 2159; x_wconf 93' lang='lat' dir='ltr'>ut</span> <span class='ocrx_word' id='word_1_143' title='bbox 532 2102 598 2159; x_wconf 90' lang='lat' dir='ltr'>Deo</span> <span class='ocrx_word' id='word_1_144' title='bbox 628 2098 720 2175; x_wconf 86' lang='lat' dir='ltr'>major</span> <span class='ocrx_word' id='word_1_145' title='bbox 741 2097 796 2159; x_wconf 84' lang='lat' dir='ltr'>esse</span> <span class='ocrx_word' id='word_1_146' title='bbox 817 2100 970 2162; x_wconf 73' lang='lat' dir='ltr'>voluerit?</span> <span class='ocrx_word' id='word_1_147' title='bbox 1011 2101 1120 2160; x_wconf 86' lang='lat' dir='ltr'>Nonne</span> <span class='ocrx_word' id='word_1_148' title='bbox 1141 2099 1218 2159; x_wconf 89' lang='lat' dir='ltr'>enim</span> <span class='ocrx_word' id='word_1_149' title='bbox 1240 2098 1269 2157; x_wconf 88' lang='lat' dir='ltr'>se</span> <span class='ocrx_word' id='word_1_150' title='bbox 1290 2098 1403 2173; x_wconf 90' lang='lat' dir='ltr'>ipsurn,</span> 
     </span>
     <span class='ocr_line' id='line_1_17' title="bbox 210 2209 1403 2288; baseline 0.001 -20"><span class='ocrx_word' id='word_1_151' title='bbox 210 2209 261 2285; x_wconf 89' lang='lat' dir='ltr'>qui</span> <span class='ocrx_word' id='word_1_152' title='bbox 282 2211 413 2269; x_wconf 85' lang='lat' dir='ltr'>Mentem</span> <span class='ocrx_word' id='word_1_153' title='bbox 435 2210 530 2270; x_wconf 88' lang='lat' dir='ltr'>sanam</span> <span class='ocrx_word' id='word_1_154' title='bbox 550 2211 695 2286; x_wconf 90' lang='lat' dir='ltr'>habebat,</span> <span class='ocrx_word' id='word_1_155' title='bbox 718 2211 859 2287; x_wconf 88' lang='lat' dir='ltr'>suumque</span> <span class='ocrx_word' id='word_1_156' title='bbox 881 2211 953 2287; x_wconf 78' lang='lat' dir='ltr'>esse,</span> <span class='ocrx_word' id='word_1_157' title='bbox 975 2228 1117 2288; x_wconf 86' lang='lat' dir='ltr'>quantum</span> <span class='ocrx_word' id='word_1_158' title='bbox 1139 2212 1169 2271; x_wconf 92' lang='lat' dir='ltr'>in</span> <span class='ocrx_word' id='word_1_159' title='bbox 1190 2211 1219 2271; x_wconf 90' lang='lat' dir='ltr'>se</span> <span class='ocrx_word' id='word_1_160' title='bbox 1240 2228 1403 2284; x_wconf 89' lang='lat' dir='ltr'>erat,con·</span> 
     </span>
     <span class='ocr_line' id='line_1_18' title="bbox 209 2321 1404 2399; baseline 0.002 -18"><span class='ocrx_word' id='word_1_161' title='bbox 209 2321 321 2383; x_wconf 90' lang='lat' dir='ltr'>servare</span> <span class='ocrx_word' id='word_1_162' title='bbox 349 2322 534 2383; x_wconf 80' lang='lat' dir='ltr'>conabatur?</span> <span class='ocrx_word' id='word_1_163' title='bbox 576 2322 690 2383; x_wconf 88' lang='lat' dir='ltr'>Deinde</span> <span class='ocrx_word' id='word_1_164' title='bbox 721 2326 772 2399; x_wconf 90' lang='lat' dir='ltr'>qui</span> <span class='ocrx_word' id='word_1_165' title='bbox 803 2323 864 2383; x_wconf 87' lang='lat' dir='ltr'>fieri</span> <span class='ocrx_word' id='word_1_166' title='bbox 887 2324 1005 2399; x_wconf 90' lang='lat' dir='ltr'>potuit,</span> <span class='ocrx_word' id='word_1_167' title='bbox 1026 2340 1060 2384; x_wconf 90' lang='lat' dir='ltr'>ut</span> <span class='ocrx_word' id='word_1_168' title='bbox 1081 2324 1143 2399; x_wconf 89' lang='lat' dir='ltr'>ipse</span> <span class='ocrx_word' id='word_1_169' title='bbox 1166 2322 1274 2399; x_wconf 85' lang='lat' dir='ltr'>primus</span> <span class='ocrx_word' id='word_1_170' title='bbox 1295 2324 1404 2383; x_wconf 87' lang='lat' dir='ltr'>homo.</span> 
     </span>
     <span class='ocr_line' id='line_1_19' title="bbox 210 2432 1401 2511; baseline -0.001 -18"><span class='ocrx_word' id='word_1_171' title='bbox 210 2432 261 2509; x_wconf 91' lang='lat' dir='ltr'>qui</span> <span class='ocrx_word' id='word_1_172' title='bbox 283 2433 387 2494; x_wconf 89' lang='lat' dir='ltr'>mentis</span> <span class='ocrx_word' id='word_1_173' title='bbox 409 2451 632 2511; x_wconf 72' lang='lat' dir='ltr'>compotem,</span> <span class='ocrx_word' id='word_1_174' title='bbox 655 2451 684 2494; x_wconf 93' lang='lat' dir='ltr'>et</span> <span class='ocrx_word' id='word_1_175' title='bbox 708 2434 766 2496; x_wconf 84' lang='lat' dir='ltr'>suae</span> <span class='ocrx_word' id='word_1_176' title='bbox 787 2437 953 2498; x_wconf 82' lang='lat' dir='ltr'>voluntatis</span> <span class='ocrx_word' id='word_1_177' title='bbox 974 2436 1128 2511; x_wconf 77' lang='lat' dir='ltr'>dontinus,</span> <span class='ocrx_word' id='word_1_178' title='bbox 1150 2435 1355 2510; x_wconf 86' lang='lat' dir='ltr'>seduceretur,</span> <span class='ocrx_word' id='word_1_179' title='bbox 1372 2446 1401 2492; x_wconf 94' lang='lat' dir='ltr'>et</span> 
     </span>
     <span class='ocr_line' id='line_1_20' title="bbox 210 2547 1400 2625; baseline 0.003 -21"><span class='ocrx_word' id='word_1_180' title='bbox 210 2561 306 2606; x_wconf 87' lang='lat' dir='ltr'>mente</span> <span class='ocrx_word' id='word_1_181' title='bbox 328 2561 477 2622; x_wconf 90' lang='lat' dir='ltr'>pateretur</span> <span class='ocrx_word' id='word_1_182' title='bbox 493 2547 582 2623; x_wconf 80' lang='lat' dir='ltr'>capi?</span> <span class='ocrx_word' id='word_1_183' title='bbox 600 2550 693 2622; x_wconf 86' lang='lat' dir='ltr'>Nam,</span> <span class='ocrx_word' id='word_1_184' title='bbox 710 2549 730 2609; x_wconf 89' lang='lat' dir='ltr'>sr</span> <span class='ocrx_word' id='word_1_185' title='bbox 750 2549 924 2625; x_wconf 88' lang='lat' dir='ltr'>potestatem</span> <span class='ocrx_word' id='word_1_186' title='bbox 942 2550 1047 2610; x_wconf 90' lang='lat' dir='ltr'>habuit</span> <span class='ocrx_word' id='word_1_187' title='bbox 1064 2549 1194 2611; x_wconf 75' lang='lat' dir='ltr'>Ratione</span> <span class='ocrx_word' id='word_1_188' title='bbox 1214 2551 1293 2610; x_wconf 71' lang='lat' dir='ltr'>rede</span> <span class='ocrx_word' id='word_1_189' title='bbox 1316 2565 1400 2609; x_wconf 91' lang='lat' dir='ltr'>uten-</span> 
     </span>
     <span class='ocr_line' id='line_1_21' title="bbox 209 2658 1401 2737; baseline 0.001 -18"><span class='ocrx_word' id='word_1_190' title='bbox 209 2658 256 2733; x_wconf 88' lang='lat' dir='ltr'>di,</span> <span class='ocrx_word' id='word_1_191' title='bbox 277 2659 373 2736; x_wconf 91' lang='lat' dir='ltr'>decipi</span> <span class='ocrx_word' id='word_1_192' title='bbox 395 2678 455 2721; x_wconf 91' lang='lat' dir='ltr'>non</span> <span class='ocrx_word' id='word_1_193' title='bbox 477 2659 593 2736; x_wconf 88' lang='lat' dir='ltr'>potuit:</span> <span class='ocrx_word' id='word_1_194' title='bbox 616 2680 699 2735; x_wconf 89' lang='lat' dir='ltr'>nam,</span> <span class='ocrx_word' id='word_1_195' title='bbox 721 2676 864 2737; x_wconf 88' lang='lat' dir='ltr'>quantum</span> <span class='ocrx_word' id='word_1_196' title='bbox 884 2661 914 2721; x_wconf 91' lang='lat' dir='ltr'>in</span> <span class='ocrx_word' id='word_1_197' title='bbox 936 2660 965 2722; x_wconf 90' lang='lat' dir='ltr'>se</span> <span class='ocrx_word' id='word_1_198' title='bbox 989 2663 1064 2737; x_wconf 91' lang='lat' dir='ltr'>suit,</span> <span class='ocrx_word' id='word_1_199' title='bbox 1092 2677 1219 2722; x_wconf 82' lang='lat' dir='ltr'>conatus</span> <span class='ocrx_word' id='word_1_200' title='bbox 1239 2661 1281 2721; x_wconf 90' lang='lat' dir='ltr'>est</span> <span class='ocrx_word' id='word_1_201' title='bbox 1302 2661 1401 2721; x_wconf 89' lang='lat' dir='ltr'>neces·</span> 
     </span>
     <span class='ocr_line' id='line_1_22' title="bbox 209 2767 1400 2850; baseline 0.003 -23"><span class='ocrx_word' id='word_1_202' title='bbox 209 2767 300 2840; x_wconf 92' lang='lat' dir='ltr'>sario,</span> <span class='ocrx_word' id='word_1_203' title='bbox 321 2771 402 2831; x_wconf 85' lang='lat' dir='ltr'>suunt</span> <span class='ocrx_word' id='word_1_204' title='bbox 424 2769 497 2848; x_wconf 81' lang='lat' dir='ltr'>esse,</span> <span class='ocrx_word' id='word_1_205' title='bbox 519 2773 711 2848; x_wconf 88' lang='lat' dir='ltr'>Mentemque</span> <span class='ocrx_word' id='word_1_206' title='bbox 734 2773 811 2833; x_wconf 92' lang='lat' dir='ltr'>suam</span> <span class='ocrx_word' id='word_1_207' title='bbox 829 2773 947 2848; x_wconf 82' lang='lat' dir='ltr'>sanam,</span> <span class='ocrx_word' id='word_1_208' title='bbox 968 2773 1152 2836; x_wconf 90' lang='lat' dir='ltr'>conservare.</span> <span class='ocrx_word' id='word_1_209' title='bbox 1172 2772 1268 2850; x_wconf 87' lang='lat' dir='ltr'>Atqui</span> <span class='ocrx_word' id='word_1_210' title='bbox 1291 2773 1400 2848; x_wconf 89' lang='lat' dir='ltr'>suppo-</span> 
     </span>
     <span class='ocr_line' id='line_1_23' title="bbox 208 2878 1400 2963; baseline 0.003 -23"><span class='ocrx_word' id='word_1_211' title='bbox 208 2878 303 2956; x_wconf 89' lang='lat' dir='ltr'>nitur,</span> <span class='ocrx_word' id='word_1_212' title='bbox 335 2900 399 2942; x_wconf 88' lang='lat' dir='ltr'>eunt</span> <span class='ocrx_word' id='word_1_213' title='bbox 431 2883 489 2943; x_wconf 89' lang='lat' dir='ltr'>hoc</span> <span class='ocrx_word' id='word_1_214' title='bbox 521 2883 549 2942; x_wconf 90' lang='lat' dir='ltr'>in</span> <span class='ocrx_word' id='word_1_215' title='bbox 582 2883 727 2958; x_wconf 87' lang='lat' dir='ltr'>potestate</span> <span class='ocrx_word' id='word_1_216' title='bbox 759 2883 907 2945; x_wconf 75' lang='lat' dir='ltr'>habuisse:</span> <span class='ocrx_word' id='word_1_217' title='bbox 936 2903 1006 2963; x_wconf 80' lang='lat' dir='ltr'>ergo</span> <span class='ocrx_word' id='word_1_218' title='bbox 1036 2885 1169 2945; x_wconf 87' lang='lat' dir='ltr'>Mentem</span> <span class='ocrx_word' id='word_1_219' title='bbox 1198 2884 1277 2945; x_wconf 87' lang='lat' dir='ltr'>suam</span> <span class='ocrx_word' id='word_1_220' title='bbox 1305 2885 1400 2944; x_wconf 86' lang='lat' dir='ltr'>sanant</span> 
     </span>
     <span class='ocr_line' id='line_1_24' title="bbox 209 2991 1401 3077; baseline 0.002 -25"><span class='ocrx_word' id='word_1_221' title='bbox 209 2991 364 3052; x_wconf 87' lang='lat' dir='ltr'>necessario</span> <span class='ocrx_word' id='word_1_222' title='bbox 396 2993 603 3070; x_wconf 86' lang='lat' dir='ltr'>conservavit,</span> <span class='ocrx_word' id='word_1_223' title='bbox 625 3015 678 3056; x_wconf 88' lang='lat' dir='ltr'>nec</span> <span class='ocrx_word' id='word_1_224' title='bbox 701 2997 799 3071; x_wconf 85' lang='lat' dir='ltr'>decipi</span> <span class='ocrx_word' id='word_1_225' title='bbox 827 2997 938 3072; x_wconf 89' lang='lat' dir='ltr'>potuit.</span> <span class='ocrx_word' id='word_1_226' title='bbox 979 2997 1070 3077; x_wconf 80' lang='lat' dir='ltr'>Quod</span> <span class='ocrx_word' id='word_1_227' title='bbox 1099 3016 1137 3057; x_wconf 84' lang='lat' dir='ltr'>ex</span> <span class='ocrx_word' id='word_1_228' title='bbox 1165 2996 1256 3071; x_wconf 83' lang='lat' dir='ltr'>ipsrus</span> <span class='ocrx_word' id='word_1_229' title='bbox 1283 2997 1401 3057; x_wconf 89' lang='lat' dir='ltr'>historia</span> 
     </span>
     <span class='ocr_line' id='line_1_25' title="bbox 209 3102 1402 3190; baseline 0.001 -26"><span class='ocrx_word' id='word_1_230' title='bbox 209 3104 309 3165; x_wconf 87' lang='lat' dir='ltr'>falsum</span> <span class='ocrx_word' id='word_1_231' title='bbox 332 3102 385 3164; x_wconf 83' lang='lat' dir='ltr'>esi‘e</span> <span class='ocrx_word' id='word_1_232' title='bbox 408 3105 537 3182; x_wconf 86' lang='lat' dir='ltr'>constat;</span> <span class='ocrx_word' id='word_1_233' title='bbox 559 3125 592 3166; x_wconf 91' lang='lat' dir='ltr'>ac</span> <span class='ocrx_word' id='word_1_234' title='bbox 614 3107 742 3183; x_wconf 89' lang='lat' dir='ltr'>proinde</span> <span class='ocrx_word' id='word_1_235' title='bbox 763 3110 914 3170; x_wconf 90' lang='lat' dir='ltr'>fatendum</span> <span class='ocrx_word' id='word_1_236' title='bbox 936 3109 991 3184; x_wconf 87' lang='lat' dir='ltr'>est,</span> <span class='ocrx_word' id='word_1_237' title='bbox 1014 3111 1096 3185; x_wconf 92' lang='lat' dir='ltr'>quod</span> <span class='ocrx_word' id='word_1_238' title='bbox 1117 3109 1148 3168; x_wconf 92' lang='lat' dir='ltr'>in</span> <span class='ocrx_word' id='word_1_239' title='bbox 1170 3108 1254 3190; x_wconf 73' lang='lat' dir='ltr'>primi</span> <span class='ocrx_word' id='word_1_240' title='bbox 1273 3107 1402 3168; x_wconf 83' lang='lat' dir='ltr'>hominis</span> 
     </span>
     <span class='ocr_line' id='line_1_26' title="bbox 210 3217 1402 3296; baseline 0.002 -20"><span class='ocrx_word' id='word_1_241' title='bbox 210 3217 356 3292; x_wconf 84' lang='lat' dir='ltr'>potestate</span> <span class='ocrx_word' id='word_1_242' title='bbox 378 3235 437 3276; x_wconf 90' lang='lat' dir='ltr'>non</span> <span class='ocrx_word' id='word_1_243' title='bbox 461 3217 564 3294; x_wconf 90' lang='lat' dir='ltr'>fuerit,</span> <span class='ocrx_word' id='word_1_244' title='bbox 586 3219 717 3280; x_wconf 83' lang='lat' dir='ltr'>Ratione</span> <span class='ocrx_word' id='word_1_245' title='bbox 739 3223 815 3282; x_wconf 72' lang='lat' dir='ltr'>rede</span> <span class='ocrx_word' id='word_1_246' title='bbox 837 3221 895 3296; x_wconf 89' lang='lat' dir='ltr'>uti,</span> <span class='ocrx_word' id='word_1_247' title='bbox 917 3219 965 3281; x_wconf 95' lang='lat' dir='ltr'>sed</span> <span class='ocrx_word' id='word_1_248' title='bbox 985 3223 1081 3296; x_wconf 93' lang='lat' dir='ltr'>quod,</span> <span class='ocrx_word' id='word_1_249' title='bbox 1099 3219 1183 3280; x_wconf 79' lang='lat' dir='ltr'>sicuti</span> <span class='ocrx_word' id='word_1_250' title='bbox 1202 3239 1273 3296; x_wconf 83' lang='lat' dir='ltr'>noa,</span> <span class='ocrx_word' id='word_1_251' title='bbox 1290 3219 1402 3280; x_wconf 68' lang='lat' dir='ltr'>affecti·</span> 
     </span>
     <span class='ocr_line' id='line_1_27' title="bbox 210 3329 559 3390; baseline 0.003 -2"><span class='ocrx_word' id='word_1_252' title='bbox 210 3331 266 3390; x_wconf 91' lang='lat' dir='ltr'>bus</span> <span class='ocrx_word' id='word_1_253' title='bbox 289 3329 376 3390; x_wconf 89' lang='lat' dir='ltr'>fuerit</span> <span class='ocrx_word' id='word_1_254' title='bbox 399 3329 559 3389; x_wconf 83' lang='lat' dir='ltr'>obnoxius.</span> 
     </span>
    </p>

    <p class='ocr_par' dir='ltr' id='par_1_3' title="bbox 210 3439 1402 4418">
     <span class='ocr_line' id='line_1_28' title="bbox 251 3439 1402 3520; baseline 0.003 -21"><span class='ocrx_word' id='word_1_255' title='bbox 251 3439 278 3519; x_wconf 84' lang='lat'>§.</span> <span class='ocrx_word' id='word_1_256' title='bbox 300 3441 366 3499; x_wconf 88' lang='lat' dir='ltr'>VII.</span> <span class='ocrx_word' id='word_1_257' title='bbox 408 3441 498 3520; x_wconf 85' lang='lat' dir='ltr'>Quod</span> <span class='ocrx_word' id='word_1_258' title='bbox 531 3456 627 3501; x_wconf 89' lang='lat' dir='ltr'>autem</span> <span class='ocrx_word' id='word_1_259' title='bbox 659 3441 770 3518; x_wconf 91' lang='lat' dir='ltr'>homo,</span> <span class='ocrx_word' id='word_1_260' title='bbox 801 3458 835 3502; x_wconf 90' lang='lat' dir='ltr'>ut</span> <span class='ocrx_word' id='word_1_261' title='bbox 867 3443 978 3519; x_wconf 88' lang='lat' dir='ltr'>reliqua</span> <span class='ocrx_word' id='word_1_262' title='bbox 1010 3443 1184 3519; x_wconf 85' lang='lat' dir='ltr'>individua,</span> <span class='ocrx_word' id='word_1_263' title='bbox 1214 3441 1297 3504; x_wconf 90' lang='lat' dir='ltr'>suurn</span> <span class='ocrx_word' id='word_1_264' title='bbox 1329 3441 1402 3515; x_wconf 85' lang='lat' dir='ltr'>esse,</span> 
     </span>
     <span class='ocr_line' id='line_1_29' title="bbox 210 3552 1401 3633; baseline 0.002 -21"><span class='ocrx_word' id='word_1_265' title='bbox 210 3567 351 3628; x_wconf 89' lang='lat' dir='ltr'>quantum</span> <span class='ocrx_word' id='word_1_266' title='bbox 379 3552 409 3612; x_wconf 92' lang='lat' dir='ltr'>in</span> <span class='ocrx_word' id='word_1_267' title='bbox 439 3552 467 3612; x_wconf 88' lang='lat' dir='ltr'>se</span> <span class='ocrx_word' id='word_1_268' title='bbox 496 3553 552 3628; x_wconf 88' lang='lat' dir='ltr'>est,</span> <span class='ocrx_word' id='word_1_269' title='bbox 581 3553 753 3616; x_wconf 87' lang='lat' dir='ltr'>conservare</span> <span class='ocrx_word' id='word_1_270' title='bbox 781 3569 922 3630; x_wconf 90' lang='lat' dir='ltr'>conetur,</span> <span class='ocrx_word' id='word_1_271' title='bbox 944 3572 1048 3633; x_wconf 83' lang='lat' dir='ltr'>negare</span> <span class='ocrx_word' id='word_1_272' title='bbox 1069 3573 1155 3615; x_wconf 88' lang='lat' dir='ltr'>uerno</span> <span class='ocrx_word' id='word_1_273' title='bbox 1176 3555 1283 3630; x_wconf 85' lang='lat' dir='ltr'>potest.</span> <span class='ocrx_word' id='word_1_274' title='bbox 1325 3557 1401 3614; x_wconf 90' lang='lat' dir='ltr'>Nanr</span> 
     </span>
     <span class='ocr_line' id='line_1_30' title="bbox 210 3662 1402 3741; baseline 0.003 -19"><span class='ocrx_word' id='word_1_275' title='bbox 210 3663 230 3723; x_wconf 92' lang='lat' dir='ltr'>sr</span> <span class='ocrx_word' id='word_1_276' title='bbox 263 3662 310 3722; x_wconf 91' lang='lat' dir='ltr'>hic</span> <span class='ocrx_word' id='word_1_277' title='bbox 341 3663 438 3740; x_wconf 87' lang='lat' dir='ltr'>aliqua</span> <span class='ocrx_word' id='word_1_278' title='bbox 470 3663 587 3740; x_wconf 90' lang='lat' dir='ltr'>concipi</span> <span class='ocrx_word' id='word_1_279' title='bbox 620 3663 713 3740; x_wconf 84' lang='lat' dir='ltr'>posset</span> <span class='ocrx_word' id='word_1_280' title='bbox 745 3665 928 3741; x_wconf 82' lang='lat' dir='ltr'>differentia,</span> <span class='ocrx_word' id='word_1_281' title='bbox 959 3666 1028 3727; x_wconf 89' lang='lat' dir='ltr'>inde</span> <span class='ocrx_word' id='word_1_282' title='bbox 1061 3666 1129 3725; x_wconf 90' lang='lat' dir='ltr'>oriri</span> <span class='ocrx_word' id='word_1_283' title='bbox 1160 3667 1297 3740; x_wconf 86' lang='lat' dir='ltr'>deberet,</span> <span class='ocrx_word' id='word_1_284' title='bbox 1319 3669 1402 3741; x_wconf 91' lang='lat' dir='ltr'>quod</span> 
     </span>
     <span class='ocr_line' id='line_1_31' title="bbox 210 3776 1402 3856; baseline 0 -19"><span class='ocrx_word' id='word_1_285' title='bbox 210 3777 301 3838; x_wconf 91' lang='lat' dir='ltr'>homo</span> <span class='ocrx_word' id='word_1_286' title='bbox 333 3779 517 3840; x_wconf 90' lang='lat' dir='ltr'>voluntatem</span> <span class='ocrx_word' id='word_1_287' title='bbox 549 3777 670 3838; x_wconf 90' lang='lat' dir='ltr'>haberet</span> <span class='ocrx_word' id='word_1_288' title='bbox 700 3779 829 3839; x_wconf 88' lang='lat' dir='ltr'>liberam.</span> <span class='ocrx_word' id='word_1_289' title='bbox 870 3781 927 3840; x_wconf 89' lang='lat' dir='ltr'>Sed</span> <span class='ocrx_word' id='word_1_290' title='bbox 957 3797 1019 3855; x_wconf 94' lang='lat' dir='ltr'>quo</span> <span class='ocrx_word' id='word_1_291' title='bbox 1045 3778 1136 3838; x_wconf 87' lang='lat' dir='ltr'>homo</span> <span class='ocrx_word' id='word_1_292' title='bbox 1158 3776 1283 3839; x_wconf 87' lang='lat' dir='ltr'>anobis</span> <span class='ocrx_word' id='word_1_293' title='bbox 1309 3780 1402 3856; x_wconf 81' lang='lat' dir='ltr'>magis</span> 
     </span>
     <span class='ocr_line' id='line_1_32' title="bbox 211 3889 1401 3968; baseline -0.001 -18"><span class='ocrx_word' id='word_1_294' title='bbox 211 3889 285 3950; x_wconf 90' lang='lat' dir='ltr'>liber</span> <span class='ocrx_word' id='word_1_295' title='bbox 304 3890 526 3966; x_wconf 90' lang='lat' dir='ltr'>conciperetur,</span> <span class='ocrx_word' id='word_1_296' title='bbox 548 3908 585 3950; x_wconf 93' lang='lat' dir='ltr'>eo</span> <span class='ocrx_word' id='word_1_297' title='bbox 607 3890 697 3968; x_wconf 85' lang='lat' dir='ltr'>magis</span> <span class='ocrx_word' id='word_1_298' title='bbox 718 3907 888 3968; x_wconf 82' lang='lat' dir='ltr'>cogeremur</span> <span class='ocrx_word' id='word_1_299' title='bbox 908 3889 1050 3965; x_wconf 87' lang='lat' dir='ltr'>statuere,</span> <span class='ocrx_word' id='word_1_300' title='bbox 1078 3889 1172 3966; x_wconf 90' lang='lat' dir='ltr'>ipsum</span> <span class='ocrx_word' id='word_1_301' title='bbox 1193 3889 1252 3949; x_wconf 89' lang='lat' dir='ltr'>sese</span> <span class='ocrx_word' id='word_1_302' title='bbox 1273 3889 1401 3949; x_wconf 82' lang='lat' dir='ltr'>necessa-</span> 
     </span>
     <span class='ocr_line' id='line_1_33' title="bbox 212 4001 1401 4079; baseline -0.003 -15"><span class='ocrx_word' id='word_1_303' title='bbox 212 4005 256 4064; x_wconf 92' lang='lat' dir='ltr'>rio</span> <span class='ocrx_word' id='word_1_304' title='bbox 285 4005 391 4064; x_wconf 76' lang='lat' dir='ltr'>debere</span> <span class='ocrx_word' id='word_1_305' title='bbox 420 4004 609 4079; x_wconf 86' lang='lat' dir='ltr'>conservare,</span> <span class='ocrx_word' id='word_1_306' title='bbox 638 4018 668 4064; x_wconf 93' lang='lat' dir='ltr'>et</span> <span class='ocrx_word' id='word_1_307' title='bbox 690 4003 797 4064; x_wconf 79' lang='lat' dir='ltr'>mentis</span> <span class='ocrx_word' id='word_1_308' title='bbox 818 4018 987 4078; x_wconf 87' lang='lat' dir='ltr'>compotem</span> <span class='ocrx_word' id='word_1_309' title='bbox 1008 4001 1080 4077; x_wconf 80' lang='lat' dir='ltr'>esse3</span> <span class='ocrx_word' id='word_1_310' title='bbox 1102 4005 1183 4078; x_wconf 93' lang='lat' dir='ltr'>quod</span> <span class='ocrx_word' id='word_1_311' title='bbox 1205 4001 1291 4062; x_wconf 90' lang='lat' dir='ltr'>sacise</span> <span class='ocrx_word' id='word_1_312' title='bbox 1312 4003 1401 4063; x_wconf 85' lang='lat' dir='ltr'>unus-</span> 
     </span>
     <span class='ocr_line' id='line_1_34' title="bbox 213 4113 1399 4194; baseline 0 -18"><span class='ocrx_word' id='word_1_313' title='bbox 213 4115 353 4194; x_wconf 88' lang='lat' dir='ltr'>quisque,</span> <span class='ocrx_word' id='word_1_314' title='bbox 374 4113 425 4192; x_wconf 91' lang='lat' dir='ltr'>qui</span> <span class='ocrx_word' id='word_1_315' title='bbox 446 4115 609 4177; x_wconf 88' lang='lat' dir='ltr'>libertatem</span> <span class='ocrx_word' id='word_1_316' title='bbox 637 4135 702 4178; x_wconf 91' lang='lat' dir='ltr'>curn</span> <span class='ocrx_word' id='word_1_317' title='bbox 732 4115 937 4193; x_wconf 85' lang='lat' dir='ltr'>contingentia</span> <span class='ocrx_word' id='word_1_318' title='bbox 959 4133 1019 4176; x_wconf 90' lang='lat' dir='ltr'>non</span> <span class='ocrx_word' id='word_1_319' title='bbox 1041 4114 1215 4189; x_wconf 86' lang='lat' dir='ltr'>confundit,</span> <span class='ocrx_word' id='word_1_320' title='bbox 1236 4114 1308 4174; x_wconf 86' lang='lat' dir='ltr'>mihi</span> <span class='ocrx_word' id='word_1_321' title='bbox 1329 4132 1399 4176; x_wconf 89' lang='lat' dir='ltr'>con·</span> 
     </span>
     <span class='ocr_line' id='line_1_35' title="bbox 213 4225 1402 4306; baseline -0.003 -16"><span class='ocrx_word' id='word_1_322' title='bbox 213 4231 308 4290; x_wconf 90' lang='lat' dir='ltr'>cedet.</span> <span class='ocrx_word' id='word_1_323' title='bbox 348 4229 398 4290; x_wconf 89' lang='lat' dir='ltr'>Est</span> <span class='ocrx_word' id='word_1_324' title='bbox 429 4247 553 4306; x_wconf 86' lang='lat' dir='ltr'>namque</span> <span class='ocrx_word' id='word_1_325' title='bbox 583 4228 701 4290; x_wconf 89' lang='lat' dir='ltr'>libertas</span> <span class='ocrx_word' id='word_1_326' title='bbox 734 4227 830 4291; x_wconf 87' lang='lat' dir='ltr'>virtus</span> <span class='ocrx_word' id='word_1_327' title='bbox 860 4227 912 4289; x_wconf 89' lang='lat' dir='ltr'>seu</span> <span class='ocrx_word' id='word_1_328' title='bbox 942 4227 1105 4304; x_wconf 73' lang='lat' dir='ltr'>perfectio:</span> <span class='ocrx_word' id='word_1_329' title='bbox 1137 4225 1280 4303; x_wconf 90' lang='lat' dir='ltr'>quicquid</span> <span class='ocrx_word' id='word_1_330' title='bbox 1310 4227 1402 4305; x_wconf 80' lang='lat' dir='ltr'>igitur</span> 
     </span>
     <span class='ocr_line' id='line_1_36' title="bbox 213 4338 1401 4418; baseline -0.005 -16"><span class='ocrx_word' id='word_1_331' title='bbox 213 4342 359 4402; x_wconf 89' lang='lat' dir='ltr'>hominem</span> <span class='ocrx_word' id='word_1_332' title='bbox 390 4342 574 4418; x_wconf 84' lang='lat' dir='ltr'>impotentiae</span> <span class='ocrx_word' id='word_1_333' title='bbox 607 4341 717 4418; x_wconf 81' lang='lat' dir='ltr'>arguit,</span> <span class='ocrx_word' id='word_1_334' title='bbox 738 4339 769 4400; x_wconf 91' lang='lat' dir='ltr'>id</span> <span class='ocrx_word' id='word_1_335' title='bbox 790 4343 826 4401; x_wconf 87' lang='lat' dir='ltr'>ad</span> <span class='ocrx_word' id='word_1_336' title='bbox 848 4338 937 4416; x_wconf 79' lang='lat' dir='ltr'>ipsius</span> <span class='ocrx_word' id='word_1_337' title='bbox 961 4339 1124 4400; x_wconf 83' lang='lat' dir='ltr'>libertatem</span> <span class='ocrx_word' id='word_1_338' title='bbox 1156 4338 1255 4398; x_wconf 81' lang='lat' dir='ltr'>referri</span> <span class='ocrx_word' id='word_1_339' title='bbox 1287 4339 1401 4415; x_wconf 90' lang='lat' dir='ltr'>nequit.</span> 
     </span>
    </p>
   </div>
   <div class='ocr_carea' id='block_1_3' title="bbox 0 0 1475 4900">
    <p class='ocr_par' dir='ltr' id='par_1_4' title="bbox 0 0 1475 4900">
     <span class='ocr_line' id='line_1_37' title="bbox 0 0 1475 4900; baseline 0 0"><span class='ocrx_word' id='word_1_340' title='bbox 0 0 1475 4900; x_wconf 95' lang='lat' dir='ltr'> </span> 
     </span>
    </p>
   </div>
  </div>
 </body>
</html>
