2934 4900
200 382 240 426 20
614 360 669 423 De
701 355 968 424 Intellectus

201 540 230 601 in
253 540 367 616 sontes,
388 554 523 614 apparere
544 536 574 599 in
596 535 719 613 speculis
740 536 864 612 specim,
884 535 956 596 nihil
976 536 1036 597 steri
1058 536 1186 615 aliquid,
1206 537 1292 597 etiam
1303 537 1392 598 Deos

201 652 230 713 in
251 652 354 713 bestias
376 665 405 712 et
425 650 558 713 homines
579 649 700 725 mutari,
720 668 754 709 ac
774 648 886 710 infinita
908 648 971 725 ejus
992 650 1104 728 generis
1125 650 1188 711 alia.

240 764 358 840 Aliquis
388 764 464 825 forte
492 761 624 839 putabit,
646 764 727 839 quod
748 761 827 823 fictio
847 760 993 822 bellunen
1014 762 1166 836 terminat,
1187 761 1236 823 sed
1258 780 1319 822 non
1342 759 1390 821 in·

201 875 345 951 telletlio;
372 876 430 935 hoc
458 874 513 943 est,
540 874 692 950 postquam
714 872 785 933 finxi
805 872 933 949 aliquid,
953 888 982 933 et
1004 876 1127 949 quadam
1147 873 1282 934 libertate
1302 872 1391 935 volni

201 985 344 1062 assentiri,
364 984 395 1047 id
416 986 453 1046 sre
474 984 503 1046 in
525 1003 617 1047 rerum
638 1000 740 1046 natura
761 984 901 1060 existere,
928 985 987 1045 hoc
1008 985 1120 1060 efficit,
1150 1002 1184 1045 ut
1205 985 1304 1061 postea
1325 1002 1391 1044 non

202 1098 337 1173 posumus
365 1097 395 1158 id
423 1096 481 1159 alio
502 1098 591 1157 modo
613 1094 752 1174 cogitare.
793 1096 849 1156 Ex.
870 1114 912 1174 gr.
933 1095 1085 1173 postquam
1105 1096 1176 1157 finxi
1197 1095 1244 1178 (ut
1264 1115 1330 1158 cum
1352 1096 1392 1156 iis

200 1207 316 1289 loquar)
338 1225 467 1269 naturam
489 1206 621 1283 corporis
643 1207 747 1283 talem,
775 1206 904 1282 mihique
925 1224 962 1266 ex
983 1225 1045 1267 mea
1064 1206 1198 1267 libertate
1219 1206 1394 1283 persuadere

201 1320 305 1396 volui,
325 1339 387 1381 earn
408 1320 445 1381 stc
465 1319 579 1380 realiter
599 1318 717 1379 existere
728 1362 738 1393 ,
758 1336 820 1379 non
840 1316 964 1393 amplius
984 1318 1053 1379 licet
1075 1318 1199 1380 muscam
1222 1338 1251 1380 v.
1271 1337 1301 1396 g.
1322 1318 1394 1377 inli-

201 1432 290 1493 nitam
311 1431 437 1511 fingere,
457 1446 487 1491 et
507 1429 658 1506 postquam
680 1428 751 1489 finxi
772 1427 917 1489 elsentiam
939 1428 1058 1505 animae,
1079 1448 1141 1490 earn
1164 1432 1306 1506 quadrare
1326 1447 1393 1489 non

202 1540 330 1619 pullum,
358 1558 414 1603 ete.
454 1544 511 1603 Sed
538 1543 596 1602 hoc
624 1540 859 1602 examinandum.
901 1542 1014 1602 Primo:
1037 1542 1085 1602 vel
1105 1558 1229 1619 negant,
1249 1542 1297 1602 vel
1316 1559 1395 1600 con-

201 1657 310 1716 cedunt
331 1671 386 1715 nos
407 1653 516 1729 aliquid
538 1652 615 1729 polle
636 1652 804 1731 intelligere.
823 1654 853 1713 Si
872 1656 1057 1728 concedunt,
1075 1651 1230 1713 uccellario
1242 1651 1398 1727 idipsum,

201 1768 281 1843 quod
314 1768 349 1827 de
380 1764 497 1827 stelione
529 1764 648 1840 dicunt,
678 1764 765 1826 etiam
794 1768 830 1826 de
857 1765 1055 1827 intelleeiione
1076 1764 1230 1825 dicendum
1252 1762 1315 1823 erit.
1358 1764 1393 1823 si

201 1896 271 1940 vero
292 1878 350 1937 hoe
371 1892 496 1955 negant,
519 1876 667 1938 videamus
688 1894 761 1952 nos,
782 1875 833 1952 qui
855 1875 958 1937 seimus
988 1894 1043 1936 noe
1076 1875 1187 1951 aliquid
1207 1875 1296 1952 scire,
1316 1876 1395 1952 quid

201 1987 309 2048 dicant.
351 1988 417 2047 Hoc
446 1986 554 2047 scilieet
582 1986 684 2047 dicunt
696 2032 704 2061 ,
732 1986 854 2047 animam
876 1986 954 2062 polle
975 1985 1099 2062 sentire,
1122 2003 1150 2048 et
1172 1986 1271 2047 multis
1292 1986 1394 2047 modis

202 2098 368 2175 percipere,
389 2118 448 2159 non
469 2098 499 2159 se
519 2096 623 2174 ipsam,
651 2117 746 2175 neque
774 2118 836 2173 res,
865 2118 930 2175 quae
959 2098 1103 2173 existunt3
1133 2097 1182 2159 sed
1203 2114 1318 2158 tantum
1340 2116 1395 2172 ea,

203 2230 268 2287 quae
296 2230 349 2272 nec
376 2210 407 2271 in
435 2210 463 2271 se
491 2229 544 2271 nee
572 2210 653 2272 ullibi
681 2210 763 2286 sunt;
791 2212 848 2271 boc
878 2210 935 2286 est,
964 2210 1086 2271 animam
1108 2209 1187 2285 polle
1207 2209 1268 2270 sola
1288 2209 1339 2271 sua
1360 2210 1396 2271 vi

201 2340 294 2383 creare
315 2320 491 2383 sensationes
516 2337 567 2383 aut
587 2322 682 2397 ideas,
713 2340 780 2398 quae
800 2341 860 2383 nou
882 2321 948 2383 sunt
969 2340 1077 2398 rerum;
1097 2324 1171 2382 adeo
1192 2336 1226 2382 ut
1248 2336 1393 2397 exparte

201 2455 262 2496 eam
291 2451 426 2512 tanquam
454 2437 548 2496 Deum
584 2434 774 2496 confiderent.
815 2435 905 2496 Porro
934 2434 1054 2510 dieunt,
1083 2453 1157 2508 nos,
1189 2450 1240 2495 aut
1267 2432 1393 2494 animam

201 2545 338 2618 nostram,
354 2545 438 2604 talem
453 2544 557 2603 babere
577 2543 753 2617 libertatem,
774 2558 807 2603 ut
828 2541 955 2617 nosmet,
976 2558 1028 2603 aut
1049 2541 1095 2618 se,
1116 2542 1175 2602 imo
1197 2541 1275 2603 sunm
1297 2541 1390 2617 ipsam

201 2657 379 2732 libertatem,
404 2671 513 2734 cogat:
534 2657 610 2715 Nam
642 2653 794 2730 postquam
825 2673 858 2715 ea
888 2653 998 2731 aliquid
1026 2654 1129 2729 finxit,
1150 2670 1180 2714 et
1201 2653 1338 2715 alsensem
1361 2654 1392 2714 ei

202 2767 343 2842 prebuit,
373 2785 432 2828 non
464 2766 560 2841 potest
580 2766 610 2827 id
631 2765 688 2826 alio
710 2768 801 2827 modo
821 2765 952 2844 cogitare
980 2783 1031 2827 aut
1052 2767 1175 2845 fingere,
1196 2782 1226 2826 et
1247 2765 1334 2827 etiarn
1356 2785 1394 2826 ea

202 2879 318 2940 fiilione
339 2878 472 2956 cogitur,
493 2893 526 2939 ut
547 2877 720 2939 etiam*tali
742 2881 830 2939 modo
852 2877 1037 2956 cogitentur,
1059 2895 1093 2940 ut
1116 2877 1204 2954 prima
1225 2877 1305 2940 fictio
1326 2897 1392 2939 non

203 3005 406 3069 oppugnetur;
437 2989 510 3051 ficut
540 2991 587 3050 hic
617 2989 703 3050 etiam
735 3007 882 3070 cognatur
912 2989 1047 3067 absurda,
1082 3009 1147 3066 quae
1168 2989 1216 3050 laic
1236 2989 1393 3064 recense0,

203 3102 354 3164 admittere
382 3117 502 3178 propter
528 3103 606 3164 suam
626 3101 791 3178 litlionem3
812 3105 850 3164 ad
871 3121 936 3179 quae
958 3104 1142 3178 explodenda
1164 3121 1224 3163 non
1246 3101 1392 3180 defatiga-

202 3214 297 3276 bintur
326 3214 391 3276 ullis
416 3219 426 3254 ¹
452 3213 757 3275 demonstrationibus.
798 3215 854 3275 Sed
875 3233 928 3275 eos
949 3214 979 3274 in
1000 3213 1059 3274 suis
1088 3212 1195 3275 deliriis
1226 3213 1392 3289 linquendo

203 3325 382 3400 curabimus,
413 3342 447 3387 ut
477 3343 514 3386 ex
545 3325 658 3401 verbis,
691 3345 758 3404 qua
790 3345 855 3387 curn
884 3324 952 3402 iplis
980 3325 1116 3400 fecimus,
1136 3323 1247 3401 aliquid
1268 3325 1330 3386 veri
1352 3327 1392 3385 ad

203 3437 325 3498 nostram
352 3453 410 3496 rem
438 3435 619 3512 hauriamus,
648 3455 752 3514 nempe
780 3438 854 3498 hoe:
882 3455 980 3511 mens,
1012 3455 1077 3496 eum
1106 3438 1221 3496 adrem
1243 3435 1336 3496 liliam
1359 3451 1392 3494 et

203 3547 251 3607 sua
278 3563 380 3608 natura
407 3547 504 3609 falsam
530 3547 673 3624 attendit,
701 3563 735 3609 ut
760 3566 823 3608 eam
849 3547 973 3622 pensitet
998 3564 1028 3607 et
1056 3547 1215 3624 intelligat,
1246 3550 1392 3622 bonoque

202 3659 303 3721 ordine
325 3679 361 3720 ex
382 3679 415 3720 ea
437 3662 578 3736 deducat,
607 3678 672 3737 qua
693 3658 761 3720 sunt
782 3662 969 3734 deducenda,
996 3658 1080 3720 facile
1102 3659 1252 3721 falfitatem
1275 3660 1392 3734 patefa-

236 3863 249 3894 *
283 3863 414 3912 Fortasset
431 3869 461 3910 ur
478 3860 556 3910 triam
575 3860 631 3910 ulia
652 3861 703 3910 tali
720 3861 802 3910 nrudo.

238 3951 247 3978 ¹
286 3943 408 4010 Quamvis
433 3945 482 3994 boc
507 3941 664 4007 experientia
690 3942 779 3994 videar
805 3941 976 4003 concludere,
1000 3955 1026 3993 et
1052 3941 1111 4005 quis
1137 3941 1205 3992 dicat
1227 3939 1254 3990 id
1273 3939 1309 3989 nil
1327 3939 1393 4000 effe,

203 4027 263 4089 quia
288 4025 375 4078 delicit
399 4025 597 4087 demonstratio,
622 4025 728 4086 cnm,li
749 4024 807 4088 quis
832 4022 970 4085 delidcrat,
988 4025 1021 4075 src
1038 4024 1137 4074 babeat.
1170 4025 1235 4073 Cum
1254 4021 1279 4071 iu
1298 4033 1392 4073 natura

203 4109 266 4160 nibil
287 4107 360 4173 pullat
383 4109 455 4170 dari,
477 4108 546 4172 quod
570 4105 624 4169 ejus
647 4107 715 4174 leges
739 4120 890 4173 oppugnetz
912 4105 953 4158 scd
979 4121 1036 4157 cum
1054 4106 1138 4157 omnia
1155 4104 1292 4156 secundnm
1309 4118 1394 4155 certas

203 4189 257 4254 ejus
284 4191 350 4258 leges
376 4190 455 4253 fiant,
478 4204 507 4242 nt
524 4203 625 4252 certos,
642 4191 719 4242 certis
737 4190 852 4256 legibus,
871 4188 927 4241 snos
945 4190 1086 4253 producant
1103 4186 1206 4239 effecius
1222 4187 1392 4254 irrefragabili

203 4273 429 4325 concatenatione:
455 4273 514 4324 binc
541 4272 670 4336 sequitur,
695 4273 766 4334 quod
792 4272 892 4333 anima,
918 4271 961 4321 nbi
989 4286 1040 4322 rem
1068 4285 1129 4322 vere
1152 4270 1284 4334 concipit,
1300 4285 1393 4338 perget

204 4355 332 4420 objeeiire
350 4355 448 4406 eosdem
467 4354 570 4406 effecius
588 4355 706 4405 lorrnare.
743 4355 807 4406 Vide
826 4355 909 4416 inl'ra,
927 4354 969 4404 ubi
988 4355 1020 4404 de
1038 4354 1093 4404 idea
1110 4352 1168 4404 falsa
1186 4354 1289 4416 loquer.
