2934 4900
525 391 582 457 De
622 391 775 456 Mente.
1187 410 1243 474 115

458 585 854 631 nsuousunnsto

88 678 311 741 Demonstratio
333 681 526 756 praecedentis
546 679 760 758 Proposrtionis
782 681 948 745 universalis
970 680 1030 758 est,
1051 697 1099 759 et,
1118 682 1177 745 srve
1198 700 1243 744 res

53 807 83 851 ut
111 809 180 867 pars
209 791 269 855 five
297 808 331 853 ut
358 807 456 855 totum
485 793 699 870 consuleretur,
727 793 791 870 ejus
819 793 901 869 idea,
927 793 986 856 sive
1013 793 1108 856 totius
1128 793 1163 854 srt
1184 793 1243 857 save

54 903 158 978 partis,
187 902 262 983 (per
287 905 378 985 Prop.
403 907 540 985 praeced.)
569 906 627 967 Dei
656 922 792 968 aeternatn
814 923 843 967 et
866 905 1008 967 infinitam
1029 904 1177 966 essentiam
1199 906 1243 967 in·

53 1017 165 1077 voluer.
194 1017 294 1098 Quare
316 1015 364 1092 id,
386 1021 468 1094 quod
489 1017 689 1097 cognitionem
712 1035 826 1079 aeternae
847 1034 877 1079 et
898 1017 1019 1079 infinitae
1041 1017 1165 1078 essentiae
1186 1018 1243 1079 Dei

52 1129 117 1202 dat,
145 1127 288 1189 omnibus
316 1147 486 1206 commune,
515 1145 545 1192 et
574 1149 656 1208 aeque
678 1129 707 1191 in
728 1146 811 1207 parte
832 1149 866 1191 ae
887 1128 917 1190 in
938 1143 1008 1191 toto
1030 1129 1086 1205 est,
1107 1133 1242 1207 adeoque

53 1239 122 1318 (per
142 1241 237 1319 Prop.
258 1241 307 1318 38.
328 1239 430 1322 husus)
453 1243 505 1303 erit
526 1243 589 1303 haec
611 1243 745 1322 cognitio
766 1246 928 1320 adaequata.
971 1243 1004 1319 Q.
1026 1243 1063 1303 E.
1083 1244 1124 1304 D.

404 1398 731 1459 PROPOSITIO
772 1398 895 1459 XLVII.

91 1507 182 1568 Mens
212 1505 341 1570 humana
370 1512 553 1588 adequatam
583 1511 670 1572 habet
706 1515 891 1587 cognitionem
909 1525 1035 1572 eterna
1066 1525 1095 1572 ct
1123 1511 1245 1591 infinita

53 1621 174 1700 effenrr'ae
196 1623 264 1684 Dei.

457 1722 849 1785 ueuousnnanro

91 1815 182 1876 Mens
203 1815 330 1876 humana
351 1815 432 1878 ideas
451 1817 541 1878 habet
563 1817 635 1897 (per
656 1819 746 1898 Prop.
767 1836 817 1880 22.
838 1817 958 1897 hujus),
986 1837 1023 1879 ex
1045 1819 1153 1894 quibus
1173 1816 1245 1896 (per

52 1927 142 2005 Prop.
163 1943 214 2004 23.
236 1925 338 2006 hujus)
368 1927 396 1987 se
418 1927 558 2006 suumque
580 1929 697 2006 Corpus
728 1931 800 2009 (ptr
819 1933 908 2010 Prop.
933 1947 979 2008 19.
1000 1928 1102 2009 leusio)
1123 1945 1154 1989 et
1175 1928 1245 2008 (per

56 2039 160 2100 Coroll.
186 2055 211 2099 r.
234 2041 250 2074 *
269 2041 359 2118 Prop.
383 2043 429 2100 16.
450 2055 477 2102 et
493 2055 550 2121 per
569 2044 658 2122 Prop.
691 2059 736 2119 17.
766 2042 867 2122 hujus)
896 2060 1019 2118 corpora
1046 2057 1184 2116 externa,
1211 2057 1244 2102 ut

56 2153 122 2211 astu
141 2148 315 2226 existentia,
336 2151 480 2229 percipit;
501 2157 636 2232 adeoque
658 2155 730 2235 (per
751 2157 840 2234 Prop.
861 2153 1121 2234 45.et416.lrujus)
1142 2153 1244 2231 cogni-

56 2262 168 2322 tionem
189 2276 305 2324 aeternae
328 2279 358 2324 et
380 2264 500 2326 infinitae
522 2265 648 2327 essentiae
669 2265 724 2327 Dei
746 2265 835 2327 habet
856 2268 1046 2342 adaequatam.
1090 2265 1124 2341 Q.
1145 2265 1183 2325 E.
1204 2267 1245 2325 D.

526 2427 605 2471 sorr
619 2427 637 2471 o
651 2427 730 2472 ιιιι
743 2429 781 2472 nr.

94 2518 175 2580 Hinc
203 2520 355 2596 videmus,
382 2520 439 2582 Dei
461 2521 602 2582 infinitam
625 2520 772 2583 essentiam
793 2520 914 2598 ejusque
936 2520 1129 2582 aeternitatem
1151 2519 1244 2579 omni·

56 2632 110 2691 bus
140 2631 199 2691 elle
228 2647 337 2693 notam.
380 2630 454 2693 Cum
481 2649 578 2695 autern
599 2633 696 2695 omnin
718 2634 749 2695 in
770 2635 836 2695 Deo
857 2633 963 2695 suntet
984 2652 1036 2709 per
1056 2634 1151 2693 Deum
1173 2650 1244 2693 con-

55 2742 219 2819 cipiantur,
237 2743 393 2821 sequitur,
421 2764 477 2806 nos
505 2762 542 2807 ex
571 2744 742 2824 cognitione
763 2746 817 2805 hac
839 2745 960 2821 plurima
981 2743 1062 2821 posse
1084 2745 1246 2819 deducere,

55 2874 118 2931 quae
153 2858 307 2932 adaequate
340 2857 550 2935 cognoscamus
557 2902 567 2933 ,
599 2872 687 2934 atque
719 2860 795 2919 adeo
827 2857 944 2919 tertium
972 2857 1044 2918 illud
1065 2854 1246 2934 cognitionis

27 2994 31 3001 ·
55 2986 149 3045 genus
170 2970 312 3044 formare,
332 2972 369 3029 de
391 2988 452 3045 quo
474 2968 602 3031 diximus
623 2968 653 3029 in
674 2969 794 3030 Scholio
817 2987 845 3029 2.
867 2969 1081 3045 Proposrtionis
1091 2986 1141 3048 40.
1157 2967 1246 3044 hujus

56 3079 167 3155 Partis,
189 3096 220 3139 et
241 3082 276 3141 de
297 3079 382 3158 cujus
410 3078 572 3158 prestantia
594 3098 625 3142 et
647 3080 775 3143 utilitate
797 3082 826 3142 in
849 3082 952 3158 quinta
978 3081 1062 3143 Parta
1084 3079 1139 3141 erit
1160 3079 1248 3140 nobis

56 3193 176 3255 dicendi
198 3194 292 3254 locus.
317 3194 407 3275 Quod
429 3210 526 3256 autem
547 3194 681 3256 homines
703 3213 764 3255 non
786 3213 869 3271 aeque
890 3195 993 3255 claram
1013 3192 1070 3255 Dei
1091 3211 1124 3253 ac
1146 3192 1246 3252 notio·

57 3324 126 3367 num
148 3304 346 3366 communium
367 3305 493 3367 habeant
515 3305 733 3385 cognitionem,
762 3306 830 3366 inde
850 3307 901 3381 iit,
929 3308 1010 3383 quod
1031 3307 1125 3366 Deum
1147 3304 1246 3383 imagi-

57 3416 117 3477 nan'
140 3432 291 3493 nequeant
313 3430 346 3477 ut
368 3434 548 3495 corpora,et
561 3420 641 3496 quod
663 3436 771 3480 nomen
792 3420 871 3479 Deus
888 3418 1051 3493 junxerunt
1073 3416 1247 3496 imaginibus

56 3548 168 3603 rerum,
198 3547 271 3605 quas
300 3528 399 3589 videre
429 3530 540 3607 solent,
568 3534 650 3607 quod
678 3530 812 3592 homines
834 3530 886 3593 vix
907 3530 1000 3591 vitate
1021 3528 1158 3606 possunt,
1178 3528 1247 3605 quia

56 3641 205 3704 continuo
226 3660 243 3701 a
264 3642 438 3717 corporibus
460 3642 590 3704 externis
612 3642 788 3704 afficiuntur.
830 3642 870 3703 Et
890 3643 1024 3717 profecto
1050 3641 1181 3718 plerique
1202 3658 1246 3701 er-

56 3774 137 3816 rores
167 3754 198 3814 in
225 3752 285 3813 hoc
313 3752 375 3814 solo
404 3754 591 3831 consistunt,
609 3759 689 3834 quod
711 3755 821 3816 scillcet
844 3754 961 3815 nomina
982 3758 1069 3815 rebus
1089 3772 1149 3814 non
1170 3756 1247 3815 secie

57 3867 250 3945 applicamus.
292 3866 366 3927 Cum
387 3866 463 3927 enirn
485 3864 590 3944 aliquis
611 3868 669 3945 ait,
691 3867 800 3943 lineas,
821 3886 886 3943 quae
908 3885 945 3927 ex
966 3882 1069 3927 centro
1090 3862 1190 3926 circuli
1210 3868 1247 3927 ad

58 3980 187 4055 ejusdem
216 3978 474 4041 circumferentiam
501 3982 663 4057 ducuntur,
692 3979 747 4040 esse
775 3980 947 4057 inaequales,
975 3980 1022 4040 ille
1055 3979 1120 4040 sane
1152 3979 1248 4053 aliud,

59 4108 120 4153 turo
152 4090 271 4164 saltem,
301 4109 351 4166 per
381 4088 519 4153 circulum
551 4090 704 4169 intelligit,
736 4110 822 4167 quam
853 4090 1066 4151 Mathematici.
1105 4090 1153 4151 Sic
1181 4108 1247 4150 cunr

59 4203 193 4265 homines
222 4200 252 4261 in
281 4202 392 4263 calculo
421 4220 532 4279 errant,
561 4203 635 4263 alios
656 4221 792 4264 numeros
814 4202 844 4262 in
866 4219 982 4279 mente,
1001 4202 1074 4262 alios
1096 4201 1126 4262 in
1148 4201 1246 4262 charta

90 4408 103 4439 l
139 4404 189 4456 sd.
207 4405 261 4455 Pne
276 4417 325 4471 per
344 4401 441 4457 Coreli.
457 4403 534 4469 Prnp.
554 4404 594 4455 16.
