2934 4900
381 358 438 421 De
477 352 707 421 Serv'itute
748 360 940 422 Humana.
1199 378 1263 438 ¹99

57 534 274 612 supponimur,
301 537 384 612 quod
403 534 493 612 ipsam
514 536 551 597 ad
573 535 738 597 memoriam
760 535 886 614 redigit,
907 536 966 599 srve
988 538 1070 613 quod
1091 536 1132 599 rei
1153 528 1254 618 imagi·

59 667 131 708 nem
160 646 272 709 excitat
299 648 381 727 (vide
400 649 489 729 Prop.
513 648 559 708 td.
575 661 609 728 p.
629 666 658 708 2.
679 664 741 707 cum
768 648 891 727 ejusdem
918 648 1041 729 Seirai),
1069 668 1102 711 nc
1129 650 1255 727 proinde

62 776 190 822 eatenus
219 759 327 836 efficit,
357 775 393 821 ut
423 759 532 837 ipsam,
559 779 593 821 ac
621 760 642 820 fi
671 758 796 836 praesens
824 760 911 836 esset,
931 764 1164 839 contemplemur
1185 764 1258 843 (per

54 872 174 931 -Coroli
194 872 283 951 Prrp.
308 885 353 947 17.
369 884 402 951 p.
423 873 478 950 n).
519 873 621 948 Atque
649 874 724 934 adeo
753 870 827 952 (per
846 873 936 952 Prop.
956 892 985 949 9.
1007 872 1107 953 liujus)
1137 874 1257 937 affectus

64 1002 134 1063 erga
155 1000 215 1045 rem
235 982 472 1063 contingentem,
489 1002 577 1062 quarn
595 983 700 1045 scimus
718 982 748 1045 in
766 983 901 1061 praesenti
920 1001 980 1045 nott
998 983 1132 1061 existere,
1144 985 1269 1053 caeteris¹

64 1096 205 1173 paribus,
224 1096 362 1159 remislior
380 1098 454 1175 erit,
474 1116 561 1175 quam
582 1097 702 1159 assedus
724 1115 791 1177 erga
811 1115 870 1159 rem
891 1096 1077 1174 praeteritam.
1110 1101 1144 1177 Q.
1162 1100 1200 1160 E.
1215 1100 1255 1161 D.

434 1269 765 1332 PROPOSITIO
805 1269 887 1329 XIV.

104 1384 190 1443 Vera
211 1384 277 1443 boni
294 1384 413 1443 eratali
432 1386 568 1460 cognitio,
586 1395 727 1461 quatenus
746 1400 834 1457 vera,
853 1381 960 1441 nulium
979 1378 1111 1459 affeiium
1134 1384 1258 1442 coircere

58 1498 170 1578 potest,
184 1498 244 1574 sed
261 1508 374 1556 tantum
394 1509 536 1573 quatenus
555 1508 589 1555 ut
607 1491 728 1571 affelius
748 1493 952 1571 constristatur.

463 1654 862 1699 nnnonsrnantn

105 1754 241 1816 Affestus
268 1753 310 1816 est
337 1753 419 1830 idea,
447 1772 505 1829 qua
534 1754 622 1813 Mens
651 1750 788 1829 majorem
817 1753 866 1815 vel
890 1750 1029 1812 minorem
1050 1750 1094 1813 sui
1115 1750 1258 1829 Corporis

64 1866 211 1929 existendi
238 1866 315 1942 vim,
343 1884 429 1943 quam
457 1880 562 1941 antea,
592 1864 714 1925 affirmat
744 1863 817 1943 (per
843 1882 908 1940 gen.
929 1860 991 1941 Aff.
1012 1861 1140 1942 Defin.);
1168 1879 1257 1941 atque

64 1980 143 2039 adeo
175 1976 250 2057 (per
268 1978 358 2056 Prop.
382 1994 408 2038 1.
428 1975 529 2057 tusus)
561 1975 633 2037 nihil
664 1974 823 2051 positivum
854 1973 960 2050 habet,
991 1976 1073 2050 quod
1106 1972 1258 2050 praesentit

11 2095 14 2116 ¹
65 2088 128 2154 veri
152 2088 217 2151 tolli
237 2090 337 2166 polilt3
358 2104 389 2151 et
409 2088 624 2165 consequenter
643 2105 712 2151 vera
729 2086 803 2147 boni
821 2102 851 2147 et
869 2086 934 2147 mali
953 2084 1258 2165 cognitio,quntenus

65 2220 155 2276 vern,
175 2202 286 2263 nullum
307 2200 441 2264 affectum
461 2206 596 2261 coercere
617 2200 724 2277 potest.
746 2200 789 2260 At
810 2214 957 2275 quatenus
977 2198 1098 2259 affesius
1119 2197 1160 2258 est
1177 2197 1258 2275 (vide

64 2316 158 2393 Prop.
180 2314 209 2375 8.
228 2311 385 2393 liujus),fl
405 2312 512 2374 fortior
531 2313 638 2375 affestu
658 2314 824 2373 coercendo
844 2310 897 2387 lit,
914 2325 1037 2372 eatenus
1054 2325 1168 2371 tantum
1186 2311 1258 2389 (per

66 2428 159 2508 Prop.
182 2439 210 2502 7.
229 2424 331 2505 hujus)
352 2424 486 2489 allecium
508 2430 642 2487 coircete
663 2422 785 2501 poterit.
829 2424 863 2500 Q.
884 2424 921 2485 E.
941 2422 982 2484 D.

448 2603 780 2666 PROPOSITIO
811 2603 880 2666 XV.

109 2715 282 2794 Cupiditas,
302 2731 366 2792 qua
385 2735 422 2774 eat
433 2734 516 2800 'vera
538 2716 605 2775 boni
624 2729 653 2776 et
671 2717 743 2786 mali
763 2719 920 2793 cognitione
947 2720 1054 2792 oritur,
1071 2717 1169 2776 multis
1189 2715 1257 2774 aliis

68 2826 308 2906 Cupiditatihus,
329 2845 392 2904 quas
411 2824 578 2904 affedlibus,
600 2828 703 2906 quibus
723 2828 932 2905 confliilamur,
952 2832 1098 2904 oriuntur,
1119 2825 1259 2905 restingui

66 2943 115 3000 vei
134 2943 258 3001 coerceri
271 2939 371 3020 potest.

467 3068 861 3114 nsmonsrnanro

103 3163 153 3224 Ex
183 3180 252 3226 vera
281 3163 354 3225 boni
385 3177 416 3223 et
447 3163 514 3224 mali
545 3162 736 3243 cognitione,
766 3179 912 3240 quatenus
940 3162 1002 3224 haec
1024 3162 1098 3243 (per
1116 3164 1206 3242 Prop.
1229 3163 1257 3223 8.

65 3277 167 3356 hujus)
189 3275 310 3337 affedlus
331 3275 393 3352 est,
414 3273 509 3336 oritur
529 3267 686 3336 nece'liario
707 3275 865 3352 Cupiditas
887 3276 960 3355 (per
983 3290 1008 3336 r.
1029 3272 1133 3352 ΛΜ.
1155 3272 1258 3355 Des.)‚

65 3408 130 3467 quae
153 3405 192 3450 eo
213 3389 254 3448 esi
273 3387 382 3465 major,
404 3406 466 3465 quo
487 3388 626 3464 affectus,
647 3405 685 3449 ex
706 3407 768 3465 quo
790 3387 901 3466 oritur,
920 3387 1011 3465 major
1030 3387 1070 3449 est
1081 3390 1155 3468 (per
1165 3390 1255 3468 Prop.

67 3519 113 3579 ³7·
132 3515 165 3581 p.
187 3501 240 3579 3.).
274 3502 332 3562 Sed
361 3500 430 3578 quia
457 3500 520 3561 haec
550 3499 708 3576 Cupiditas
737 3501 811 3580 (per
837 3499 1012 3580 hypothefin)
1041 3518 1154 3577 exeo,
1175 3502 1258 3578 quod

67 3611 179 3690 aliquid
200 3630 267 3675 vere
289 3610 493 3692 intelligimus,
522 3611 634 3687 oritur,
653 3612 785 3690 sequitur
805 3629 875 3692 ergo
897 3611 957 3688 ipsa
978 3611 1007 3673 in
1029 3612 1131 3689 nobis,
1153 3627 1256 3690 quate·

70 3744 123 3788 nus
154 3722 267 3805 agimus
298 3724 372 3805 (per
391 3725 481 3805 Prop.
505 3739 531 3785 1.
551 3725 566 3760 *
583 3739 615 3804 p.
638 3725 689 3804 3),
719 3740 809 3800 atque
839 3725 913 3786 adeo
942 3742 994 3800 per
1021 3723 1110 3786 solnm
1131 3723 1255 3786 nostram

70 3838 217 3902 essentiam
245 3839 336 3900 debet
362 3837 486 3917 intelligi
507 3837 582 3918 (per
601 3836 697 3917 Defin.
718 3855 747 3898 2.
763 3851 796 3918 p.
818 3837 878 3916 3.);
899 3852 929 3898 et
950 3837 1163 3914 consequenter
1184 3838 1257 3918 (per

70 3951 159 4030 Prap.
181 3963 209 4024 7.
226 3960 259 4027 p.
280 3947 325 4025 3.)
353 3945 417 4025 ejus
444 3946 491 4009 vis
517 3961 547 4008 et
573 3946 783 4008 incrementum
805 3946 865 4008 solt
883 3947 1009 4009 humani
1029 3945 1166 4024 potentii
1185 3949 1255 4010 deli·
1353 3959 1355 3966 '
1385 4017 1387 4022 ,
1453 3924 1454 3945 ¹

70 4062 123 4124 niti
152 4063 253 4124 debet.
291 4060 384 4121 Porro
411 4058 617 4136 Cupiditates,
643 4077 708 4136 quae
730 4077 768 4119 cx
788 4057 958 4134 affedibus,
979 4057 1086 4136 quibus
1107 4059 1256 4123 conflicta-

70 4196 148 4253 mur,
170 4173 319 4249 otiuntur,
340 4191 377 4234 eo
399 4171 487 4234 etiam
507 4171 632 4250 majores
653 4171 737 4250 sunt,
757 4191 818 4250 quo
839 4173 870 4234 hi
891 4172 1011 4236 effecius
1022 4171 1257 4236 vehementiores

105 4371 119 4401 ·
151 4367 269 4438 Sigwrsr.
283 4395 318 4406 -
334 4367 383 4420 lid.
399 4369 457 4420 ΡΜ
469 4379 519 4437 per
534 4366 614 4437 Prop.
629 4383 655 4431 3.
