2934 4900
527 373 664 449 Caput
694 370 732 433 ΙΙ.
1161 366 1221 449 239

80 542 104 621 §.
124 543 205 604 XIV.
246 544 401 626 Quatenus
429 543 563 603 homines
591 542 649 617 ira,
678 541 806 616 invidia,
836 556 886 601 aut
908 541 1008 618 aliquo
1030 541 1091 601 odii
1113 540 1219 602 affeslu

47 654 257 731 consiliantur,
285 671 408 717 eatenus
438 654 550 717 diverse
579 654 749 728 trahuntur,
778 667 808 713 ct
830 653 956 716 invicem
978 652 1116 713 contrarii
1137 652 1221 728 sunt;

48 784 72 825 et
92 784 244 844 propterea
265 786 302 827 eo
325 770 390 844 plus
412 767 551 843 timendi,
573 786 633 844 quo
656 769 722 843 plus
744 765 878 842 possunt,
906 765 1052 843 magisque
1073 764 1170 825 callidi
1191 778 1221 824 et

47 880 121 939 assuti
152 881 237 957 sunt,
266 899 353 957 quam
385 880 495 957 reliqua
527 879 675 955 animalia;
704 894 733 939 et
763 879 831 955 quia
852 878 985 939 homines
1011 877 1219 953 utplurimum

47 992 86 1067 (ur
99 994 208 1054 snArt.
222 1006 346 1073 5.praec.
370 994 441 1073 Cap.
462 994 604 1071 diximus)
625 992 672 1053 his
694 992 846 1054 allestibus
866 1008 970 1053 natura
990 992 1057 1053 sunt
1078 991 1220 1065 obnoxii,

48 1102 102 1163 sunt
129 1122 198 1184 ergo
229 1106 363 1165 homiues
390 1124 427 1166 ex
455 1120 557 1167 natura
587 1104 695 1166 hostes.
736 1107 812 1164 Nam
834 1104 858 1164 is
879 1104 1020 1165 maximus
1042 1103 1151 1178 hostis,
1172 1103 1223 1179 qui

49 1214 105 1275 nihi
125 1218 250 1277 maxime
271 1217 435 1293 timendus,
457 1234 487 1278 et
508 1238 523 1279 a
547 1236 607 1294 quo
630 1217 699 1277 milri
722 1218 844 1278 maxime
865 1220 1028 1279 cavendum
1049 1217 1099 1277 est.

82 1328 104 1407 ξ.
123 1330 188 1390 XV.
233 1331 307 1391 Cum
335 1347 431 1391 autem
459 1330 530 1411 (per
558 1331 627 1391 Art.
653 1349 682 1407 9.
704 1329 791 1406 lrrrs‘us
820 1330 908 1409 Cap.)
937 1330 966 1390 in
995 1330 1071 1390 statu
1099 1329 1224 1389 naturali

50 1442 145 1503 tandiu
173 1443 374 1521 unusquisque
402 1444 445 1505 sui
463 1444 537 1521 juris
559 1444 609 1519 srt,
630 1445 770 1521 quamdiu
789 1442 843 1503 srbi
866 1460 968 1505 cavere
991 1441 1105 1517 potest,
1126 1458 1162 1500 ne
1184 1441 1220 1500 ab

50 1554 97 1612 alio
117 1557 316 1632 opprimatur,
345 1573 374 1617 et
396 1575 472 1618 uirus
494 1556 573 1617 solus
595 1557 694 1617 frustra
718 1560 754 1616 ab
777 1556 913 1615 omnibus
934 1553 986 1614 libi
1007 1571 1111 1616 cavere
1133 1570 1222 1612 cone-

52 1680 101 1740 tur3
129 1668 197 1728 hinc
232 1667 379 1744 sequitur,
411 1668 550 1745 quamdiu
578 1668 627 1744 jus
658 1668 816 1729 humanum
845 1667 975 1727 naturale
998 1663 1223 1740 uniuscujusque

51 1780 169 1849 parentia
191 1782 418 1857 determinatur,
439 1796 468 1841 et
492 1780 718 1857 uniuscujusque
741 1781 796 1855 est,
817 1779 929 1841 tamdiu
950 1779 1059 1839 nullum
1081 1777 1154 1852 else,
1173 1775 1223 1836 sed

51 1890 124 1967 uagis
152 1893 296 1969 opinione
324 1912 410 1969 quam
439 1912 468 1953 re
498 1892 645 1968 conslare;
674 1892 913 1968 quandoquidem
944 1892 1021 1952 nulla
1054 1888 1118 1966 ejus
1146 1888 1224 1948 obri·

51 2003 124 2063 nendi
144 2004 185 2063 est
208 2004 356 2065 securitas.
377 2005 417 2065 Et
439 2021 549 2066 certum
572 2005 626 2081 est,
647 2022 884 2081 unumquemque
907 2018 992 2064 tanto
1015 2003 1109 2063 miuus
1127 2000 1225 2077 posse,

51 2128 74 2169 et
97 2116 309 2193 consequenter
336 2132 422 2177 canto
451 2117 546 2179 minus
570 2116 644 2193 juris
664 2116 788 2194 habere,
810 2134 923 2193 quanto
944 2114 1081 2192 majorem
1103 2114 1225 2175 timendi

52 2224 148 2287 causam
169 2228 271 2289 habet.
293 2228 347 2289 His
369 2230 499 2305 accedit,
521 2234 603 2307 quod
623 2230 759 2291 homines
782 2230 834 2293 vix
856 2228 965 2306 absque
986 2243 1090 2289 mutuo
1113 2225 1224 2288 auxilio

51 2334 125 2397 airam
146 2340 306 2401 sustentare
329 2356 357 2401 et
380 2357 505 2403 mentem
528 2344 624 2403 colere
647 2344 769 2418 possrnt;
798 2358 887 2419 atque
910 2343 984 2403 adeo
1005 2341 1226 2415 concludimus,

51 2446 92 2524 Jua
112 2455 250 2528 Naturae,
279 2457 360 2530 quod
387 2455 505 2515 humani
528 2455 641 2534 generis
662 2456 812 2532 proprium
834 2455 891 2530 est,
913 2453 965 2516 vix
986 2453 1065 2530 polle
1087 2453 1223 2530 concipi,

52 2561 92 2620 uisa
120 2566 169 2626 ubi
202 2566 336 2626 homines
364 2565 430 2642 jura
461 2567 570 2628 habent
604 2568 785 2642 communia,
817 2568 867 2644 qui
899 2565 980 2627 samul
1011 2580 1119 2640 terras,
1152 2585 1225 2641 quas

52 2671 166 2738 habitare
195 2693 227 2739 et
255 2680 352 2740 colere
381 2679 517 2756 poliunt,
545 2680 596 2740 srbi
626 2680 792 2756 vindicare,
821 2678 940 2755 seseque
960 2677 1088 2753 munire,
1109 2676 1226 2752 vimque

53 2801 150 2848 ornnem
180 2793 336 2868 repellere,
358 2807 387 2853 ct
410 2811 446 2853 cx
468 2792 615 2854 communi
645 2791 774 2854 omnium
801 2789 946 2852 sententia
975 2791 1075 2852 vivere
1097 2787 1226 2864 possunt.

52 2895 112 2959 Nam
134 2904 206 2982 (per
221 2904 292 2964 Art.
316 2922 361 2981 13.
383 2904 469 2981 lrrq'us
492 2905 579 2985 Cap.)
601 2925 662 2982 quo
684 2906 782 2981 plures
803 2904 832 2965 in
855 2921 943 2964 unum
965 2901 1003 2962 src
1024 2901 1226 2977 conveniunt,

52 3027 80 3068 eo
108 3031 208 3076 omnes
242 3015 321 3078 srmul
355 3017 420 3093 plus
447 3017 522 3095 juris
552 3017 678 3094 habent;
707 3033 738 3080 et
758 3017 779 3078 sr
801 3015 970 3077 Scholastici
991 3015 1045 3075 hac
1068 3018 1103 3077 de
1125 3013 1226 3089 causa,

52 3127 119 3193 quod
149 3127 260 3188 scilieet
293 3129 426 3190 homines
457 3130 487 3190 iu
520 3130 595 3191 statu
628 3130 753 3191 naturali
781 3129 833 3191 vix
855 3126 990 3203 suijuris
1012 3125 1068 3186 else
1090 3125 1226 3201 possunt,

53 3235 129 3298 uelint
156 3239 304 3302 homiuem
333 3245 446 3302 animal
464 3245 572 3320 sociale
602 3243 715 3319 dicere,
746 3242 818 3303 nihil
843 3241 940 3302 habeo
962 3241 1044 3317 quod
1064 3239 1131 3315 ipsas
1153 3257 1224 3298 con-

51 3346 182 3411 nasicam.

82 3455 104 3534 ἕ.
124 3461 206 3521 XVI.
229 3463 292 3524 Ubi
312 3463 445 3526 homines
465 3465 530 3542 jum
553 3465 717 3528 communia
737 3465 864 3541 habent,
881 3463 1039 3539 omnesque
1057 3479 1114 3522 una
1131 3459 1225 3523 veluti

51 3583 131 3632 neme
153 3577 322 3651 ducuntur,
344 3593 453 3638 certum
476 3578 517 3638 est
539 3579 611 3658 (per
622 3578 692 3638 Art.
708 3595 753 3654 13.
765 3575 851 3652 hujus
874 3575 978 3653 Cau),
999 3591 1100 3634 eorum
1120 3590 1223 3634 unum·

51 3696 180 3762 ‘luemque
202 3702 288 3748 tanto
309 3687 405 3750 minus
425 3690 532 3750 habere
552 3690 643 3766 juris,
670 3706 783 3767 quanto
806 3686 910 3764 reliqui
931 3685 1012 3746 simul
1031 3685 1096 3760 ipso
1116 3699 1222 3760 poten·

52 3789 127 3856 liores
158 3799 242 3876 sunt;
274 3801 331 3861 hoc
365 3801 421 3877 est,
453 3801 533 3864 illurn
566 3821 665 3865 revera
691 3801 741 3879 jus
769 3802 879 3862 nullum
906 3797 936 3859 in
957 3800 1098 3859 Naturam
1118 3796 1225 3856 habere

53 3921 142 3974 lraeter
170 3911 219 3986 id,
249 3915 331 3989 quod
353 3913 404 3990 ipsr
427 3933 580 3976 commune
603 3915 742 3976 concedit
759 3913 817 3991 J'us.
859 3912 1003 3972 Caeterum
1025 3910 1166 3988 quicquid
1187 3929 1224 3970 ex

53 4023 184 4084 communi
213 4024 355 4086 consensu
383 4025 435 4103 ipsr
465 4027 639 4104 imperatur,
667 4026 761 4087 teneri
788 4025 914 4101 exequi,
941 4024 988 4087 vel
1012 4022 1085 4103 (per
1105 4024 1175 4084 Art.
1196 4043 1225 4102 4.

53 4123 123 4203 itq'rrs
145 4136 231 4215 Cap.)
251 4135 317 4213 jure
339 4140 375 4198 ad
396 4137 427 4200 id
448 4139 525 4218 cogi.

84 4241 107 4320 S.
127 4247 222 4308 XVll.
263 4251 331 4309 Hoc
349 4248 414 4325 jus,
436 4252 517 4326 quod
539 4250 738 4312 multitudinis
757 4249 892 4326 potentii
910 4248 1061 4324 delinitur,
1072 4247 1225 4323 Imperium

54 4359 175 4428 appellari
197 4359 280 4421 solet.
322 4363 423 4438 Atque
445 4361 502 4422 hoc
524 4363 549 4422 is
571 4363 706 4424 absolute
728 4377 830 4437 tenet,
852 4360 902 4438 qul
923 4377 1019 4420 curam
1041 4357 1225 4433 Reipublicae

1094 4465 1125 4517 ι9
