2934 4900
221 347 279 410 150
638 331 820 432 Ethices
847 332 917 393 Pars
937 332 990 392 III.

216 541 302 602 alium
325 540 414 618 potiri
436 541 645 620 imaginantur,
674 539 765 619 tnagis
787 554 893 600 amant.
935 539 1079 601 Videmus
1100 541 1225 616 deinde,
1247 560 1285 602 ex
1307 545 1426 604 eadem

219 667 330 712 naturae
351 651 484 713 humanae
506 651 705 728 proprietate,
726 670 764 711 ex
786 669 845 727 qua
866 649 1007 727 sequitur,
1023 651 1157 712 homines
1175 651 1231 712 esse
1249 652 1428 713 misericor-

218 768 286 840 des,
317 765 398 843 seqtri
431 766 538 840 etiam,
560 765 676 827 eosdem
698 764 753 826 esse
786 764 906 826 invidos
935 779 966 824 ct
989 763 1170 826 ambitiosos.
1211 766 1377 843 Denique,
1403 767 1426 826 fi

218 877 307 954 ipsam
336 877 546 954 experientiam
575 875 725 939 consulere
753 877 894 952 velimus,
915 877 1005 954 ipsam
1025 878 1089 938 haec
1112 875 1209 938 omnia
1230 880 1338 939 docere
1363 898 1427 940 ex-

218 991 377 1068 periemur;
405 990 561 1068 praesertim
583 990 603 1050 sr
626 993 663 1052 ad
685 989 798 1066 priores
826 989 930 1050 nostrae
958 989 1054 1051 aetatis
1076 1009 1171 1051 annos
1192 990 1428 1052 attenderimus.

218 1106 294 1164 Nam
323 1121 448 1180 pueros,
476 1103 545 1181 quia
574 1121 674 1164 eornm
703 1119 812 1178 corpus
833 1101 980 1163 continuo
1002 1101 1096 1164 veluti
1118 1101 1147 1163 in
1169 1102 1333 1180 aequilibrio
1357 1105 1428 1179 cst,

219 1235 256 1278 ex
285 1217 343 1277 hoc
372 1216 436 1279 solo
463 1215 556 1278 ridete
584 1217 632 1278 vel
661 1216 729 1276 flere
757 1215 941 1291 experimur,
962 1217 1044 1291 quod
1067 1213 1141 1276 alios
1161 1214 1254 1277 ridere
1275 1217 1326 1275 vel
1345 1217 1428 1277 flere

221 1327 341 1405 vident;
369 1343 400 1389 et
428 1327 570 1406 quicquid
599 1342 740 1403 praterea
768 1311 872 1390 vident
900 1325 974 1387 alios
1002 1328 1116 1402 fatere,
1140 1327 1171 1389 id
1191 1326 1295 1390 imitati
1316 1327 1427 1390 statim

219 1438 355 1515 cupiunt,
376 1453 407 1500 et
428 1438 526 1501 omnia
547 1438 675 1515 deanue
696 1437 749 1498 srbi
772 1437 908 1514 cupIunt,
929 1436 1038 1516 quibus
1059 1437 1133 1499 alios
1154 1437 1289 1501 delestari
1310 1438 1425 1519 Imagi—

218 1565 340 1626 nantor3
363 1550 494 1612 nimirum
515 1549 585 1628 quia
606 1568 700 1612 rerum
721 1549 879 1629 imagines,
896 1565 930 1611 ut
949 1549 1093 1625 diximus,
1113 1549 1181 1611 sunt
1200 1549 1269 1626 ipsae
1291 1549 1423 1612 humani

219 1662 362 1738 Corporis
393 1662 581 1738 affectiones,
610 1661 670 1726 srve
699 1661 780 1724 modi
789 1706 798 1737 ,
827 1661 936 1738 quibus
965 1661 1083 1738 Corpus
1104 1661 1262 1722 humanum
1283 1681 1299 1720 a
1320 1663 1424 1723 causas

222 1774 350 1837 externis
371 1773 496 1837 afficitur
517 1774 743 1852 disponiturque
765 1775 881 1836 adhoc
903 1776 950 1836 vei
971 1773 1043 1836 iilud
1064 1776 1216 1853 agendum.

567 1917 898 1979 PROPOSITIO
930 1918 1067 1978 XXXIII.

265 2047 335 2106 Cam
373 2063 433 2107 rem
470 2045 549 2105 nobis
574 2045 694 2124 stmr'lem
724 2063 870 2122 amamus,
901 2065 1052 2123 conamur,
1083 2059 1224 2124 quantam
1249 2047 1422 2127 poffumas,

220 2160 347 2237 efficere,
367 2172 401 2219 ut
421 2179 469 2220 mos
490 2173 592 2220 contra
611 2172 695 2220 amet.

618 2337 1003 2382 oamousansrto

260 2435 352 2510 Rem,
380 2423 467 2511 quam
495 2452 639 2509 amamus,
668 2452 726 2510 prae
753 2432 890 2511 reliquis,
911 2449 1054 2510 quantum
1076 2431 1241 2509 possumus,
1261 2433 1419 2514 imaginari

219 2565 359 2608 conamur
380 2547 453 2625 (per
474 2548 562 2625 Prop.
588 2562 634 2606 12.
655 2545 767 2625 hujus).
796 2546 826 2607 Si
849 2545 938 2625 igitur
961 2564 1007 2606 res
1028 2545 1116 2607 nobis
1136 2545 1172 2607 stt
1191 2546 1302 2622 srmilis,
1323 2546 1419 2623 ipsam

219 2677 277 2735 pra
307 2657 426 2735 reliquis
453 2657 574 2719 Laetitia
603 2656 716 2719 afficere
745 2657 917 2719 conabimur
942 2658 1014 2738 (per
1034 2659 1123 2738 Prap.
1145 2676 1193 2736 29.
1215 2657 1334 2737 hujus),
1354 2658 1418 2719 sive

220 2771 406 2845 conabImor,
423 2785 566 2847 quantum
583 2768 750 2846 possumus,
769 2770 900 2846 efficere,
918 2786 952 2832 ut
970 2788 1016 2831 res
1032 2786 1127 2831 amata
1137 2770 1258 2831 Laetitia
1269 2770 1420 2832 afficiatur

220 2882 438 2944 concomitante
467 2881 533 2943 idea
561 2880 667 2956 nostri,
694 2881 752 2941 lroc
781 2882 822 2943 est
849 2884 921 2963 (per
943 2883 1038 2946 Scaat
1059 2886 1148 2962 Prop.
1173 2900 1218 2960 13.
1239 2881 1360 2962 hujus),
1382 2899 1419 2943 ut

219 3014 275 3057 nos
296 3010 400 3057 contra
421 3010 507 3056 amet.
540 2996 574 3073 Q.
596 2996 633 3055 Ε.
655 2994 696 3056 D.

566 3153 897 3215 PROPOSITIO
929 3154 1066 3216 XXXIV.

261 3281 322 3358 Qua
342 3280 447 3355 majori
465 3277 570 3356 affesia
591 3298 650 3340 rem
670 3276 797 3339 amatam
818 3299 892 3357 erga
915 3300 965 3341 nas
983 3279 1115 3357 affesiam
1132 3282 1183 3361 effe
1198 3284 1418 3357 imaginamur,

219 3414 247 3453 eo
269 3396 363 3469 magis
382 3392 586 3469 gloriabimur.

621 3570 1004 3615 osmousannaro

259 3666 325 3725 Nos
357 3664 428 3743 (per
459 3666 547 3744 Prop.
576 3664 713 3745 praeced.)
746 3682 902 3740 conamur,
934 3681 1076 3743 quantum
1108 3665 1275 3742 possumus,
1303 3681 1336 3728 ttt
1369 3685 1416 3728 res

220 3790 315 3835 amata
336 3792 392 3835 nos
414 3790 516 3836 contra
539 3792 631 3851 arnet;
652 3776 709 3838 hoc
731 3776 773 3837 est
794 3778 867 3857 (per
887 3777 982 3839 Sahal.
1002 3780 1092 3860 Prop.
1113 3798 1158 3857 13·
1176 3778 1293 3858 liujus),
1311 3794 1347 3841 ut
1368 3800 1415 3842 res

219 3900 312 3947 amata
340 3886 460 3948 Laetitia
490 3886 633 3948 afficiatur
660 3888 880 3950 concomitante
910 3890 975 3952 idea
1001 3890 1100 3953 nostri.
1136 3894 1207 3973 Quo
1228 3891 1330 3967 itaque
1351 3910 1414 3954 rem

220 4013 342 4059 amatam
372 3997 472 4075 majori
493 3998 612 4061 Laetitia
634 4000 729 4062 nostra
750 4004 787 4063 de
808 4001 894 4064 causa
915 4003 1045 4065 affectam
1067 4002 1122 4064 esse
1143 4003 1349 4083 imaginamur,
1376 4026 1413 4067 eo

219 4110 309 4191 magis
335 4111 383 4171 hic
411 4127 536 4173 conatus
562 4111 702 4189 juvatur,
730 4114 788 4174 hoc
817 4114 859 4175 est
886 4115 960 4194 (per
979 4117 1069 4196 Prop.
1094 4134 1139 4177 rr.
1160 4115 1246 4193 suajus
1266 4136 1329 4176 cam
1350 4121 1414 4195 ejas

220 4222 347 4302 Sestos),
375 4242 412 4283 eo
434 4222 541 4299 majore
563 4224 683 4285 Laetitia
705 4224 853 4287 afficimur.
885 4227 929 4287 At
949 4245 1016 4288 cum
1037 4246 1074 4288 ert
1095 4231 1303 4305 eolaetemur,
1324 4234 1409 4306 quod
1445 4211 1446 4238 X

220 4332 305 4394 alium
327 4333 414 4395 nobis
435 4332 551 4395 similem
572 4335 692 4397 Laetitia
712 4336 879 4415 effecimus,
895 4353 959 4399 tum
976 4353 1093 4399 nosmet
1111 4357 1177 4401 cum
1195 4339 1315 4401 Laetitia
1332 4360 1406 4403 con·
