2934 4900
201 331 241 396 74
627 312 812 373 Ethices
840 313 950 374 Persi.

200 487 296 552 forsan
323 487 359 548 iis
385 486 516 565 injiciet,
545 490 627 564 quod
654 486 770 548 infinita
797 485 996 564 reperiantur,
1017 507 1082 565 qua
1104 489 1226 550 nostram
1246 487 1393 567 imagina-

200 600 311 662 tionem
338 601 427 679 longe
455 600 609 676 superant,
637 613 668 659 et
693 598 832 676 plurima,
854 619 919 676 quae
940 599 1047 676 ipsam,
1068 615 1188 678 propter
1209 599 1273 677 ejus
1293 601 1394 662 imbe-

199 711 367 787 cillitatem,
387 712 584 773 confundunt.
606 712 665 772 Sed
685 713 722 771 de
743 712 799 772 hac
820 729 850 772 re
873 711 951 772 satis.
973 711 1094 773 Ceterae
1115 711 1222 774 deinde
1243 712 1394 774 notiones

199 822 287 884 etiam
308 838 413 900 praeter
438 821 613 902 imaginandi
642 825 766 899 modos,
788 822 897 900 quibus
916 822 1086 903 imaginatio
1108 824 1300 887 diversimode
1321 824 1391 884 alii·

199 933 290 1008 citur,
311 933 382 994 nihil
402 933 484 1008 sunt,
506 949 537 994 et
559 938 714 996 tamenab
735 934 842 1014 ignaris
863 951 1003 1012 tanquam
1024 935 1172 1012 praecipua
1189 953 1283 998 rerum
1296 935 1391 997 'attri-

199 1048 272 1108 buta
298 1045 532 1121 considerantum
560 1045 645 1123 quia,
674 1061 707 1108 ut
725 1044 785 1123 jam
807 1047 952 1123 diximus,
972 1067 1018 1110 res
1039 1066 1141 1110 omnes
1161 1062 1283 1126 propter
1302 1046 1391 1124 ipsos

200 1159 289 1220 sallas
309 1155 365 1218 esse
385 1161 525 1233 credunt;
546 1172 576 1219 et
597 1157 638 1219 rei
660 1158 785 1236 alicujus
806 1173 938 1220 naturam
959 1163 1067 1220 bonam
1085 1162 1133 1224 vel
1153 1161 1271 1234 malain,
1288 1157 1391 1220 sanam

200 1272 249 1332 vel
268 1269 413 1347 putridam
441 1285 473 1332 et
501 1285 667 1346 corruptam
689 1269 810 1345 dicunt,
830 1287 921 1348 prout
941 1274 979 1332 ab
999 1273 1100 1334 eadem
1120 1270 1295 1332 alliciuntur.
1335 1270 1389 1330 Ex

199 1401 241 1462 gr.
262 1383 282 1444 sr
304 1398 419 1460 motus,
448 1401 535 1461 quern
557 1382 640 1444 nervi
662 1385 699 1444 ab
721 1382 865 1460 objectis,
887 1402 940 1460 per
961 1384 1065 1446 oculos
1084 1381 1314 1460 repraesentatis,
1335 1401 1387 1442 ac-

199 1494 331 1572 cipiunt,
358 1494 521 1558 valetudini
550 1497 715 1570 conducat,
737 1495 879 1576 {obierim
904 1515 922 1557 a
948 1495 1058 1572 quibus
1086 1495 1236 1570 causatur,
1258 1493 1392 1574 pulchra

200 1605 352 1683 dicuntur,
372 1625 437 1684 quae
459 1622 555 1668 autem
574 1607 753 1669 contrarium
771 1623 885 1668 motum
903 1607 998 1682 cient,
1015 1607 1167 1684 deformia.
1187 1608 1261 1689 Quae
1279 1603 1390 1667 deinde

199 1735 251 1794 per
281 1737 364 1780 nares
395 1718 505 1780 sensum
536 1735 674 1795 movent,
706 1719 856 1781 odorifera
887 1721 935 1782 vel
967 1719 1071 1780 foetida
1099 1733 1226 1793 vocant,
1246 1735 1312 1794 quae
1333 1735 1391 1792 per

199 1831 342 1910 linguam,
369 1831 466 1894 dulcia
493 1845 544 1893 aut
572 1849 681 1907 amara,
711 1831 812 1907 sapida
839 1847 891 1894 aut
920 1829 1060 1907 insipida,
1088 1845 1146 1890 etc.
1186 1831 1261 1912 Quae
1286 1843 1389 1889 autern

200 1961 252 2020 per
272 1947 398 2018 tadum,
418 1945 489 2004 dura
510 1959 562 2006 aut
583 1942 697 2017 mollis,
719 1943 818 2020 aspera
839 1957 892 2006 aut
911 1941 1011 2018 levia,
1032 1958 1089 2004 etc.
1109 1942 1151 2004 Et
1171 1958 1237 2018 quae
1256 1939 1390 2017 denique

200 2069 283 2114 aures
314 2070 454 2128 movent,
485 2053 651 2132 strepitum,
682 2054 803 2133 sonum,
835 2056 884 2118 vel
916 2054 1094 2116 harmoniam
1125 2056 1211 2116 edere
1230 2052 1372 2114 dicuntur
1378 2074 1418 2128 ,·

200 2182 324 2240 quorum
351 2165 524 2242 postremum
551 2165 685 2228 homines
712 2169 788 2228 adeo
815 2166 1015 2242 dementavit,
1041 2182 1076 2228 ut
1094 2167 1193 2227 Deum
1213 2164 1300 2226 etiam
1321 2165 1389 2225 hat-

200 2274 299 2336 monia
328 2276 463 2339 deleetari
493 2280 653 2340 crederem.
694 2279 760 2338 Nec
789 2278 895 2340 desunt
916 2275 1104 2354 Philosophi,
1125 2276 1177 2353 qui
1197 2276 1250 2338 fibi
1269 2276 1390 2352 persua·

200 2389 307 2466 serint,
338 2405 436 2453 motus
469 2390 598 2453 coelestes
629 2390 807 2453 harmoniam
840 2406 1026 2467 componere.
1077 2390 1152 2472 Quae
1184 2385 1282 2449 omnia
1316 2386 1390 2446 satis

200 2502 374 2579 ostendunt,
395 2522 631 2581 unumquemque
652 2521 706 2581 pro
728 2502 922 2580 dispositione
942 2501 1053 2563 cerebri
1070 2503 1107 2562 de
1125 2504 1214 2561 rebus
1227 2498 1390 2577 judicasse,

200 2612 248 2673 vel
268 2612 370 2687 potius
391 2610 607 2691 imaginationis
637 2612 809 2675 affesiiones
830 2629 884 2688 pro
906 2612 993 2673 rebus
1014 2609 1164 2687 accepisse.
1204 2611 1303 2692 Quare
1323 2628 1388 2674 non

200 2722 300 2785 mirum
328 2724 369 2785 est
396 2723 443 2802 (ut
466 2724 524 2786 hoc
546 2724 634 2785 etiam
656 2723 755 2785 obiter
775 2725 945 2804 notemus),
966 2725 1049 2801 quod
1070 2722 1146 2783 inter
1165 2720 1300 2784 homines
1320 2736 1388 2797 tot,

200 2850 276 2913 quot
303 2835 484 2913 experimur,
511 2836 718 2899 controversiae
749 2822 821 2897 ortae
850 2836 921 2911 lint,
944 2855 981 2897 ex
1002 2835 1111 2913 quibus
1132 2838 1249 2897 tandem
1269 2835 1388 2913 Scepti-

200 2943 314 3005 cismus.
355 2944 446 3019 Nam,
475 2944 609 3022 quamvis
636 2945 760 3007 humana
788 2962 912 3022 corpora
940 2945 971 3005 in
999 2944 1098 3007 multis
1127 2944 1326 3019 conveniant,
1353 2944 1384 3007 in

201 3054 331 3131 plurimis
359 3069 455 3117 tamen
477 3054 660 3133 discrepant,
681 3070 711 3117 et
732 3056 801 3118 ideo
823 3056 870 3132 id,
898 3060 980 3133 quod
1001 3056 1052 3119 uni
1073 3060 1199 3134 bonum,
1220 3056 1302 3118 alteri
1324 3076 1385 3117 ma·

200 3170 259 3229 lum
281 3166 412 3243 videtur;
433 3168 515 3244 quod
534 3166 585 3229 uni
605 3166 786 3244 ordinatum,
805 3168 887 3230 alteri
907 3170 1075 3244 confusum
1093 3172 1176 3247 quod
1193 3168 1244 3230 uni
1261 3185 1387 3248 gratum,

201 3280 283 3341 alteri
311 3280 455 3359 ingratum
484 3280 540 3357 est;
570 3295 600 3340 et
628 3280 665 3341 stc
694 3282 730 3341 de
753 3280 884 3356 caeteris,
912 3280 1020 3359 quibus
1040 3280 1087 3341 hic
1109 3280 1298 3357 supersedeo,
1319 3300 1387 3341 cum

202 3392 271 3471 quia
288 3390 376 3469 hujus
394 3391 452 3453 loci
472 3410 531 3453 non
550 3391 590 3453 est
609 3393 645 3453 de
666 3392 711 3453 his
730 3411 768 3453 ex
784 3392 912 3469 professo
930 3412 1031 3473 agere,
1049 3408 1111 3455 tum
1129 3392 1198 3470 quia
1214 3393 1273 3455 hoc
1284 3412 1389 3454 omnes

201 3506 271 3567 satis
290 3504 404 3581 experti
426 3504 504 3567 sunt.
523 3505 665 3567 Omnibus
683 3505 807 3567 enimin
827 3524 878 3568 ore
898 3506 953 3581 est,
971 3509 1056 3590 Quot
1070 3506 1183 3585 capita,
1200 3521 1249 3567 tot
1273 3507 1387 3583 sensus;

200 3620 261 3681 Suo
283 3636 428 3696 quemque
449 3619 533 3680 sensu
553 3621 718 3695 abundare;
740 3622 810 3680 Non
832 3620 944 3681 minora
965 3622 1150 3682 cerebrorum
1168 3638 1254 3697 quarn
1270 3622 1386 3697 palato·

201 3750 263 3795 rum
295 3730 350 3793 esse
382 3730 559 3793 discrimina:
592 3750 657 3809 qoae
689 3730 842 3793 sententie
874 3731 944 3793 satis
976 3732 1151 3810 ostendunt,
1177 3731 1310 3793 homines
1330 3751 1386 3809 pro

201 3843 391 3921 dispositione
414 3841 524 3903 cerebri
545 3846 581 3905 de
602 3845 690 3905 rebus
705 3842 855 3919 judicare,
882 3862 988 3920 resque
1008 3842 1112 3920 potius
1130 3843 1279 3923 imaginari
1298 3864 1385 3921 quarn

201 3956 371 4035 intelligere.
412 3956 473 4015 Res
503 3954 578 4015 enim
606 3955 627 4016 fi
655 3954 879 4031 intellexissent,
905 3954 960 4017 illae
983 3974 1085 4017 omnes
1104 3956 1131 4033 *,
1151 3956 1223 4017 teste
1243 3956 1386 4033 Mathest,

202 4068 303 4131 srnon
325 4068 490 4144 allicerent,
512 4070 549 4129 ad
570 4068 718 4131 minimum
740 4067 960 4131 convincerent.

236 4316 249 4351 'r
283 4308 409 4368 Schmidta
427 4310 492 4361 illae
508 4322 591 4361 omrtrr
608 4325 659 4361 rot.
692 4308 795 4371 Sailser,
810 4312 958 4367 Auerbacha
976 4312 1041 4365 illae
1058 4327 1100 4367 aas
1116 4328 1209 4365 omnes.
1247 4308 1252 4317 ’
