2934 4900
456 301 512 362 De
552 299 821 362 Affectibur.
1175 317 1230 377 133

429 475 760 537 PROPOSITIO
799 476 850 537 tx.

79 591 174 650 Meus
200 603 260 649 tam
288 601 428 666 quatenus
452 589 550 648 claras
576 602 605 648 er
630 589 798 667 distr'ndias,
825 609 911 667 quam
937 604 1077 668 quatenus
1096 591 1231 669 confusas

38 701 129 762 daber
149 704 246 777 ideas,
274 715 396 762 conatur
415 705 447 760 r'n
461 703 517 778 suo
544 700 596 780 effe
611 699 806 781 perseverare
824 702 977 783 Indefinitd
995 706 1119 782 quadam
1140 706 1230 764 dura-

38 819 132 890 tione,
155 829 183 874 et
203 813 290 890 hujus
305 815 359 891 sui
378 827 494 875 conatus
513 813 552 891 est
572 815 690 890 conscia.
1218 828 1222 834 ’

447 990 842 1038 uuuonsrnntro

78 1083 197 1144 Mentis
224 1082 345 1144 edentia
370 1101 408 1144 ex
429 1083 503 1146 ideis
524 1084 685 1161 adequatis
706 1099 738 1146 et
757 1083 952 1162 inadaequatit
974 1083 1162 1146 constituitur
1183 1086 1231 1163 (ut

40 1199 70 1254 in
100 1197 196 1272 Prop.
218 1213 246 1272 3.
267 1194 354 1271 hujus
384 1195 582 1274 ostendimus);
613 1198 748 1272 adeoque
779 1195 850 1272 (per
878 1197 969 1276 Prop.
991 1211 1019 1272 7.
1040 1194 1140 1274 husius)
1171 1211 1229 1256 tam

40 1323 191 1383 quatenus
222 1307 274 1368 hae
305 1325 392 1385 quam
424 1322 571 1383 quatenus
602 1305 665 1368 illas
685 1307 793 1383 habet,
821 1306 852 1369 in
880 1307 933 1369 suo
960 1306 1018 1368 effe
1048 1307 1230 1384 perseverare

40 1433 184 1492 conatur;
216 1416 305 1494 idque
338 1417 412 1496 (per
432 1420 521 1498 Prop.
543 1419 570 1480 8.
593 1416 694 1498 hujus)
726 1417 878 1480 indefiniti
908 1420 1032 1495 quadam
1063 1417 1230 1480 duratione.

40 1529 115 1590 Cum
148 1544 246 1591 autem
273 1531 362 1591 Mens
390 1530 461 1611 (per
480 1531 570 1610 Prop.
592 1547 640 1606 23.
656 1543 688 1610 p.
710 1530 744 1609 2)
773 1547 826 1606 per
846 1529 927 1590 ideas
947 1528 1133 1592 affedtionum
1154 1528 1229 1590 Cor·

39 1641 122 1716 potis
144 1639 303 1702 neceii'ario
326 1639 368 1702 sui
390 1639 425 1702 fit
445 1639 578 1716 conscia,
598 1640 640 1702 est
660 1657 730 1720 ergo
754 1640 827 1718 (per
846 1641 936 1718 Prop.
958 1654 987 1716 7.
1008 1638 1109 1719 hujus)
1140 1641 1229 1702 Mene

39 1751 80 1812 sui
104 1768 235 1814 conatur
257 1752 383 1815 conscia.
426 1755 460 1831 Q.
481 1755 519 1814 E.
540 1755 581 1816 D.

509 1931 763 1974 scuottum.

78 2025 140 2086 Hic
161 2041 305 2100 conatus,
326 2043 391 2086 cum
414 2027 450 2086 ad
471 2026 603 2086 Mentem
625 2025 713 2086 solam
733 2025 873 2099 refertur,
893 2025 1034 2084 Voluntas
1055 2023 1228 2100 appellatur,

43 2137 91 2198 fed
122 2156 189 2198 cum
217 2141 255 2199 ad
281 2139 415 2198 Mentem
443 2152 474 2198 et
502 2135 619 2213 Corpus
646 2136 726 2198 timul
753 2137 887 2212 refertur,
907 2150 1033 2199 vocatur
1053 2135 1230 2212 Appetitur,-

43 2251 92 2326 qui
126 2249 251 2325 proinde
282 2248 355 2310 nihil
385 2249 464 2311 aliud
495 2249 536 2310 est
566 2265 652 2326 quarn
684 2247 746 2326 ipsa
773 2246 901 2308 hominis
928 2245 1065 2322 essentia,
1084 2264 1123 2307 ex
1143 2245 1229 2322 cujus

42 2362 148 2422 nature
169 2379 220 2436 ea,
241 2379 306 2438 quae
328 2359 417 2438 ipstur
439 2359 656 2424 conservationi
678 2358 857 2435 inserviunt,
877 2357 1034 2420 neceiiario
1052 2357 1228 2435 sequuntur;

42 2490 132 2550 atque
163 2474 239 2535 adeo
271 2472 360 2535 homo
393 2476 431 2534 ad
460 2476 560 2535 eadem
596 2475 740 2551 agendum
775 2472 985 2534 determinatur
1021 2470 1071 2531 est.
1111 2468 1227 2531 Deinde

42 2584 115 2646 inter
133 2582 310 2660 Appetitutu
333 2600 363 2647 et
384 2582 586 2659 Cupiditatem
604 2585 682 2645 nulla
702 2584 744 2645 est
764 2581 946 2658 differentia,
967 2582 1020 2643 nifi
1041 2584 1123 2659 quod
1143 2579 1227 2656 cupi·

41 2696 115 2757 ditas
143 2698 182 2757 ad
209 2694 344 2757 homines
372 2696 544 2773 plerumque
573 2695 729 2771 referatur,
757 2710 903 2773 quatenus
924 2693 967 2755 sui
988 2693 1139 2771 appetitus
1160 2691 1228 2754 sunt

41 2808 167 2883 conscii,
194 2823 227 2869 et
253 2823 408 2884 propterea
437 2807 474 2868 fic
500 2806 613 2869 definiri
640 2807 755 2885 potest,
782 2824 887 2883 nempe
910 2806 1063 2883 Cupiditas
1083 2805 1121 2883 est
1139 2822 1226 2882 appe-

40 2924 194 2979 arrestum
214 2918 338 2996 ejusdem
366 2920 546 2997 conscientr'a.
588 2918 710 2981 Oonstat
734 2917 836 2996 itaque
857 2935 894 2980 ex
914 2915 960 2977 hia
981 2914 1134 2990 omnibus,
1154 2913 1227 2976 nihil

39 3050 93 3093 nos
125 3028 245 3105 conati,
275 3030 371 3104 velle,
402 3044 558 3107 appetere,
589 3046 685 3107 neque
717 3047 842 3106 cupere,
874 3026 943 3105 quia
971 3027 1001 3088 id
1029 3029 1139 3088 bonurn
1170 3024 1225 3087 effe

36 3144 219 3221 judicamur3
249 3142 298 3205 sed
327 3157 447 3219 contra,
475 3160 530 3205 noa
558 3158 715 3220 propterea
740 3139 851 3218 aliquid
871 3142 982 3201 bonum
1002 3136 1058 3199 effe
1076 3136 1227 3214 judicate,

40 3256 106 3333 quia
128 3256 160 3318 id
181 3270 335 3331 conamur,
358 3255 511 3331 volumus,
531 3252 711 3331 appetimus,
732 3268 821 3329 atque
842 3249 986 3326 cupimus.

435 3422 763 3487 PROPOSITIO
794 3422 831 3483 X.

77 3556 170 3630 Idea,
199 3570 263 3631 quae
297 3554 434 3629 Corporis
463 3553 554 3631 nostri
583 3552 761 3629 existentiam
785 3549 929 3625 secludit,
955 3551 988 3607 r'n
1006 3547 1103 3627 nostra
1123 3547 1225 3608 Mente

40 3668 106 3726 dari
125 3668 249 3743 nequit,
263 3666 322 3741 sed
337 3666 424 3725 eidem
445 3642 662 3743 est'contrarr'a.

439 3838 832 3885 mnuonstnntto

75 3936 231 4017 Quicquid
259 3936 376 4015 Corpus
406 3937 534 3999 nostrum
562 3935 660 4013 potest
680 3934 841 4011 destruere,
862 3933 892 3994 in
913 3934 1017 3994 eodem
1038 3931 1100 3995 dari
1120 3932 1225 4009 nequit

41 4051 109 4127 (per
128 4046 411 4127 Prop.5.lru1its)‚
443 4050 576 4127 adeoque
607 4064 703 4125 neque
735 4044 800 4122 ejua
827 4044 868 4106 rei
896 4044 962 4107 idea
988 4042 1086 4122 potest
1106 4042 1137 4103 in
1157 4044 1224 4104 Deo

39 4161 113 4237 dari,
135 4176 284 4236 quatenus
306 4158 393 4220 nostri
415 4158 556 4235 Corporis
573 4157 665 4221 ideam
682 4158 772 4219 habet
783 4156 855 4236 (per
866 4157 968 4218 Caroli.
980 4159 1069 4234 Prop.
1079 4174 1109 4234 9.
1116 4175 1148 4233 p.
1159 4157 1218 4236 2.);

39 4274 91 4333 hoc
119 4271 161 4333 cst
192 4270 264 4349 (per
284 4272 373 4347 Prap.
398 4286 443 4332 rr.
463 4284 491 4331 er
514 4287 559 4347 13·
577 4290 607 4347 p.
630 4271 690 4350 u),
719 4270 783 4348 ejus
802 4269 844 4332 rei
864 4268 930 4333 idea
950 4268 980 4331 in
1001 4269 1097 4331 nostra
1117 4270 1223 4330 Mente
