2934 4900
212 324 269 383 ³9⁰
682 312 918 371 Tractatus

252 482 298 541 Ex
328 482 374 543 his
405 484 556 562 omnibus,
588 500 621 546 ut
651 488 768 546 tandem
800 487 837 546 ad
867 485 914 559 id,
945 487 1026 561 quod
1048 483 1242 557 intendimus,
1262 498 1404 545 reverta-

213 610 291 667 mur,
310 592 355 655 hae
376 595 532 672 Scriptura
553 595 668 673 phrases
692 596 851 673 perspicuae
876 598 968 672 fiunt,
992 614 1096 671 nempe
1117 593 1269 673 Propheta
1291 594 1402 672 Spiri-

213 716 260 764 tus
279 708 337 767 Dei
348 707 430 784 suit,
449 710 529 770 Deus
549 711 695 789 Spiritum
709 712 796 787 fuum
816 709 973 769 hominibus
993 708 1120 786 infudit,
1135 706 1257 767 homines
1273 706 1404 785 Spiritu

214 819 286 893 Dei,
306 834 333 879 et
354 819 473 899 Spiritu
492 823 603 898 Saniio,
623 824 725 900 repleti
736 823 825 898 funt,
847 836 905 881 etc.
925 818 1008 881 Nihil
1029 819 1103 879 enim
1116 818 1193 879 aliud
1215 817 1403 896 significant,

214 948 300 1005 quam
320 934 401 1007 quod
421 931 576 1008 Prophetae
596 932 735 994 virtutem
757 932 923 1011 singularem
945 945 975 992 et
996 932 1080 1007 supra
1101 948 1283 991 communem
1303 931 1402 991 habe·

215 1042 324 1116 bant*,
345 1044 485 1119 quodque
511 1043 651 1119 pietatem
672 1042 778 1105 eximia
801 1042 888 1104 animi
906 1042 1067 1104 constantia
1090 1044 1237 1103 colebant.
1257 1041 1404 1115 Deinde,

215 1155 297 1227 quod
327 1154 383 1213 Dei
414 1169 540 1215 mentem
570 1154 628 1217 sive
660 1154 831 1215 sententiam
865 1154 1082 1229 percipiebant;
1105 1152 1280 1213 ostendimus
1301 1153 1405 1227 enim,

216 1265 355 1341 Spiritum
382 1268 526 1328 Hebraice
554 1266 710 1346 significare
739 1282 798 1327 tam
824 1282 949 1327 mentem
972 1284 1058 1341 quam
1079 1266 1184 1325 mentis
1205 1263 1405 1339 sententiam,

216 1394 246 1440 et
266 1378 320 1440 hac
342 1383 377 1441 de
399 1382 484 1441 causa
505 1380 593 1457 ipsam
613 1382 739 1457 Legem,
760 1378 828 1455 quia
845 1378 902 1439 Dei
920 1392 1044 1438 mentem
1064 1377 1401 1453 explicabat,Spiritum

216 1490 275 1551 sive
296 1506 421 1552 mentem
442 1491 498 1553 Dei
519 1491 638 1566 vocari;
660 1507 749 1567 quare
771 1490 874 1565 aequali
893 1489 957 1565 jure
978 1488 1148 1567 imaginatio
1170 1489 1402 1564 Prophetarum,

216 1618 362 1679 quatenus
390 1622 442 1679 per
469 1622 530 1663 eam
551 1603 608 1664 Dei
629 1605 745 1664 decreta
766 1604 989 1676 revelabantur,
1009 1620 1089 1662 mens
1110 1600 1167 1662 Dei
1189 1600 1274 1661 etiam
1295 1598 1401 1663 vocari

217 1729 350 1791 poterat,
370 1714 584 1791 Prophetaeque
605 1731 730 1776 mentem
751 1714 808 1776 Dei
830 1713 958 1775 habuisse
979 1713 1037 1773 dici
1059 1727 1207 1789 poterant.
1234 1712 1274 1771 Et
1295 1730 1400 1789 quam-

216 1826 263 1889 vis
284 1826 373 1887 menti
392 1826 479 1887 etiam
496 1826 598 1887 nostrae
617 1844 697 1887 mens
715 1826 772 1887 Dei
798 1824 917 1901 ejusque
939 1840 1052 1885 aterna
1072 1824 1223 1885 sententia
1251 1824 1399 1899 inscriptae

217 1936 289 2011 sint,
316 1951 347 1996 et
374 1935 587 2013 consequenter
613 1952 738 1997 mentem
767 1935 854 1995 etiam
876 1935 932 1996 Dei
955 1936 1002 2014 (ut
1024 1954 1089 1995 cum
1111 1934 1259 2011 Scriptura
1279 1936 1399 2013 loquar)

217 2047 426 2123 percipiamus;
448 2063 561 2127 tamen,
584 2046 652 2123 quia
673 2046 807 2125 cognitio
829 2046 967 2107 naturalis
990 2046 1125 2105 omnibus
1157 2047 1319 2106 communis
1341 2048 1399 2121 est,
1463 2053 1464 2077 ¹

218 2178 279 2221 oon
300 2160 374 2219 tanti
395 2161 430 2219 ab
451 2159 635 2237 hominibus,
659 2174 691 2219 ut
708 2159 767 2235 jain
790 2158 932 2233 diximus,
953 2158 1120 2234 estimatur,
1141 2173 1170 2219 et
1192 2157 1340 2235 praecipue
1362 2163 1398 2219 ab
1463 2139 1464 2151 ἵ

218 2270 367 2347 Hebraeis,
388 2270 439 2346 qui
459 2271 488 2331 se
508 2271 593 2347 supra
614 2289 715 2331 omnes
736 2268 790 2330 eise
809 2269 974 2345 jattabant,
996 2270 1054 2329 imo
1077 2270 1128 2344 qui
1150 2286 1266 2345 omnes,
1283 2283 1398 2329 etcon·

218 2384 371 2460 sequenter
391 2381 540 2443 scientiam
563 2382 698 2442 omnibus
719 2400 917 2458 communem,
936 2398 1122 2441 contemnere
1145 2380 1286 2442 solebant.
1307 2382 1399 2443 Deni-

218 2513 276 2570 que
296 2495 450 2570 Prophetae
470 2495 527 2556 Dei
549 2495 689 2571 Spiritum
710 2495 818 2555 habere
839 2494 1027 2567 dicebantur,
1057 2493 1123 2570 qnia
1144 2493 1278 2553 homines
1298 2496 1399 2556 causas
1464 2514 1465 2526 ¹

219 2605 401 2681 Propheticae
441 2605 621 2684 cognitionis
660 2606 853 2684 ignorabant,
892 2607 1070 2682 eandemque
1102 2605 1338 2678 admirabantur,
1369 2625 1398 2667 et

219 2730 391 2792 propterea,
421 2731 454 2777 ut
486 2716 597 2793 reliqua
629 2731 783 2792 portenta,
814 2715 902 2790 ipsam
934 2719 970 2776 ad
1001 2717 1096 2776 Deum
1128 2717 1249 2792 referre,
1282 2717 1398 2794 Deique

218 2826 417 2906 cognitionem
438 2846 544 2890 vocare
566 2827 706 2887 solebant.

257 2939 408 3000 Possumus
436 2939 495 3016 jam
529 2939 617 3018 igitur
647 2939 705 2998 fine
738 2939 873 3015 scrupulo
903 2939 1056 3015 affirmare,
1082 2940 1244 3016 Prophetas
1265 2960 1324 3002 non
1346 2943 1395 3004 nisi

219 3069 276 3127 ope
296 3050 512 3130 imaginationis
532 3050 589 3112 Dei
610 3051 738 3111 revelata
761 3051 933 3127 percepisse,
954 3051 1012 3110 hoc
1034 3051 1074 3111 est
1094 3053 1290 3114 mediantibus
1300 3057 1396 3116 verbis

217 3163 266 3224 vel
293 3161 483 3240 imaginibus,
510 3160 602 3237 iisque
630 3162 707 3223 veris
738 3179 790 3224 aut
817 3162 1000 3241 imaginariis.
1041 3165 1134 3239 Nam,
1159 3183 1223 3225 cum
1246 3168 1322 3226 nulla
1343 3168 1394 3227 alia

218 3272 311 3331 media
332 3271 361 3331 in
383 3271 531 3347 Scriptura
552 3289 656 3349 practer
677 3272 738 3332 haec
761 3274 954 3349 reperiamus,
980 3277 1056 3334 nulla
1079 3275 1165 3335 etiam
1186 3276 1257 3351 alia,
1283 3292 1316 3337 ut
1337 3278 1394 3353 jam

219 3380 416 3458 ostendimus,
440 3382 526 3442 nobis
554 3383 662 3462 fingere
690 3383 769 3443 iicet.
811 3384 928 3466 Quibus
957 3399 1054 3445 autem
1079 3387 1199 3445 Naturae
1226 3386 1339 3464 legibus
1366 3389 1393 3450 id

218 3495 324 3554 fastum
345 3492 450 3568 fuerit,
470 3495 566 3554 fateor
587 3513 631 3554 me
654 3494 795 3573 ignorare.
817 3495 973 3556 Potuiiscm
995 3496 1129 3573 quidem,
1151 3511 1184 3556 ut
1205 3497 1269 3572 alii,
1291 3497 1393 3575 dicere,

218 3621 270 3678 per
289 3603 346 3663 Dei
368 3603 531 3679 potentiam
552 3607 658 3667 factum
680 3606 778 3684 suisse;
801 3623 926 3668 attamen
949 3607 1053 3686 garrire
1075 3606 1197 3668 viderer.
1224 3610 1299 3668 Nam
1320 3609 1392 3670 idem

218 3714 305 3790 esset,
344 3734 377 3774 ac
407 3715 427 3774 sr
466 3717 588 3778 termino
628 3719 727 3794 aliquo
764 3719 1005 3780 transcendentali
1044 3719 1164 3779 formam
1203 3718 1325 3796 alicujus
1353 3721 1390 3780 rei
1464 3757 1465 3762 κ

219 3824 365 3904 singularis
386 3827 473 3889 velim
495 3829 648 3904 explicare.
669 3830 774 3890 Omnia
796 3830 871 3890 enim
893 3850 944 3906 per
964 3829 1020 3890 Dei
1042 3829 1203 3905 potentiam
1225 3832 1299 3892 facia
1320 3832 1390 3892 sunt.

218 3939 280 3998 lmo
309 3938 376 4014 quia
404 3941 524 4000 Natura
553 3942 688 4017 potentia
716 3944 792 4002 nulia
814 3941 854 4002 est
881 3941 931 4001 nisi
953 3940 1012 4016 ipsa
1035 3941 1091 4002 Dei
1113 3941 1264 4017 potentia,
1286 3958 1388 4003 certum

219 4049 275 4124 est,
305 4067 360 4109 nos
392 4066 512 4111 eatenus
542 4051 598 4112 Dei
629 4054 792 4128 potentiam
824 4071 883 4113 non
915 4053 1092 4131 intelligere,
1123 4067 1268 4129 qnatenus
1296 4054 1387 4114 causas

252 4301 265 4325 ⁸
300 4294 341 4346 Cf.
357 4297 454 4344 Annot.
473 4297 518 4344 ΙΙΙ.
