2934 4900
223 345 283 409 444
700 332 938 393 Tractatus

223 522 255 567 et
274 522 377 568 contra
398 507 585 583 opinionem,
606 526 692 584 quana
714 527 751 569 ex
773 508 985 570 consuetudine
1008 512 1044 571 de
1065 511 1178 571 Natura
1205 509 1319 585 habet,
1343 528 1416 569 con-

222 620 334 699 tingere
356 621 454 696 videt;
474 619 630 696 prasertim
649 618 669 679 sl
688 620 719 680 id
736 620 766 680 in
785 618 848 697 ejus
869 622 980 681 lucrum
1003 636 1054 682 aut
1076 623 1261 682 commodum
1281 620 1417 695 cell'en't;

224 746 255 791 et
276 750 312 791 ex
334 733 412 793 nulla
433 750 463 792 re
484 732 589 793 clarius
611 731 794 793 existentiam
816 732 872 793 Dei
894 731 1010 809 proban’
1033 731 1113 807 posse
1135 732 1301 805 existimat,
1327 752 1415 809 quam

225 862 262 904 ex
293 862 348 919 eo,
379 847 461 921 quod
489 846 620 919 Natura,
651 859 685 906 ut
718 860 842 921 putant,
869 844 951 905 strum
981 844 1110 905 ordinem
1138 863 1199 905 non
1220 844 1333 907 servet.
1378 846 1416 903 Et

225 971 381 1032 propterea
406 956 473 1017 illos
501 975 602 1018 omnes
630 958 743 1033 Deum,
771 973 822 1020 aut
845 956 945 1018 saltem
971 958 1028 1019 Dei
1051 957 1285 1033 providentiam,
1309 960 1417 1018 tollere

226 1084 346 1144 putant,
367 1069 419 1145 qui
439 1087 484 1129 res
500 1084 530 1129 et
548 1068 683 1129 miracula
702 1086 754 1145 per
774 1069 874 1131 causas
896 1070 1042 1130 naturales
1064 1069 1227 1145 explicant,
1249 1084 1303 1130 aut
1327 1070 1418 1130 intel·

224 1180 312 1259 ligere
333 1179 458 1242 student.
479 1181 653 1241 Existimant
675 1181 799 1255 scilicet,
820 1184 914 1241 Deum
936 1182 1048 1242 tamdiu
1066 1181 1137 1242 nihil
1155 1200 1253 1261 agere,
1268 1182 1419 1258 quamdiu

224 1294 337 1353 Natura
364 1292 453 1353 solito
482 1293 584 1355 ordine
613 1293 689 1371 agit,
717 1309 746 1354 et
776 1308 894 1367 contra,
924 1294 1086 1369 potentiam
1114 1296 1235 1355 Natura
1257 1308 1287 1354 et
1313 1294 1418 1355 causas

225 1404 371 1464 naturales
393 1404 504 1465 tamdiu
521 1403 579 1465 else
597 1403 721 1480 otiosas,
741 1406 880 1481 quamdiu
897 1407 978 1467 Deus
998 1406 1071 1483 aglt;
1090 1408 1162 1467 duas
1180 1406 1281 1481 itaque
1302 1420 1416 1481 poten·

224 1516 281 1577 tias
302 1534 423 1577 numero
443 1520 480 1578 ab
500 1517 627 1581 invicem
648 1518 795 1580 distinslas
817 1519 1021 1597 imaginantur,
1042 1518 1152 1579 scilicet
1175 1520 1345 1595 potentiam
1358 1520 1416 1580 Dei

225 1644 255 1690 et
277 1630 440 1707 potentiam
468 1650 561 1693 rerum
589 1630 780 1707 naturalium,
802 1650 818 1690 a
839 1632 905 1691 Deo
933 1647 1030 1691 tamen
1057 1647 1139 1692 certo
1160 1634 1250 1692 modo
1273 1632 1415 1693 determi-

226 1758 339 1819 natam,
367 1746 415 1805 vel
443 1743 491 1820 (ut
520 1742 652 1819 plerique
672 1742 764 1822 magis
784 1742 929 1804 hodierno
950 1756 1084 1819 tempore
1106 1742 1251 1821 sentiunt)
1272 1759 1415 1803 creatam.

225 1857 307 1938 Quid
327 1870 425 1917 autem
446 1874 497 1932 per
517 1872 684 1932 utramque,
702 1870 732 1915 et
750 1854 821 1931 quid
839 1873 892 1930 per
908 1856 1002 1916 Deum
1021 1870 1052 1915 et
1069 1856 1211 1917 Naturam
1230 1855 1414 1935 intelligant,

226 1968 360 2029 nesciunt
391 1967 476 2043 sane,
507 1967 559 2027 nist
590 1970 673 2043 quod
703 1968 760 2028 Dei
793 1966 955 2041 potentiam
978 1982 1115 2041 tanquam
1137 1966 1238 2045 Regiae
1260 1966 1414 2042 cujusdam

226 2080 382 2157 majestatis
403 2079 553 2155 imperium
561 2124 570 2154 ,
591 2080 713 2139 Naturae
736 2092 832 2139 autem
854 2092 993 2153 tanquam
1016 2078 1074 2139 vim
1096 2094 1126 2139 et
1147 2079 1286 2154 impetum
1310 2078 1414 2157 imagi·

225 2206 340 2252 nentur.
381 2193 497 2269 Vulgus
528 2191 628 2267 itaque
661 2208 750 2266 opera
780 2192 902 2251 Naturae
933 2190 1049 2251 insolita
1070 2207 1161 2253 vocat
1192 2191 1329 2253 miracula
1351 2194 1414 2253 save

226 2304 282 2363 Dei
304 2322 410 2379 opera,
430 2320 461 2364 et
482 2303 587 2380 partim
609 2322 646 2363 ex
668 2302 845 2377 devotione,
866 2303 971 2379 partim
994 2320 1030 2363 ex
1052 2304 1215 2379 cupiditate
1237 2305 1413 2366 adversandi

226 2414 278 2491 iis,
310 2414 360 2492 qui
392 2414 528 2477 scientias
558 2416 705 2477 naturales
736 2416 856 2491 colunt,
884 2432 977 2477 rerum
1005 2416 1105 2478 causas
1134 2418 1278 2478 naturales
1300 2417 1413 2478 nescire

226 2528 325 2604 cupit,
357 2543 387 2589 et
418 2547 452 2589 ea
482 2542 596 2590 tantum
629 2528 727 2589 audire
759 2527 859 2606 gellis,
892 2545 956 2604 quae
987 2528 1109 2589 maxime
1130 2528 1263 2608 ignorat,
1285 2547 1412 2606 quaeque

226 2654 380 2715 propterea
402 2639 525 2700 maxime
548 2638 712 2701 admiratur.
754 2639 920 2716 Videlicet,
941 2639 1009 2716 quia
1030 2642 1108 2701 nulla
1130 2641 1184 2702 alia
1205 2641 1336 2717 ratione,
1358 2641 1410 2701 nist

227 2752 327 2812 causas
348 2755 494 2814 naturales
516 2753 666 2827 tollendo,
688 2751 790 2828 resque
812 2765 895 2812 extra
917 2754 1038 2813 Naturae
1060 2753 1191 2814 ordinem
1213 2753 1410 2832 imaginando,

226 2865 321 2925 Deum
353 2867 489 2940 adorare,
520 2863 676 2940 omniaque
707 2867 743 2925 ad
775 2863 839 2940 ejus
870 2864 1023 2940 imperium
1046 2880 1075 2925 et
1098 2866 1281 2927 voluntatem
1303 2866 1409 2926 reserre

226 2975 340 3054 potest,
371 2993 425 3036 nec
456 2975 512 3037 Dei
544 2975 708 3052 potentiam
739 2975 829 3054 magis
861 2976 1035 3053 admiratur,
1067 2975 1119 3036 nist
1147 2979 1215 3038 dum
1243 2977 1406 3052 potentiam
1446 2983 1447 3004 ³

226 3092 347 3151 Naturae
369 3107 385 3148 a
406 3091 472 3150 Deo
505 3088 584 3164 quast
615 3087 760 3150 subactam
792 3088 974 3167 imaginatur.
1015 3089 1105 3169 Quod
1127 3089 1244 3164 quidem
1267 3089 1406 3168 originem

146 3278 150 3286 Ι
227 3200 339 3263 duxisse
361 3201 478 3264 videtur
497 3221 513 3261 a
535 3199 635 3276 primis
655 3200 783 3281 Judaeis,
805 3200 872 3276 qui,
895 3215 926 3260 ut
948 3199 1093 3260 Ethnicos
1115 3199 1157 3260 sui
1179 3200 1335 3276 temporis,
1356 3203 1405 3278 qui

226 3315 309 3375 Deos
329 3312 456 3375 visibiles
477 3315 656 3388 adorabant,
677 3312 817 3375 videlicet
839 3313 952 3387 Solem,
974 3314 1103 3387 Lunam,
1123 3313 1260 3386 Terram,
1278 3314 1404 3388 Aquam,

227 3427 353 3499 Asrem,
374 3440 448 3498 etc.,
469 3425 697 3498 convincerent,
720 3424 812 3500 iisque
834 3425 1038 3498 ostenderent,
1058 3426 1139 3485 Deos
1161 3425 1229 3485 illos
1250 3424 1403 3484 imbecilles

227 3551 258 3596 et
285 3536 499 3611 inconstantes,
527 3534 585 3598 slve
614 3537 785 3612 mutabiles,
814 3553 843 3596 et
869 3534 922 3597 sub
945 3536 1066 3611 imperio
1088 3535 1144 3596 Dei
1166 3535 1316 3598 invisibilis
1337 3535 1402 3610 elle,
1446 3575 1447 3580 κ

227 3647 362 3709 miracula
384 3647 435 3708 sua
456 3650 626 3723 narrabant,
655 3649 763 3724 quibus
784 3648 901 3724 insuper
923 3651 1106 3709 conabantur
1125 3647 1293 3722 ostendere,
1314 3663 1401 3708 totam
1446 3693 1447 3724 ,

227 3763 369 3821 Naturam
399 3779 434 3821 ex
463 3761 535 3835 Dei,
563 3777 649 3836 quem
676 3762 855 3836 adorabant,
875 3760 998 3836 imperio
1020 3761 1049 3820 in
1072 3777 1172 3821 eorum
1193 3775 1307 3820 tantum
1327 3779 1400 3820 com·
1446 3747 1447 3752 ἵ

229 3875 346 3933 modum
368 3872 467 3950 dirigi,
488 3874 570 3949 quod
592 3872 709 3948 quidem
730 3871 900 3932 hominibus
921 3875 995 3934 adeo
1017 3871 1122 3945 arrisit,
1143 3887 1175 3932 ut
1197 3871 1227 3932 in
1248 3873 1400 3948 hocusque

229 4000 344 4061 tempus
365 3986 499 4045 miracula
520 3986 629 4064 fingere
649 4003 709 4046 non
731 3983 919 4059 cessaverint,
940 4001 974 4046 ut
996 3983 1047 4060 ipss
1069 3987 1135 4044 Deo
1157 3984 1321 4046 diledliores
1340 3985 1398 4045 reli-

230 4097 313 4174 quis,
334 4097 477 4172 causaque
497 4096 605 4171 finalis,
627 4113 747 4173 propter
768 4115 853 4173 quam
875 4098 956 4157 Deus
978 4095 1074 4157 omnia
1092 4097 1204 4158 creavit
1219 4113 1248 4158 et
1263 4097 1398 4158 continuo

229 4209 345 4288 dirigit,
365 4212 560 4270 crederentur.
591 4208 672 4289 Quid
694 4208 746 4268 srbi
769 4208 850 4288 vulgi
871 4208 993 4269 stultitia
1016 4227 1075 4268 non
1098 4223 1230 4287 arrogat,
1251 4213 1331 4285 quod
1350 4229 1397 4271 nec

230 4325 267 4388 de
294 4323 378 4396 Deo,
406 4339 460 4383 nec
489 4323 525 4381 de
552 4323 665 4384 Natura
689 4323 779 4384 ullum
801 4321 899 4384 sanum
920 4321 1009 4381 habet
1030 4336 1225 4398 conceptum,
1247 4325 1327 4398 quod
1347 4325 1395 4384 Dei
