2934 4900
321 315 810 396 Theologieo·Politici
845 316 918 393 Cap.
939 317 1021 377 XIV.
1202 328 1261 394 539

80 513 113 556 re
142 494 210 558 vide
237 507 334 555 totum
361 493 449 570 hujus
478 491 614 570 Apostoli
641 491 808 568 praerieum
835 504 935 568 caput.
955 492 993 552 Π.
1014 489 1159 568 sequitur,
1180 493 1262 567 quod

81 607 124 684 is,
155 607 206 684 qui
235 623 305 668 vete
335 607 377 667 est
407 605 566 682 obediens,
597 603 754 666 neceffario
785 623 882 665 veram
909 619 940 664 et
967 603 1142 664 salutiferam
1172 601 1261 664 habet
1315 589 1321 604 ’

80 721 186 795 lidem3
216 717 386 781 obedientia
415 716 490 778 enim
521 713 631 792 politi,
663 729 694 778 et
723 717 809 778 fidem
841 714 998 776 neceliario
1026 713 1099 790 poni
1119 713 1262 788 diximum

81 831 272 908 quodetiam
293 831 369 893 idem
389 827 550 906 Apostolus
577 845 641 904 cap.
661 845 690 888 2.
710 827 753 890 vs.
778 828 824 888 18.
845 825 973 903 expretre
994 825 1053 902 ait,
1073 844 1178 902 nempe
1197 825 1262 898 hie,

80 945 189 1016 oliende
218 941 291 1003 milii
316 943 402 1022 fidem
431 957 510 1001 tuam
538 940 646 1018 absque
675 939 824 1019 operibus,
851 955 880 999 et
906 957 955 1014 ego
982 938 1121 1016 ostendam
1147 938 1203 998 tibi
1226 957 1263 996 etr

79 1055 215 1136 operibus
230 1057 298 1114 meis
315 1054 399 1132 fidem
418 1071 516 1120 meam.
536 1052 576 1112 Et
596 1051 747 1131 Johenner
766 1051 796 1111 in
816 1051 908 1126 Epist.
923 1067 948 1112 r.
969 1068 1074 1130 crp.4.
1093 1051 1167 1113 vers.
1179 1051 1263 1126 7,8.,

82 1168 216 1246 quisquis
235 1168 335 1244 diligit
355 1165 480 1245 (scilicet
502 1163 697 1242 proximum),
718 1183 755 1222 ex
773 1164 834 1225 Deo
853 1177 940 1224 natus
959 1164 1007 1242 est,
1022 1179 1052 1223 et
1067 1163 1262 1235 novitDeuou

83 1284 136 1358 qui
154 1299 208 1339 non
228 1281 345 1355 diligit,
364 1299 419 1338 non
438 1281 520 1338 novit
539 1279 644 1350 Deum,·
662 1295 730 1337 noto
750 1278 829 1338 Deus
849 1277 887 1355 est
908 1275 1061 1338 Charitas.
1086 1275 1134 1336 Ex
1153 1275 1262 1352 quibus

82 1391 188 1453 iterum
215 1391 363 1468 sequitur,
390 1407 445 1451 not
472 1388 615 1450 neminem
639 1389 772 1466 iudicare
798 1387 879 1464 poue
905 1389 1018 1450 fidelem
1046 1402 1098 1449 aut
1117 1387 1261 1448 infidelem

84 1499 157 1576 effe,
177 1498 229 1560 niss
250 1517 287 1560 ex
308 1498 457 1575 operibus.
497 1499 612 1574 Nempe
633 1497 654 1557 st
675 1515 764 1573 opera
785 1500 864 1560 bona
885 1497 969 1574 sunt,
990 1497 1124 1574 quamvis
1142 1501 1262 1576 dogma·

82 1611 165 1672 tibur
196 1613 233 1670 ab
264 1609 326 1672 aliis
357 1609 493 1672 fidelibus
523 1609 686 1685 dissentiat,
715 1609 809 1672 fidelis
839 1625 936 1672 tamen
964 1609 1021 1687 est;
1046 1624 1078 1670 et
1104 1608 1265 1684 conttt,i1

84 1725 157 1785 mala
178 1722 262 1800 sunt,
282 1722 416 1800 quamvis
437 1723 536 1785 verbis
557 1722 732 1798 conveniat,
753 1721 879 1785 infidelit
899 1738 996 1785 tamen
1016 1722 1067 1782 est.
1088 1720 1266 1784 obedientii

84 1836 162 1898 enim
183 1835 277 1912 poma
296 1835 369 1898 fides
388 1834 546 1896 neceffario
566 1834 697 1911 ponitur,
716 1849 747 1895 et
767 1835 840 1896 fidet
861 1833 969 1910 absque
990 1833 1130 1910 operibus
1149 1847 1265 1897 mortua

85 1949 135 2010 est.
176 1949 266 2029 Quod
297 1947 384 2008 etiam
415 1947 491 2008 idem
521 1946 672 2026 Johannes
703 1946 777 2010 vers.
807 1961 853 2024 13.
883 1946 1010 2023 ejusdem
1040 1965 1104 2023 cap.
1136 1945 1265 2022 expteffe

84 2062 184 2121 ducet.
225 2061 285 2120 Per
309 2057 375 2136 lroc,
402 2059 517 2135 inquit,
543 2061 741 2136 cognoscimus,
768 2061 845 2135 quod
866 2062 898 2116 in
925 2079 954 2118 eo
980 2073 1132 2133 manemus,
1155 2057 1266 2135 etipse

84 2185 180 2232 manet
205 2175 238 2232 io
265 2171 362 2246 nobis,
388 2171 514 2248 quotide
534 2171 649 2250 Spiritu
663 2172 718 2248 suo
740 2171 818 2230 dedit
836 2171 931 2246 nobis,
950 2188 1055 2246 nempe
1074 2168 1264 2233 charitatem.

83 2282 209 2344 Dixerat
236 2281 312 2344 enim
340 2297 441 2357 antea,
468 2283 564 2344 Deum
592 2279 648 2342 elle
676 2280 874 2357 Charitatem,
902 2285 980 2344 unde
1004 2282 1056 2361 (ex
1077 2281 1136 2345 suit
1156 2280 1266 2342 scilieet

84 2411 149 2457 tum
167 2393 294 2472 receptis
314 2392 479 2473 principiis)
501 2392 671 2468 concludit,
698 2413 763 2455 eum
784 2412 884 2458 revera
903 2393 1044 2472 Spiritum
1064 2394 1121 2457 Dei
1140 2395 1265 2469 habere,

84 2509 138 2587 qui
158 2508 336 2569 charitatem
355 2508 454 2569 habet.
482 2508 561 2584 lmo,
582 2507 651 2584 quia
672 2526 758 2569 nemo
778 2509 874 2570 Deum
895 2508 989 2583 vidit,
1007 2509 1076 2569 inde
1097 2506 1265 2582 concludit,

83 2621 228 2683 neminem
247 2622 343 2683 Deum
363 2620 468 2682 sentire
490 2610 538 2683 vel
559 2620 806 2695 animadvertere,
826 2619 878 2681 niu
898 2638 937 2681 ex
957 2621 1018 2682 solt
1038 2620 1265 2698 Charitateerga

84 2733 267 2811 proximum
289 2748 377 2810 etque
399 2734 474 2795 adeo
495 2732 638 2793 neminem
660 2732 848 2818 etiamaoliud
867 2733 925 2793 Dei
945 2732 1119 2794 attributum
1146 2730 1266 2793 noscere

84 2843 181 2922 polle,
211 2858 316 2920 prreter
345 2844 421 2905 hanc
451 2843 648 2919 charitatem,
678 2860 824 2921 quatenus
855 2847 892 2905 de
922 2846 1022 2905 eadem
1049 2842 1265 2919 participamur.

84 2958 159 3038 Quae
182 2958 299 3034 quidem
320 2956 450 3017 rationes
471 2956 492 3017 li
513 2974 574 3019 non
603 2956 786 3032 peremtoria
807 2956 890 3031 sunt,
910 2955 980 3017 satis
1000 2969 1096 3017 tamen
1116 2955 1191 3017 clare
1211 2956 1229 3035 J
1251 2987 1264 3001 ·

84 3066 188 3129 hannis
215 3082 341 3130 mentem
370 3068 534 3144 explicant;
563 3066 612 3129 sed
640 3068 726 3146 longe
754 3066 874 3140 clarior,
902 3086 967 3144 quae
987 3066 1132 3128 habentur
1150 3083 1215 3141 cap.
1235 3082 1264 3125 2.

83 3179 159 3241 vers.
180 3196 216 3255 3,
235 3199 264 3257 4.
285 3177 412 3255 ejusdem
443 3178 552 3256 Epist„
584 3178 635 3239 ubi
667 3178 870 3255 expreffissimit
900 3177 998 3241 verbio
1028 3178 1074 3254 id,
1106 3178 1188 3253 quod
1217 3174 1265 3235 hic

82 3292 238 3367 volumus,
265 3292 363 3351 docet.
403 3292 445 3351 Et
467 3304 523 3370 per
549 3290 616 3367 hoo,
637 3290 753 3367 inquit,
766 3289 893 3367 seimus,
913 3294 988 3367 quod
1006 3291 1102 3369 ipsum
1120 3308 1266 3364 nouimus,

77 3404 107 3482 st
123 3414 269 3483 precepto
288 3402 375 3482 ipfius
396 3403 589 3480 observamus.
630 3405 686 3480 Qui
705 3405 793 3478 dicit,
812 3406 881 3463 novi
899 3422 977 3478 eum,
998 3416 1026 3463 et
1041 3414 1187 3482 precepta
1206 3402 1267 3477 ejus

82 3534 140 3575 non
165 3515 317 3592 observat,
343 3517 466 3575 mendox
492 3516 539 3592 esi,
569 3528 596 3575 et
622 3519 655 3575 in
681 3535 710 3575 eo
738 3535 792 3575 noo
820 3516 858 3593 est
876 3520 1000 3576 veritos.
1042 3516 1142 3591 Atque
1162 3532 1200 3574 ex
1220 3513 1266 3573 his

83 3626 190 3687 iterum
211 3626 358 3703 sequitur,
379 3644 431 3687 eos
452 3643 552 3688 revera
573 3626 770 3688 Antichristos
791 3626 864 3734 ‘offe'
884 3627 936 3704 qui
956 3626 1038 3689 viros
1057 3626 1214 3699 honestos,
1234 3640 1265 3685 et

83 3737 137 3815 qui
164 3736 308 3818 Justitiam
333 3753 446 3813 amant,
475 3737 689 3815 persequuntur
696 3783 706 3814 ,
735 3755 890 3814 propterea
911 3741 993 3815 quod
1015 3740 1050 3798 ab
1071 3737 1139 3814 ipsu
1160 3736 1264 3798 diffen-

83 3849 182 3924 tiunt,
210 3862 240 3910 tt
268 3866 333 3909 cum
362 3848 429 3925 ipfis
449 3852 549 3911 eadem
568 3848 637 3910 fidei
658 3852 795 3929 dogmata
814 3868 875 3911 non
896 3852 1069 3912 defendunt.
1108 3847 1169 3930 Qui
1190 3846 1265 3907 enim

82 3958 228 4044 justitiam
240 3960 459 4022 etCharitatem
480 3978 594 4039 amant,
615 3980 668 4023 eos
689 3980 741 4038 per
760 3963 818 4024 hoc
841 3962 933 4024 solum
953 3962 1054 4023 fideles
1074 3961 1130 4023 esse
1151 3958 1266 4035 scimut3

84 4087 116 4133 et
137 4070 188 4149 qui
208 4072 307 4135 fideles
329 4055 526 4149 persequitur,
547 4072 742 4135 Antichristus
762 4073 812 4134 eli
843 4073 981 4150 Sequitur
1001 4072 1144 4151 denique,
1165 4070 1265 4133 Fidem

83 4201 145 4246 non
175 4199 232 4245 tam
260 4185 405 4261 requirere
426 4202 495 4249 veta
517 4204 602 4261 quam
622 4184 672 4263 pia
692 4188 849 4265 dogmata,
868 4186 926 4247 hoc
947 4185 988 4246 est
1007 4184 1093 4261 talia,
1114 4202 1179 4261 quae
1200 4182 1262 4243 ani·

0 4369 2 4384 ‚
84 4314 161 4362 mum
184 4298 220 4361 ad
242 4296 440 4365 obedientiam
461 4312 600 4380 movent,
621 4297 732 4360 tametsi
753 4298 829 4363 inter
845 4316 881 4359 ea
897 4297 1017 4375 plurima
1034 4296 1107 4374 srnt,
1124 4314 1189 4376 quae
1207 4314 1262 4369 nec
