2934 4900
541 340 679 431 Caput
709 342 762 415 IV.
1185 361 1239 431 301

64 548 114 588 una
142 528 267 589 tollitur.
307 527 423 591 Civitas
451 528 569 605 itaque,
598 544 631 589 ιιι
658 527 700 589 sui
726 526 802 603 juris
828 525 880 600 srt,
902 542 999 588 metus
1020 528 1242 590 et‘reverentiae

63 638 154 699 causas
180 640 294 703 servare
323 655 457 715 tenetur,
485 640 555 701 alias
584 639 700 701 Civitas
729 638 783 699 elie
812 638 926 700 definit.
967 640 1043 700 Nam
1071 638 1107 699 iis
1128 641 1175 702 vel
1196 640 1242 714 ei,

63 754 107 826 qni
133 753 284 828 imperium
312 768 412 827 terret,
438 770 521 829 aeque
551 752 719 828 impolsrbile
750 752 809 827 est,
838 753 949 813 ebrium
972 770 1023 815 aut
1046 757 1156 815 nudnm
1177 774 1243 815 cum

64 864 156 925 scortis
189 882 243 941 per
271 866 383 941 plateas
413 882 542 938 currere,
573 864 740 924 histrionem
773 882 875 942 agere,
905 866 985 943 leges
1012 868 1048 925 ab
1078 866 1141 941 ipso
1169 868 1243 927 latas

62 993 152 1050 aperte
180 977 292 1039 violare
319 977 370 1037 seu
398 992 604 1050 contemnere,
631 991 662 1036 et
690 994 755 1036 curn
785 975 831 1035 his
860 975 1036 1052 majestatem
1058 978 1188 1055 servare,
1209 998 1243 1039 ac

63 1087 224 1163 impollibile
256 1089 313 1164 est,
342 1088 422 1148 fimul
452 1088 508 1149 else
541 1104 570 1149 ct
603 1106 663 1147 non
697 1085 771 1163 elle;
792 1086 927 1147 subditos
949 1088 1055 1149 deinde
1077 1090 1242 1167 trucidare,

63 1198 191 1277 spoliare,
224 1200 353 1279 virgines
384 1218 501 1275 rapere,
535 1214 564 1259 et
597 1197 712 1274 similia,
745 1213 854 1258 metum
883 1198 913 1257 in
943 1198 1191 1277 indignationem,
1212 1216 1242 1261 et

63 1312 269 1389 consequenter
288 1313 392 1374 statum
413 1311 529 1373 civilem
550 1310 579 1371 in
602 1310 706 1371 statum
728 1308 900 1369 hostilitatis
922 1325 1051 1372 vertunt.

96 1426 119 1505 ξ.
141 1427 180 1487 V.
222 1425 366 1487 Videmus
397 1424 518 1501 itaque,
550 1440 610 1499 quo
642 1420 725 1483 sensu
758 1422 854 1482 dicere
887 1421 1050 1499 pollemus,
1081 1422 1241 1487 Civitatem

63 1538 164 1615 legibus
196 1538 309 1613 teneri,
340 1553 370 1598 et
401 1554 522 1614 peccare
553 1533 643 1611 polle.
684 1536 794 1595 Verum
815 1534 836 1594 fi
858 1553 910 1610 per
929 1537 1020 1613 legem
1047 1535 1242 1614 intelligamus

63 1650 107 1725 Jus
127 1652 243 1727 Civile,
265 1654 346 1727 quod
375 1648 439 1725 ipso
467 1650 536 1729 Jure
566 1646 647 1711 civili
669 1646 811 1709 vindicari
831 1646 946 1723 potest,
966 1663 996 1708 et
1017 1664 1170 1723 peccatum
1191 1648 1238 1725 id,

63 1766 133 1835 quod
160 1764 233 1843 Jure
261 1761 342 1825 civili
370 1761 431 1821 fieri
459 1760 649 1836 prohibetur,
675 1759 733 1819 hoc
764 1759 805 1819 est
832 1758 936 1819 srlraec
965 1761 1082 1820 nomina
1111 1760 1241 1839 genuino

64 1872 135 1935 sensu
165 1876 334 1949 sumantur,
364 1874 442 1935 nulla
473 1872 589 1933 tatione
621 1870 716 1932 dicere
749 1870 917 1947 pollumus,
947 1871 1109 1934 Civitatem
1129 1874 1242 1951 legibus

64 1988 212 2051 adstrictam
242 1986 314 2063 else,
343 2002 395 2048 aut
423 1983 504 2063 polle
533 2002 663 2061 peccare.
704 1985 780 2044 Nam
801 1984 907 2061 regulae
929 1998 959 2043 ct
982 1983 1074 2045 cause
1095 1999 1190 2045 metus
1211 1999 1241 2045 et

62 2102 243 2177 rcncrentiae,
273 2118 346 2177 quas
376 2098 492 2163 Civitas
524 2099 566 2159 sui
599 2097 683 2158 causa
716 2097 830 2159 servare
862 2112 997 2173 terretur,
1026 2116 1086 2159 non
1115 2099 1152 2158 ad
1172 2099 1241 2177 Jura

63 2212 166 2289 civilia,
184 2216 236 2275 sed
254 2215 290 2274 ad
307 2215 360 2294 Jus
380 2213 509 2273 naturale
528 2210 671 2286 spectant,
691 2209 930 2286 qnandoquidem
943 2210 1014 2288 (per
1025 2210 1095 2270 Art.
1102 2210 1241 2289 praeced.)

63 2342 114 2385 non
140 2328 211 2406 Jure
241 2325 339 2401 civili,
368 2324 416 2386 sed
442 2325 511 2404 Jure
540 2322 609 2383 belli
638 2322 781 2385 vindicari
810 2320 945 2399 poffunt,
972 2337 1002 2383 et
1024 2322 1141 2385 Civitas
1162 2314 1240 2383 nuda

63 2438 108 2498 alia
137 2440 252 2502 ratione
284 2437 384 2500 iisdem
415 2453 551 2512 tenetur,
583 2455 668 2514 quam
700 2434 790 2497 homo
821 2435 850 2496 in
878 2434 954 2497 statu
981 2435 1122 2511 naturali,
1143 2450 1176 2496 ut
1197 2433 1240 2496 sui

60 2549 123 2624 juris
143 2555 200 2615 else
222 2554 325 2630 polilt,
353 2551 412 2615 live
434 2569 470 2612 ne
492 2549 544 2610 libi
566 2549 656 2611 hostis
678 2549 729 2626 srt,
759 2568 862 2612 cavere
884 2565 1017 2624 tenetur,
1039 2568 1075 2609 ne
1097 2548 1125 2608 se
1148 2549 1239 2625 ipsum

62 2661 224 2740 interficia13
257 2683 322 2742 quae
353 2663 421 2724 sane
452 2662 553 2724 cautio
587 2680 647 2722 non
680 2661 869 2739 obsequium,
899 2661 947 2722 sed
975 2662 1107 2722 humanae
1128 2677 1239 2721 naturae

61 2774 167 2838 libertas
190 2778 241 2838 est.
281 2778 323 2837 At
343 2777 413 2856 Jura
434 2774 532 2838 civilia
554 2777 685 2850 pendent
707 2793 722 2834 a
745 2772 808 2834 solo
830 2773 971 2835 Civitatis
991 2776 1129 2847 decreto,
1151 2788 1240 2849 atque

62 2886 115 2948 lac
136 2888 246 2952 nemini
267 2889 318 2949 nisr
339 2886 405 2964 lrbi,
427 2901 461 2948 ut
483 2885 593 2947 scilicet
614 2886 703 2947 libera
726 2902 856 2961 maneat,
873 2903 981 2946 morem
999 2903 1096 2964 gerere
1115 2901 1242 2959 tenetur,

63 3017 109 3060 nec
135 3003 215 3064 aliud
243 3003 354 3062 bonum
376 3015 427 3062 aut
449 3001 552 3061 malunt
580 2999 703 3075 habere,
725 2998 776 3059 nist
799 3001 881 3075 quod
902 2997 964 3074 ipsa
984 2997 1036 3058 libi
1057 3000 1167 3059 bonum
1189 3013 1240 3059 aut

63 3115 156 3176 nalum
191 3114 246 3176 esse
279 3113 425 3190 decernit;
458 3131 491 3174 ac
523 3111 647 3190 proinde
669 3129 730 3174 non
751 3127 865 3172 tantum
883 3110 934 3187 jus
952 3110 1041 3170 habet
1063 3109 1123 3170 sese
1143 3109 1240 3172 vindi·

63 3227 155 3303 cundi,
177 3228 256 3304 leges
279 3225 427 3287 condendi
448 3241 478 3286 et
501 3223 730 3300 interpretandi,
751 3224 801 3285 sed
824 3222 910 3283 etiam
933 3222 1044 3282 easdem
1064 3220 1240 3299 abrogandi,

64 3352 86 3394 cr
106 3356 154 3399 reo
177 3338 343 3414 cuicunque
365 3356 402 3398 ex
423 3336 608 3413 plenitudine
631 3335 775 3412 potentia
797 3333 994 3396 condonandi.

98 3449 122 3528 ἓ.
141 3451 196 3511 Vl.
239 3449 416 3511 Contractus
437 3449 488 3510 seu
508 3449 603 3527 leges,
625 3447 733 3524 quibus
754 3446 913 3507 multitudo
931 3444 982 3522 jus
1003 3444 1084 3506 suum
1102 3445 1131 3504 in
1149 3460 1240 3504 unum

64 3559 221 3623 Concilium
250 3563 297 3622 vel
322 3561 470 3622 hominem
499 3561 695 3634 transferunt,
724 3577 784 3618 non
813 3557 934 3618 dubium
964 3556 1020 3633 est,
1041 3556 1113 3634 quin
1135 3555 1239 3619 violari

64 3671 199 3748 debcant,
220 3675 339 3749 qnando
361 3671 524 3733 communis
545 3671 645 3732 salutis
667 3671 784 3732 interest
805 3671 917 3732 easdem
937 3669 1058 3733 violare.
1099 3670 1141 3730 At
1158 3668 1239 3744 judi·

64 3781 130 3846 cium
151 3789 188 3847 de
209 3786 263 3846 hac
285 3803 315 3845 re
337 3785 387 3863 (an
409 3783 519 3846 scilicet
540 3781 703 3844 communis
720 3782 821 3844 salutis
839 3782 962 3858 intetsrt,
980 3782 1093 3842 easdem
1111 3781 1239 3857 violare,

63 3911 93 3954 an
120 3897 216 3976 secus)
245 3915 331 3958 nemo
360 3896 509 3972 privatus,
539 3895 588 3957 sed
610 3895 635 3955 is
655 3909 787 3969 rantum,
810 3893 860 3970 qui
882 3893 1033 3969 imperium
1055 3908 1154 3969 tenet,
1171 3892 1237 3968 jure

65 4003 127 4067 l'ctre
155 4009 252 4084 potest
273 4010 344 4087 (per
364 4008 435 4068 Art.
457 4025 485 4084 3.
506 4005 592 4082 lausus
615 4005 716 4085 Cap.);
740 4023 809 4084 ergo
829 4006 899 4085 Jure
921 4003 1002 4068 civili
1023 4003 1048 4063 is
1069 4003 1164 4078 solus,
1184 4003 1237 4079 qui

65 4115 205 4194 imperium
237 4137 338 4197 tenet,
368 4139 464 4182 earum
496 4121 590 4198 legum
623 4119 766 4194 interpres
786 4131 892 4178 manet.
934 4119 982 4178 nd
1004 4118 1086 4192 quod
1106 4114 1237 4189 accedit,

66 4237 137 4303 quod
159 4235 255 4297 nullus
277 4233 410 4309 privatus
432 4232 544 4294 easdem
567 4231 632 4308 jure
654 4229 803 4293 vindicare
826 4231 928 4306 pollit3
948 4244 1037 4305 atque
1058 4232 1133 4290 adeo
1155 4247 1238 4305 eum,

68 4341 110 4416 qui
136 4345 286 4422 imperium
315 4359 396 4406 tenet
404 4391 414 4421 ,
442 4363 541 4408 revera
564 4361 624 4405 non
646 4343 789 4422 obligant.
830 4343 922 4421 Quod
942 4341 962 4400 sa
984 4357 1079 4403 tamen
1102 4339 1165 4416 ejus
1186 4359 1237 4402 na·
