2934 4900
407 344 464 406 De
503 345 734 408 Servitute
775 346 968 409 Humana.
1224 364 1281 423 213

87 531 121 577 et
147 517 323 598 cognitione
348 517 445 579 nostre
469 517 561 597 megin
580 516 718 597 dignum,
736 516 905 594 hominurn,
926 536 1013 595 quarn
1032 520 1187 581 brutorum
1206 521 1282 583 faita

88 629 294 706 contemplari.
334 630 393 692 Sed
413 632 450 696 de
470 628 516 691 nis
537 628 608 689 alias
628 627 782 704 prolixius.

434 784 763 846 PROPOSITIO
804 784 942 847 XXXVI.

130 898 274 957 Summum
301 896 401 957 bonum
428 914 539 973 eorum,
566 901 618 975 qm·
643 900 785 957 virtutem
806 896 969 974 sinantur,
997 897 1124 957 omnibus
1145 916 1283 959 commune

89 1010 143 1087 est,
162 1028 249 1086 eoque
268 1027 360 1067 omnes
380 1026 457 1086 aeque
472 1011 602 1085 gaudere
618 1008 741 1088 poffunt.

489 1168 884 1215 onnonsrnnrro

129 1265 178 1325 Ex
200 1265 313 1325 virtute
333 1282 418 1343 agere
439 1264 479 1325 est
499 1283 536 1325 ex
557 1266 648 1327 ductu
668 1264 809 1326 Rationis
830 1282 914 1344 agere
926 1264 1280 1345 (perProp.24.lrujus)‚

90 1395 120 1439 et
141 1375 288 1455 quicquid
307 1394 345 1437 ex
365 1376 496 1439 Ratione
518 1395 658 1439 conamur
677 1394 779 1457 agere,
800 1376 841 1437 est
861 1375 1021 1457 intelligere
1043 1376 1115 1457 (per
1130 1377 1219 1456 Prop.
1231 1378 1280 1437 26.

90 1490 213 1571 hujus);
241 1504 330 1565 atque
357 1492 433 1551 adeo
462 1490 533 1571 (per
560 1492 649 1568 Prop.
670 1489 718 1550 28.
740 1487 840 1568 hujus)
869 1489 1008 1549 summum
1030 1490 1141 1549 bonum
1161 1504 1281 1563 eorum,

91 1602 142 1683 qui
165 1600 308 1663 virtutem
329 1601 490 1677 sectantur,
512 1602 553 1663 est
573 1604 668 1663 Deum
690 1601 885 1683 cognoscere,
905 1599 963 1661 hoc
986 1599 1028 1661 est
1048 1600 1119 1681 (per
1129 1600 1219 1679 Prop.
1231 1616 1280 1680 47.

87 1731 117 1795 p.
141 1734 171 1776 2.
192 1728 222 1773 et
241 1714 364 1791 ejusdem
391 1713 496 1794 Schol.)
527 1717 655 1790 bonum,
676 1717 758 1791 quod
780 1713 917 1775 omnibus
936 1711 1105 1774 horninibus
1127 1730 1280 1773 commune

89 1826 148 1901 cst,
170 1841 202 1886 et
222 1828 260 1885 ab
280 1824 418 1887 omnibus
437 1826 625 1901 horninibus,
645 1841 791 1903 quatenus
812 1824 940 1902 ejusdem
961 1824 1027 1887 sunt
1049 1840 1173 1901 natrtrae,
1194 1826 1279 1901 poiir-

88 1940 151 2001 deri
174 1958 259 2017 aeque
278 1938 386 2016 potest.
430 1939 463 2016 Q.
485 1940 522 2000 E.
542 1941 583 2001 D.

558 2101 638 2145 scrr
651 2102 671 2145 o
684 2102 703 2145 ι.
716 2102 727 2145 r
741 2102 763 2145 υ
777 2101 814 2143 nr.

127 2196 159 2258 si
182 2196 250 2273 quir
270 2211 367 2259 autern
388 2212 488 2277 roget,
509 2196 581 2273 quid
601 2195 622 2256 sr
644 2196 784 2258 summum
806 2199 916 2259 bonum
938 2214 1053 2273 eorum,
1074 2196 1277 2273 quivirtutem

88 2310 254 2383 scitantur,
283 2326 345 2370 non
376 2307 446 2369 effet
477 2308 614 2371 omnibus
644 2308 825 2371 commune?
857 2326 892 2369 an
926 2326 986 2367 non
1018 2306 1103 2382 inde,
1131 2322 1166 2367 ut
1194 2306 1279 2383 supro

89 2422 174 2500 (vide
197 2422 288 2501 Prop.
309 2438 357 2501 34.
378 2420 497 2503 hujus),
529 2421 714 2498 sequeretur,
745 2421 827 2497 quod
857 2418 1008 2494 homines,
1038 2418 1091 2496 qui
1121 2435 1158 2478 ex
1189 2420 1279 2480 ductu

89 2532 232 2596 Rationis
259 2531 384 2609 vivunt,
410 2533 469 2594 hoc
496 2533 538 2593 est
566 2533 639 2613 (per
657 2533 748 2612 Prop.
770 2543 818 2609 35.
839 2529 939 2610 rusus)
960 2529 1112 2606 homines,
1133 2543 1278 2607 quatenus

88 2661 194 2707 natura
220 2644 422 2720 conveniunt,
449 2643 540 2707 effent
561 2644 687 2708 invicem
708 2643 871 2707 contrarii?
912 2644 940 2704 Is
959 2643 1017 2704 hoc
1038 2641 1090 2702 srbi
1110 2640 1278 2718 responsum

86 2756 214 2830 habeat,
243 2772 305 2815 non
336 2771 374 2814 ex
405 2753 571 2828 accidenti,
598 2753 648 2815 sed
676 2772 714 2814 ex
743 2752 804 2830 ipsa
832 2767 935 2814 natura
964 2751 1104 2814 Rationis
1131 2751 1217 2826 oriri,
1245 2767 1278 2814 ut

86 2863 219 2926 hominis
237 2864 377 2928 summum
397 2867 508 2928 bonum
529 2864 666 2927 omnibus
687 2864 723 2925 srt
744 2883 915 2940 commune,
935 2862 1068 2925 nimirum
1087 2862 1155 2940 quia
1167 2883 1203 2924 ex
1216 2862 1277 2940 ipsa

87 2977 216 3038 humana
246 2975 387 3053 effentia,
417 2993 565 3054 quatenus
595 2975 726 3039 Ratione
758 2976 916 3064 delinitur,
945 2975 1115 3051 deducitur;
1146 2991 1177 3036 et
1208 2975 1276 3052 quia

86 3090 182 3151 horno
202 3106 257 3152 nec
277 3087 332 3153 effe
353 3109 407 3152 nec
429 3089 547 3167 concipi
569 3087 894 3166 posset,fipotestatem
916 3105 976 3149 non
994 3088 1114 3150 haberet
1131 3087 1276 3166 gaudendi

86 3202 148 3262 hoc
171 3200 281 3263 sumno
301 3203 395 3264 bono.
423 3201 554 3263 Pertinet
576 3219 700 3279 namque
721 3201 793 3281 (per
812 3201 902 3280 Prop.
922 3215 972 3279 47.
988 3212 1020 3279 p.
1042 3199 1085 3276 n.)
1106 3200 1143 3260 ad
1164 3198 1277 3260 Mentis

86 3315 225 3378 humane
243 3314 408 3393 erientiam,
436 3317 620 3394 adaequatnnr
641 3313 749 3375 habere
770 3310 970 3392 cognitionem
991 3325 1105 3372 aeternae
1128 3325 1158 3372 et
1180 3309 1275 3372 infini-

85 3445 128 3491 tae
149 3424 277 3488 effentiae
297 3427 364 3489 Dei.
762 3423 766 3429 ’
910 3415 912 3418 ’

427 3568 754 3630 PROPOSlTlO
785 3568 938 3628 XXXVII.

129 3682 255 3755 Bonum,
284 3682 361 3759 quod
384 3682 595 3759 unusquisque,
616 3685 667 3759 qm'
679 3682 814 3760 feriatur
833 3684 990 3756 virtutem,
1005 3679 1063 3757 fibi
1081 3683 1209 3759 appetit,
1231 3699 1275 3739 re·

84 3794 180 3870 liquit
198 3789 465 3853 nordmanniam
484 3796 593 3873 cupiet,
614 3807 642 3853 er
662 3813 691 3851 eo
710 3797 819 3869 magis,
835 3811 888 3870 quo
908 3791 1043 3867 majorem
1063 3791 1121 3852 Dei
1141 3788 1277 3851 habuerit

82 3905 282 3980 wgrnuoncm.

489 4016 886 4063 ornonrrnnrro

127 4109 288 4184 Homines,
305 4126 451 4187 quatenus
469 4129 506 4172 ex
525 4112 614 4174 dutiu
632 4109 772 4173 Rationis
790 4108 912 4185 vivunt,
930 4108 996 4170 sunt
1013 4107 1126 4170 homini
1141 4107 1276 4170 utiliiiuni

85 4223 163 4302 (per
190 4222 293 4282 Coroll.
318 4237 343 4282 1.
364 4223 454 4302 Prop.
474 4234 523 4298 35.
544 4221 662 4302 Irus'us);
688 4237 779 4299 atque
807 4223 882 4283 adeo
903 4221 976 4300 (per
995 4222 1084 4300 Prop.
1108 4237 1154 4298 19.
1174 4219 1275 4298 hujus)

84 4353 125 4396 ex
147 4334 240 4396 nunu
260 4331 399 4396 Rationis
420 4333 591 4395 conabimur
610 4332 766 4397 neceffario
787 4333 918 4411 efficere,
939 4350 972 4397 ut
993 4333 1173 4396 hominenex
1185 4335 1275 4396 dueiu
