2934 4900
199 334 254 397 188
612 340 793 402 Ethices
820 342 889 405 Pars
909 344 962 406 1v.

192 516 374 595 fignificatio.
396 518 458 580 Sed
465 519 615 597 postquam
631 517 756 580 leamines
765 522 846 580 ideas
856 520 1190 598 uniuersalessormare,
1200 536 1228 582 et
1238 522 1374 583 domuum
1382 568 1393 597 ,

198 630 393 708 adificiorum,
414 635 556 707 turrium,
576 646 627 692 etc.
648 634 827 713 exemplaria
844 637 1021 710 excogitare,
1045 648 1073 693 et
1097 636 1159 693 alia
1175 653 1273 694 rerum
1289 654 1390 695 exem-

193 743 298 821 plaria
312 744 381 802 aliis
394 742 541 822 praserre
550 747 732 823 inceperunt,
744 743 859 821 salium
869 745 923 823 ιβ,
940 760 973 806 ut
982 744 1175 824 unusquisque
1184 747 1220 805 iti
1222 743 1391 825 perfeiium

197 867 331 929 uocaret,
359 857 436 931 quael
459 874 520 915 cum
547 858 713 934 uniuersali
739 858 822 933 irlea,
850 876 936 935 quam
963 856 1100 936 ejusmodi
1120 862 1164 917 rei
1176 855 1391 933 formauerat,

198 968 312 1026 uideret
332 967 347 1001 *
367 972 533 1044 conuenire,
562 983 590 1028 et
609 971 645 1029 iel
662 983 764 1030 contra
783 970 993 1050 imperfelium,
1013 973 1167 1047 quodcum
1187 982 1314 1049 concepto
1329 972 1391 1047 suo

198 1080 358 1157 exemplari
386 1083 479 1139 minus
509 1084 659 1140 conuenire
689 1082 835 1155 uideret,¹
853 1100 1018 1159 quanquam
1048 1100 1085 1141 ex
1113 1082 1222 1161 opificis
1235 1080 1392 1157 sententia

199 1191 416 1267 consummatum
438 1194 527 1271 plane
553 1192 627 1271 effet.
668 1196 731 1254 Nec
751 1195 815 1254 alia
834 1196 953 1254 uidetur
974 1194 1025 1272 effe
1044 1197 1138 1268 ratio,
1159 1212 1211 1253 cur
1231 1212 1277 1253 res
1297 1206 1389 1251 natu-

200 1304 277 1364 rales
297 1308 400 1380 etlam,
421 1324 485 1384 qua
498 1306 613 1384 scilicet
632 1304 760 1367 humana
780 1325 867 1367 manu
887 1326 941 1366 non
956 1308 1030 1383 sunt
1041 1304 1149 1382 falia,
1165 1303 1312 1385 perseius
1332 1318 1392 1363 aut

198 1414 381 1496 imperfelias
407 1419 493 1493 uulgo
520 1419 685 1499 appellent5
699 1420 796 1497 solent
815 1438 935 1497 namque
955 1416 1080 1479 homines
1100 1431 1160 1478 tam
1180 1435 1277 1476 rerum
1298 1429 1390 1476 natu-

200 1532 306 1591 ralium
337 1548 422 1607 quam
451 1530 653 1609 artificialium
683 1532 765 1592 ideas
788 1531 925 1609 formare
956 1530 1152 1608 uniuersales,
1184 1548 1256 1607 quas
1286 1548 1390 1589 rerum

199 1644 292 1703 ueluti
310 1643 489 1722 exemplaria
509 1640 630 1719 habent,
651 1656 680 1703 et
700 1662 773 1721 quas
795 1646 947 1704 Naturam
974 1644 1075 1722 (quam
1094 1640 1173 1703 nilell
1188 1640 1242 1721 nest
1261 1642 1389 1717 alicujus

196 1757 267 1836 finis
285 1755 375 1833 causa
394 1774 483 1832 agere
502 1757 680 1835 existimant)
701 1760 813 1817 intueri
832 1758 967 1831 credunt,
983 1746 1100 1836 'fibique
1119 1756 1297 1834 exemplaria
1314 1766 1388 1833 pra-

196 1881 310 1948 ponere.
353 1870 423 1928 Cum
449 1871 549 1946 itaque
575 1870 692 1946 aliquid
714 1872 748 1928 in
775 1871 900 1929 Natura
922 1869 992 1948 fieri
1011 1870 1127 1944 uident,
1148 1869 1302 1945 quodcum
1323 1885 1388 1925 can-

200 1992 276 2058 cepto
306 1981 482 2059 exemplari,
513 1982 590 2058 quod
617 1984 662 2040 rei
693 1980 831 2059 ejusmodi
857 1980 979 2057 liabent,
1006 1986 1099 2041 minus
1124 1983 1271 2053 conuenit,
1290 1980 1390 2057 ipsam

200 2094 352 2152 Naturam
372 2104 431 2152 tum
451 2090 578 2171 defeciffe
597 2094 647 2153 uel
660 2094 836 2173 peccauiffe,
866 2112 980 2172 remque
999 2094 1080 2153 illam
1099 2092 1294 2173 imperfeliam
1316 2093 1387 2152 reli-

201 2206 289 2284 quiffe
319 2207 447 2267 credunt.
491 2206 627 2267 Videmus
657 2211 757 2284 itaque
788 2206 911 2268 homiues
941 2206 1126 2285 consuevisse,
1157 2226 1203 2265 res
1234 2206 1388 2267 naturales

196 2314 343 2395 perfeiias
362 2330 416 2377 aut
436 2316 619 2397 imperselias
640 2337 758 2394 uocare,
778 2322 872 2395 magis
893 2338 929 2378 ιιι
941 2319 1112 2398 prajuellcio
1129 2337 1214 2396 quam
1231 2338 1268 2377 ex
1284 2337 1385 2377 earum

200 2446 275 2490 uera
302 2434 466 2506 cognitione.
509 2431 684 2510 Ostendimus
709 2435 834 2492 enimin
854 2432 963 2492 Prima
990 2432 1096 2492 Partis
1117 2429 1295 2512 Appendice,
1315 2430 1385 2492 Na-

201 2555 299 2603 turam
322 2556 446 2623 propter
466 2544 553 2623 finem
580 2564 634 2604 non
660 2563 767 2620 agere,·
795 2557 931 2604 aternum
957 2562 1078 2621 namque
1100 2544 1220 2603 illudet
1239 2543 1386 2622 infinitum

201 2655 280 2730 Enr,
307 2657 382 2731 quai
407 2656 500 2716 Deum
521 2656 576 2734 seu
603 2658 755 2716 Naturam
780 2657 972 2736 appellamus,
992 2658 1103 2732 eadem,
1124 2676 1182 2734 qua
1201 2655 1315 2733 exiliit,
1335 2675 1387 2714 ne·

201 2769 319 2848 ceffltate
338 2772 414 2844 agit.
435 2768 486 2829 Ex
506 2789 564 2847 qua
584 2773 657 2828 enim
677 2783 792 2829 natura
813 2770 966 2850 neceffltate
986 2770 1097 2848 existit,
1119 2789 1155 2828 ea
1173 2770 1270 2828 eadem
1288 2771 1386 2848 ipsum

200 2897 289 2955 agere
318 2880 484 2958 ostendimus
514 2879 617 2958 (Prop.
642 2883 687 2942 16.
719 2900 749 2956 p.
774 2881 824 2960 1.).
856 2881 945 2941 Ratio
976 2885 1088 2957 igitur,
1111 2883 1167 2958 seu
1197 2882 1301 2957 causa,
1332 2899 1388 2940 cur

201 2993 282 3054 Deus
304 2993 360 3068 seu
387 2994 512 3053 Natura
538 2997 620 3069 agit,
648 3006 677 3052 et
704 3012 757 3052 cur
784 2993 896 3071 existit,
917 3012 976 3053 una
996 2995 1145 3070 eademque
1164 2993 1210 3071 ιβ.
1256 2994 1297 3052 Ut
1316 3011 1388 3067 ergo

202 3105 308 3164 nullius
335 3104 406 3183 finis
435 3103 527 3183 causi
554 3104 669 3182 existit,
700 3106 806 3165 nullius
837 3109 924 3165 etiam
951 3105 1021 3184 finis
1053 3104 1143 3182 causei
1167 3108 1250 3181 agit,·
1270 3105 1328 3181 sed
1353 3117 1389 3163 ut

203 3217 355 3295 ext'stendi,
371 3217 414 3294 βι
439 3231 467 3276 et
493 3220 599 3294 agardi
622 3221 817 3297 principium,
838 3218 888 3277 vel
900 3217 1003 3297 finem,
1023 3215 1110 3277 lrabet
1129 3217 1245 3276 nullum.
1288 3213 1388 3290 Causa

201 3343 313 3404 autem,
341 3348 406 3408 qua
430 3331 530 3410 finalis
557 3331 683 3406 dieitur,
704 3329 783 3390 nr'ltil
800 3330 838 3408 ιβ
853 3341 967 3409 prater
986 3331 1080 3410 ipsum
1100 3327 1253 3390 lunanum
1272 3331 1387 3406 appeti·

202 3455 279 3517 tum,
307 3455 447 3520 quatenus
473 3447 500 3502 is
527 3443 650 3518 alicujus
678 3448 724 3502 rei
748 3444 841 3503 ueluti
866 3447 1042 3522 principium
1054 3444 1111 3520 seu
1130 3443 1218 3519 causa
1235 3446 1389 3522 primaria

202 3555 406 3633 confideratur.
437 3557 497 3618 Ex.
514 3574 565 3633 gr.
587 3574 648 3616 cum
669 3556 789 3616 dicimus
809 3555 1015 3616 habitationem
1035 3557 1151 3633 causam
1165 3554 1254 3633 sur'ffe
1269 3555 1389 3634 finalem

202 3666 289 3744 liujus
310 3683 363 3728 aut
383 3669 463 3728 illius
482 3669 593 3744 domus,
613 3667 691 3729 niln‘l
709 3681 769 3728 tum
785 3669 860 3746 sane
880 3668 1068 3743 intelligimus
1087 3668 1186 3741 aiud,
1207 3685 1292 3744 quam
1313 3669 1391 3744 quod

202 3777 280 3839 leamo
301 3799 338 3839 ex
358 3800 406 3856 eo,
429 3782 505 3857 quod
527 3783 599 3839 uita
626 3780 777 3857 domestica
798 3781 936 3839 commoda
956 3783 1134 3854 imaginatus
1154 3777 1208 3856 ιβ,
1227 3783 1389 3858 appetitum

203 3889 308 3951 habuit
328 3892 490 3971 aedificandi
508 3893 624 3952 domum.
668 3892 765 3968 Quare
786 3888 947 3965 habitatio,
968 3904 1108 3969 quatenus
1128 3903 1161 3950 ut
1179 3890 1278 3969 finalis
1298 3893 1388 3967 causa

204 4001 407 4079 mnfideratur,
434 4001 513 4063 nileil
535 4003 573 4081 ιβ
596 4015 709 4082 prater
728 4001 804 4062 hunc
818 4002 995 4080 fingularem
1014 4005 1189 4082 appetitum,
1210 4005 1261 4081 qui
1282 4021 1388 4062 reuera

203 4115 293 4192 causa
320 4115 358 4192 ιβ
384 4115 526 4190 ιβιίιιιις
555 4132 617 4190 qua
644 4129 677 4174 ut
693 4118 794 4194 prima
815 4115 1019 4193 confiteretur,
1040 4119 1110 4192 quia
1130 4115 1253 4175 homines
1266 4117 1390 4194 suarum

237 4365 251 4398 ⁸
285 4361 414 4426 Schmidt,
431 4362 581 4425 Auerbncb,
597 4361 696 4414 stillet.
711 4391 746 4402 -
763 4363 811 4414 Ed.
828 4365 881 4414 Pru
900 4365 1014 4416 uiderat.
