2934 4900
336 318 828 399 Theologieo·Politici
869 318 944 396 Cap.
964 319 1044 381 XIX.
1225 333 1282 400 597

65 497 271 578 retinerent,
292 497 403 560 necesse
424 497 500 574 suit,
525 513 559 559 ut
579 495 653 572 Cap.
678 510 723 573 17.
745 495 939 572 ostendimus,
959 495 1128 578 religionem
1150 498 1203 559 suo
1228 496 1283 560 soli

68 609 218 686 imperio
241 611 515 685 accommodarent,
535 607 654 685 seseque
676 627 692 667 a
713 606 834 686 reliquis
856 608 1027 670 nationibus
1049 608 1230 684 separarent;
1250 623 1282 668 et

68 723 165 785 ideo
192 724 228 786 iis
256 724 365 787 diiium
393 723 466 784 fuit:
495 723 584 797 dilige
607 725 773 800 proximum
794 735 889 799 tuum,
918 736 945 782 et
965 724 1025 782 odio
1047 719 1120 782 labe
1139 724 1284 782 inimicum

72 853 176 898 tuum
196 838 279 917 (vide
301 838 411 898 Matth.
433 855 497 912 cap.
519 846 547 910 5.
570 833 612 896 vs.
633 835 714 913 43.);
744 834 897 911 postquam
925 849 1021 895 autem
1042 833 1192 910 imperium
1214 832 1283 894 ami·

72 947 210 1025 serunt,
231 965 262 1010 et
282 947 462 1010 Babiloniam
484 945 596 1022 captivi
617 945 698 1007 duili
719 945 786 1006 sunt
793 991 803 1022 ,
823 945 963 1026 Jeremias
983 945 1099 1007 eosdem
1118 945 1222 1008 docuit
1229 960 1284 1021 ,ut

75 1061 291 1123 incolumitati
324 1060 440 1140 (etiam)
472 1059 550 1120 iliius
580 1057 729 1135 civitatis,
760 1057 791 1118 in
823 1077 909 1135 quam
936 1057 1049 1134 captivi
1077 1057 1157 1120 duiii
1185 1074 1285 1135 erant,

75 1173 296 1249 consulerent3
324 1189 355 1234 et
382 1173 536 1249 postquam
564 1170 695 1232 Christus
723 1189 777 1232 eos
805 1189 857 1247 per
885 1184 982 1232 totum
1005 1172 1104 1231 orbem
1125 1169 1282 1246 dispersum

76 1286 127 1345 iri
161 1286 256 1363 vidit,
287 1286 408 1360 docuit,
439 1299 473 1346 ut
506 1302 608 1346 omnes
640 1284 773 1345 absolute
795 1283 907 1360 pietate
929 1285 1075 1358 colerent;
1098 1301 1164 1359 quae
1186 1283 1283 1344 omnia

77 1399 305 1462 evidentiliime
323 1398 499 1473 ostendunt,
517 1395 687 1474 religionem
705 1395 873 1472 reipublicae
892 1394 1015 1456 utilitati
1034 1395 1283 1455 accommodatam

77 1511 206 1587 semper
235 1510 329 1572 fuisse.
370 1510 400 1571 Si
431 1509 498 1586 quis
530 1523 628 1570 autem
657 1507 716 1584 jam
750 1523 876 1585 quaerat,
909 1526 969 1584 quo
1002 1525 1071 1587 ergo
1089 1507 1154 1584 jure
1176 1505 1281 1568 Christi

80 1621 247 1698 discipuli,
279 1621 330 1699 qui
361 1620 418 1683 viri
449 1619 561 1680 scilicet
591 1618 718 1695 privati,
749 1619 919 1699 religionem
941 1619 1097 1696 praedicare
1117 1619 1283 1697 poterant?
1363 1675 1378 1700 ,

81 1732 213 1796 eosdem
240 1733 270 1794 id
298 1731 394 1794 fecisse
422 1731 490 1793 dico
515 1731 581 1808 jure
609 1730 781 1808 potestatis,
809 1751 895 1808 quam
918 1750 934 1792 a
955 1731 1069 1793 Christo
1091 1745 1284 1809 acceperant,

83 1846 233 1910 adversus
264 1845 391 1923 Spiritus
423 1844 554 1921 impuros
587 1842 670 1922 (vide
701 1843 812 1905 Matth.
841 1862 904 1920 cap.
930 1859 975 1904 ιο.
1003 1843 1076 1907 vers.
1101 1844 1151 1923 1.).
1191 1845 1284 1918 Supra

85 1959 175 2020 enim
203 1958 234 2022 in
263 1959 320 2018 line
347 1957 422 2032 Cap.
446 1960 491 2016 16.
513 1954 641 2032 expresse
663 1955 782 2031 monui,
803 1973 903 2016 omnes
924 1956 1009 2018 iidem
1030 1957 1174 2033 Tyranno
1196 1953 1283 2014 etiam

87 2072 209 2134 servare
241 2069 353 2145 teneri,
383 2084 512 2144 excepto
544 2085 599 2144 eo,
630 2067 679 2128 cui
709 2069 792 2129 Deus
823 2081 902 2128 certa
931 2067 1112 2130 revelatione
1143 2065 1284 2144 singulare

89 2197 200 2244 contra
220 2183 392 2261 Tyrannum
420 2179 560 2242 auxilium
587 2178 769 2256 promiserit;
790 2196 879 2256 quare
901 2178 1008 2240 nemini
1030 2179 1097 2241 inde
1120 2178 1283 2253 exemplum

88 2294 206 2354 sumere
226 2292 314 2368 licet,
334 2291 386 2352 nili
408 2292 495 2353 etiam
516 2291 691 2368 potestatem
710 2292 818 2352 habeat
830 2293 867 2352 ad
877 2291 1012 2353 facienda
1032 2291 1184 2366 miracula3
1202 2291 1284 2366 quod

89 2404 165 2465 hinc
185 2403 274 2466 etiam
295 2403 486 2482 conspicuum
505 2404 556 2480 fit,
578 2407 660 2482 quod
680 2402 811 2466 Christus
833 2403 983 2481 discipulis
1004 2403 1090 2466 etiam
1112 2401 1235 2479 dixerit,
1246 2419 1284 2463 ne

89 2532 260 2579 metuerent
281 2535 350 2594 eos,
372 2517 424 2594 qui
446 2517 589 2579 occidunt
609 2535 733 2593 corpora
758 2516 842 2596 (vide
862 2518 972 2579 Matth.
990 2536 1054 2593 cap.
1069 2514 1198 2579 tovers.
1210 2514 1284 2593 28.).

90 2632 187 2712 Quod
215 2628 236 2689 li
262 2628 322 2690 hoc
350 2627 511 2706 unicuique
532 2628 640 2690 dictum
662 2629 779 2708 suisset,
800 2630 901 2691 frustra
921 2629 1073 2706 imperium
1095 2630 1283 2703 statueretur,

91 2758 124 2803 et
145 2742 219 2803 illud
240 2741 405 2803 Salomonis
437 2741 540 2821 (Prov.
563 2760 627 2817 cap.
648 2759 698 2820 24.
720 2741 793 2805 vers.
816 2743 899 2822 αι),
916 2743 964 2821 fil
982 2746 1039 2817 ml,
1059 2746 1125 2802 rime
1144 2742 1236 2802 Deum
1256 2752 1285 2799 et

90 2874 206 2933 regem,
233 2854 322 2931 impie
352 2856 461 2916 diiium
488 2852 603 2930 fuisset,
631 2857 713 2931 quod
741 2856 829 2933 longe
852 2873 960 2917 aveto
983 2854 1076 2930 abest;
1099 2854 1283 2931 atqueadeo

92 2966 253 3029 necessario
286 2968 454 3042 fatendum,
486 2966 696 3028 authoritatem
728 2966 823 3044 illam,
856 2986 942 3045 quant
973 2967 1103 3028 Christus
1134 2964 1284 3040 discipulis

91 3078 195 3153 dedit,
223 3078 259 3139 iis
288 3092 403 3139 tantum
430 3077 611 3156 singulariter
631 3081 728 3140 datam
751 3077 850 3155 fuisse,
871 3098 925 3140 nec
945 3078 1013 3139 inde
1035 3079 1198 3155 exemplum
1220 3076 1283 3138 aliis

91 3190 167 3251 sumi
195 3187 285 3265 polie.
327 3189 472 3250 Caeterum
502 3189 731 3253 adversariorum
760 3190 905 3267 rationes,
933 3190 1040 3269 quibus
1064 3190 1114 3267 jus
1135 3190 1282 3253 sacruma

87 3302 157 3379 jure
178 3300 260 3362 civili
280 3301 411 3376 separare
432 3301 560 3377 volunt,
581 3316 611 3363 et
633 3302 690 3363 hoc
713 3317 828 3363 tanturn
849 3322 940 3379 penes
961 3304 1083 3365 summas
1104 3304 1283 3381 potestates,

90 3414 166 3474 illud
187 3429 285 3474 autem
306 3431 397 3489 penes
418 3412 582 3476 universam
604 3414 751 3475 ecclesiam
773 3414 828 3475 esse
851 3418 1053 3492 contendunt,
1075 3416 1147 3477 nihil
1168 3433 1281 3492 moror3

91 3529 169 3587 adeo
199 3543 324 3602 namque
352 3524 467 3587 frivolae
496 3524 581 3600 sunt,
609 3541 643 3587 ut
673 3545 726 3587 nec
748 3528 869 3589 refutari
889 3544 1061 3591 mereantur.
1102 3532 1169 3591 Hoc
1191 3548 1280 3591 unum

90 3635 208 3697 silentio
227 3636 374 3712 praeterire
395 3654 512 3713 nequeo
518 3681 528 3712 ,
549 3656 636 3712 quam
657 3636 755 3698 misere
777 3638 830 3715 ipsi
852 3639 1045 3717 decipiantur,
1065 3643 1146 3718 quod
1158 3644 1194 3703 ad
1205 3640 1279 3702 hanc

90 3746 261 3809 seditiosam
290 3746 460 3823 opinionem
490 3746 620 3826 (veniam
647 3750 740 3809 verbo
769 3748 879 3811 duriori
907 3752 1025 3831 precor)
1058 3722 1297 3813 confirmandam·

92 3860 259 3936 exemplum
292 3858 405 3920 sumant
426 3876 442 3919 a
464 3858 574 3920 summo
597 3861 789 3922 Hebraeorum
810 3862 971 3938 Pontifice,
992 3882 1083 3939 penes
1104 3882 1190 3942 quem
1212 3863 1280 3925 olim

87 3972 139 4049 jus
166 3970 245 4031 sacra
274 3969 489 4032 administrandi
518 3970 594 4048 fuit;
624 3971 704 4048 quast
731 3972 892 4035 Pontifices
913 3974 985 4036 illud
1003 3974 1053 4052 J’us
1075 3994 1091 4036 a
1111 3974 1197 4037 Mose
1218 3996 1278 4039 non

92 4084 261 4160 acceperint
283 4082 368 4161 (qui,
387 4098 422 4144 ut
443 4081 527 4159 supra
556 4084 752 4162 ostendimus,
778 4086 918 4148 summum
940 4085 1019 4149 solus
1040 4087 1190 4163 imperium
1211 4088 1281 4149 reti·

92 4198 192 4278 nuit),
220 4216 257 4257 ex
285 4195 371 4273 cujus
398 4195 485 4256 etiam
514 4199 634 4258 decreto
663 4199 768 4259 eodem
795 4197 903 4274 privari
932 4214 1086 4276 poterant;
1114 4199 1176 4277 ipse
1204 4200 1280 4261 enirn

92 4329 154 4377 non
175 4323 291 4374 tantum
312 4308 497 4387 tibatonem,
518 4308 567 4375 sed
589 4309 677 4371 etiam
698 4309 788 4373 lilium
810 4309 874 4387 ejus
895 4312 1064 4377 Eleazarum
1087 4326 1117 4378 et
1139 4326 1279 4393 nepotem
