2934 4900
521 345 578 407 De
618 343 773 406 Mente.
1188 352 1243 402 arr

413 518 741 582 PROPOSITIO
780 517 892 580 XLIII.

92 635 154 712 Qua·
175 649 279 694 veram
305 629 394 693 daber
413 634 522 709 ideam,
537 631 625 711 fimat
634 631 697 708 scit
711 632 748 709 se
766 649 869 693 veram
888 629 995 693 habere
1014 631 1122 707 ideam,
1143 647 1193 690 nec
1211 630 1246 690 de

53 750 96 806 rei
115 749 249 808 veritate
265 745 356 824 potest
375 744 519 806 dubitare.

453 924 847 969 Dnuonsnnnrro

93 1035 165 1098 idea
192 1053 264 1099 vera
290 1035 321 1096 in
349 1035 437 1098 nobis
464 1035 504 1096 est
532 1035 597 1112 illa,
625 1054 690 1113 quae
720 1035 750 1097 in
769 1035 854 1112 Deo,
875 1050 1021 1112 quatenus
1041 1051 1093 1111 per
1113 1049 1244 1095 naturam

53 1147 168 1210 Mentis
185 1148 320 1210 humana
338 1148 520 1226 explicatur,
536 1148 577 1210 est
595 1151 751 1226 adaquata
766 1149 838 1228 (per
854 1147 958 1209 Coram
972 1149 1063 1226 Prop.
1076 1162 1123 1208 11.
1133 1146 1245 1226 husos).

52 1261 204 1322 Ponamus
223 1260 341 1338 itaque,
361 1260 423 1322 dari
443 1260 475 1322 in
492 1261 577 1336 Deo,
595 1273 743 1338 quatenus
760 1277 813 1336 per
829 1275 961 1322 naturam
977 1258 1090 1320 Mentis
1112 1258 1244 1320 humanae

52 1371 236 1448 explicatur,
262 1369 357 1432 ideam
385 1373 566 1447 adaequatam
594 1369 633 1432 A.
672 1368 771 1447 Hujus
797 1368 871 1430 ideae
899 1371 989 1430 debet
1008 1367 1164 1430 necessario
1185 1367 1246 1430 dari

52 1483 141 1543 etiam
170 1483 203 1544 in
230 1483 297 1542 Deo
325 1480 409 1558 idea,
437 1499 503 1558 quae
524 1483 561 1542 ad
580 1481 676 1542 Deum
697 1483 802 1543 eodem
822 1481 913 1543 modo
932 1481 1058 1542 refertur
1076 1500 1111 1542 ac
1130 1481 1197 1543 idea
1216 1483 1246 1540 A

55 1597 127 1672 (per
153 1596 247 1672 Prop.
274 1611 323 1656 ao.
350 1593 456 1673 husos,
482 1595 563 1672 cujus
591 1593 802 1672 Demonstrati
820 1593 999 1670 universalis
1019 1593 1081 1673 est).
1112 1594 1155 1654 At
1179 1593 1245 1654 idea

55 1709 83 1768 A
104 1711 143 1770 ad
159 1709 260 1770 Deum
276 1706 375 1770 referri
392 1706 585 1784 supponitur,
603 1721 750 1784 quatenus
766 1724 819 1782 per
835 1720 967 1766 naturam
984 1705 1097 1767 Mentis
1112 1705 1245 1768 humanae

56 1821 241 1896 explicatum
270 1836 340 1897 ergo
366 1817 453 1882 etiam
481 1818 546 1880 idea
573 1818 647 1881 ideae
677 1819 706 1879 A
734 1819 771 1878 ad
797 1819 893 1880 Deum
921 1819 1026 1880 eodem
1046 1819 1136 1880 modo
1156 1819 1246 1879 debet

55 1929 174 2006 referri3
201 1929 261 1991 hoc
288 1929 330 1990 est
357 1929 429 2008 (per
455 1930 528 1990 idem
557 1929 659 1990 Coroll.
687 1923 777 2006 Prop.
800 1948 846 1990 11.
872 1929 990 2009 hujus),
1009 1930 1073 1991 lraec
1093 1931 1246 2008 adaequata

56 2044 122 2104 idea
147 2043 224 2104 ideae
244 2043 274 2103 A
295 2041 349 2104 erit
376 2041 407 2102 in
434 2041 495 2118 ipsa
522 2043 644 2118 Mente,
672 2059 738 2119 quae
766 2041 862 2103 ideam
888 2044 1069 2121 adaequatam
1089 2043 1119 2104 A
1139 2043 1246 2120 habet;

59 2160 197 2234 adeoque
218 2155 271 2233 qui
292 2157 473 2232 adaequatam
493 2154 583 2216 habet
604 2153 716 2230 ideam,
738 2153 798 2217 five
818 2154 889 2233 (per
909 2155 998 2232 Prop.
1009 2172 1057 2234 34
1076 2152 1177 2235 nujus)
1195 2155 1247 2232 qui

59 2287 126 2331 vere
154 2286 216 2330 rem
245 2265 416 2346 cognoscit,
443 2269 531 2329 debet
558 2267 640 2328 fimul
660 2266 718 2328 suae
739 2265 920 2346 cognitionis
940 2269 1121 2343 adaequatam
1141 2267 1248 2328 habere

59 2380 173 2457 ideam,
202 2379 263 2442 five
295 2396 394 2441 veram
425 2377 642 2458 cognitionem3
673 2377 731 2438 hoc
759 2366 814 2438 est'
829 2377 877 2457 (ur
898 2396 955 2457 per
976 2378 1013 2456 fe
1037 2376 1248 2459 transferam),

13 2522 14 2525 ¹
60 2494 149 2555 debet
170 2491 253 2554 fimul
274 2490 331 2553 effe
351 2505 458 2553 certus.
481 2492 514 2569 Q.
537 2492 574 2552 E.
594 2492 635 2553 D.
671 2532 675 2543 ·

530 2664 784 2711 senorium.

99 2778 135 2839 In
164 2776 286 2838 Scholio
314 2774 528 2853 Propolitionis
555 2792 604 2838 21.
624 2774 713 2853 hujus
741 2775 834 2837 Partis
861 2774 1007 2854 explicui,
1022 2776 1108 2854 quid
1127 2773 1162 2838 lit
1183 2776 1249 2839 idea

61 2888 153 2966 ideae;
181 2889 231 2951 sed
258 2891 437 2965 notandum,
465 2890 678 2965 praecedentem
706 2887 939 2965 Propolitionem
967 2906 1019 2965 per
1046 2887 1075 2949 se
1103 2887 1173 2951 satis
1193 2888 1249 2951 else

63 3001 252 3063 manifestam.
291 3002 368 3063 Nam
398 3018 502 3077 nemo,
533 3000 584 3078 qui
616 3017 713 3064 veram
743 3001 833 3061 habet
862 3000 974 3077 ideam,
1003 2974 1131 3080 ignorat
1151 3020 1248 3063 verant

61 3112 160 3175 ideam
180 3112 314 3175 summam
335 3112 539 3175 certitudinem
561 3111 732 3191 involvere;
754 3131 851 3176 veram
872 3132 997 3190 namque
1017 3114 1124 3176 habere
1145 3115 1250 3192 ideam,

63 3224 138 3286 nihil
159 3224 238 3287 aliud
257 3222 415 3303 fignificat,
435 3242 522 3302 quam
543 3226 672 3301 perfecte
692 3224 753 3288 five
774 3224 889 3302 optime
909 3244 969 3287 rem
991 3226 1250 3305 cognoscere3nec

64 3336 133 3396 sane
155 3334 261 3412 aliquis
281 3337 318 3398 de
338 3336 392 3397 hac
412 3352 443 3396 re
465 3336 598 3398 dubitare
619 3336 732 3413 potest,
750 3335 801 3397 nilr
819 3350 920 3413 putet,
938 3336 1032 3397 ideam
1049 3338 1122 3414 quid
1139 3354 1249 3400 mutum

64 3448 154 3510 inliar
172 3447 291 3525 pidurae
312 3446 343 3508 in
364 3448 480 3523 tabula,
501 3463 612 3509 ernon
634 3451 752 3509 modurn
773 3447 923 3527 cogitandi
944 3448 1017 3524 else,
1035 3468 1139 3526 nempe
1156 3450 1248 3526 ipsum

64 3560 243 3640 intelligere;
264 3575 315 3636 et,
335 3560 452 3639 quaeso,
474 3560 542 3639 quis
569 3560 639 3623 scire
661 3561 778 3638 potest,
798 3561 827 3621 se
848 3580 907 3623 rem
927 3562 1052 3639 aliquam
1073 3561 1251 3643 intelligere,

65 3672 117 3734 nist
141 3672 221 3749 prius
241 3690 300 3733 rem
321 3672 489 3751 intelligat?
516 3674 575 3734 hoc
597 3672 656 3750 est,
684 3672 751 3751 quit
771 3673 868 3750 potest
888 3672 976 3750 scire,
998 3673 1026 3735 se
1048 3677 1084 3736 de
1104 3673 1200 3752 aliqua
1221 3693 1251 3736 re

64 3801 178 3847 certum
206 3783 279 3863 elle,
308 3784 359 3846 nist
380 3785 462 3862 prius
484 3788 521 3847 de
542 3804 575 3849 ea
597 3804 627 3848 te
648 3800 747 3849 certus
768 3785 828 3847 stt?
868 3786 983 3849 Deinde
1004 3786 1076 3863 quid
1097 3786 1161 3849 idea
1183 3805 1251 3850 vera

64 3898 171 3960 clarius
192 3912 222 3961 et
244 3896 353 3959 certius
374 3896 435 3959 dari
456 3897 570 3975 potest,
599 3899 680 3975 quod
708 3915 808 3959 norma
829 3898 865 3959 lit
885 3897 1042 3963 veritatis?
1083 3898 1157 3959 Sane
1179 3896 1252 3960 ficut

64 4014 115 4073 lun
138 4010 258 4088 seipsam
279 4026 309 4071 et
332 4013 468 4073 tenebrat
488 4010 668 4087 manifestat,
694 4011 733 4071 src
753 4011 863 4074 veritas
883 4029 982 4073 nonna
1003 4009 1047 4072 sui
1068 4026 1098 4072 et
1119 4011 1180 4072 falli
1200 4011 1251 4073 est.

65 4126 169 4201 Atque
195 4124 242 4185 hia
268 4142 314 4185 rne
341 4127 379 4186 ad
405 4124 458 4195 lrar
485 4122 660 4201 questiones
686 4120 863 4199 respondille
890 4138 983 4200 puto;
1004 4140 1124 4199 nempe,
1144 4121 1165 4183 ii
1186 4121 1251 4183 idea

65 4254 150 4314 vera,
182 4252 330 4314 quatenus
362 4248 475 4298 tanturn
504 4234 612 4299 dicitur
640 4254 705 4297 cum
732 4235 785 4296 suo
813 4234 913 4296 ideato
942 4234 1118 4310 convenire,
1145 4234 1252 4295 afnlsa

66 4348 270 4428 distinguitur,
300 4348 373 4411 nilril
403 4367 473 4427 ergo
505 4348 644 4409 realitatis
672 4362 724 4409 aut
752 4346 941 4425 perfectionis
971 4346 1036 4408 idea
1063 4365 1131 4410 vera
1162 4346 1251 4407 habet
