2934 4900
210 284 269 358 296
569 278 808 338 Tractatus
848 276 1038 339 Politicr

211 460 279 519 tiam
301 458 441 520 Civitatis
463 474 493 518 et
513 459 566 538 Jus
589 471 711 517 eatenus
733 456 838 531 minui,
860 471 1007 533 quatenus
1031 454 1092 531 ipsa
1110 455 1210 516 causas
1229 458 1400 531 praebet,ut

212 574 308 648 plures
336 571 364 630 in
394 590 483 631 unum
511 570 689 645 conspirent.
732 571 830 629 Habet
859 584 938 629 certe
966 568 1083 630 Civitas
1112 570 1243 645 quadam
1266 567 1319 627 sibi
1342 586 1399 625 me-

213 686 338 758 tuenda,
367 696 397 741 et
425 681 497 743 ficut
525 681 723 759 unusquisque
745 680 837 755 civis,
857 680 917 743 slve
938 681 1028 741 homo
1050 680 1080 740 in
1100 679 1175 740 statu
1196 680 1343 753 naturali,
1366 678 1400 737 stc

213 793 328 855 Civitas
355 811 391 853 eo
420 793 514 854 minus
544 792 585 853 sui
612 793 686 869 juris
707 792 761 868 est,
784 812 845 869 quo
865 792 1002 868 majorem
1024 791 1145 852 timendi
1166 789 1279 851 causam
1300 790 1400 849 habet.

213 908 313 983 Atque
334 905 396 965 haec
418 907 453 965 de
474 906 543 985 Jure
564 904 732 965 summarum
754 903 932 979 potestatum
954 903 983 962 in
1002 902 1150 977 subditos3
1164 902 1223 979 jam
1241 917 1398 977 antequam

213 1020 248 1079 de
269 1020 422 1079 earundem
451 1017 479 1077 in
508 1016 581 1077 alios
597 1015 663 1092 jure
685 1034 784 1095 agam,
807 1016 946 1077 solvenda
967 1015 1085 1077 videtur
1106 1014 1245 1091 quaestio,
1273 1034 1341 1090 quae
1363 1016 1398 1073 de

214 1127 371 1206 Religione
393 1128 503 1189 moveri
527 1128 612 1189 solet.

255 1238 281 1319 S.
303 1241 339 1301 X.
380 1242 454 1301 Nam
483 1238 572 1316 objici
601 1240 687 1300 nobis
709 1239 823 1315 potest,
845 1259 880 1299 an
902 1241 1002 1301 Status
1024 1238 1145 1314 Civilis,
1166 1252 1196 1297 ct
1219 1236 1401 1297 subditorum

217 1352 402 1429 obedientia,
423 1354 536 1429 qualem
559 1352 587 1412 in
609 1352 684 1413 statu
706 1351 786 1413 civili
804 1351 912 1427 requiri
932 1350 1127 1425 ostendimus,
1148 1368 1208 1410 non
1231 1349 1319 1408 tollat
1341 1349 1400 1407 Re·

215 1465 368 1545 ligionem,
388 1483 445 1541 qua
466 1466 560 1525 Deum
582 1466 678 1525 colere
701 1480 843 1524 tenemur.
863 1465 920 1524 Sed
942 1464 961 1524 st
983 1482 1041 1524 rem
1063 1462 1152 1538 ipsam
1173 1463 1403 1537 perpendamus,

216 1577 288 1638 nihil
314 1576 505 1653 reperiemus,
533 1578 615 1652 quod
644 1578 729 1652 poffit
752 1576 916 1652 scrupulum
938 1575 1066 1653 injicere.
1107 1576 1195 1634 Mens
1216 1573 1311 1647 enirn,
1331 1591 1402 1648 qua-

216 1704 302 1749 tenus
331 1689 461 1749 Ratione
490 1688 599 1763 utitur,
627 1707 687 1749 non
717 1688 885 1748 summarum
915 1688 1109 1763 potestatum,
1135 1686 1184 1747 scd
1206 1684 1343 1761 suijuris
1364 1684 1403 1743 cst

217 1802 288 1879 (per
309 1799 378 1859 Art.
404 1817 448 1861 11.
471 1802 543 1880 Cap.
560 1802 708 1880 praeca).
731 1802 833 1877 Atque
855 1801 931 1861 adeo
954 1818 1021 1862 vera
1043 1799 1099 1861 Dei
1120 1798 1253 1878 cognitio
1275 1814 1306 1858 et
1325 1816 1404 1858 amor

217 1911 324 1973 nullius
351 1910 473 1987 imperio
502 1911 604 1988 subjici
633 1912 748 1987 potest,
777 1929 809 1973 ut
832 1932 885 1972 nec
908 1930 976 1993 erga
997 1912 1161 1989 proximum
1184 1912 1310 1973 charitas
1333 1912 1404 1991 (ptr
1433 1945 1434 1978 r

219 2022 288 2083 Art.
305 2024 332 2082 8.
354 2020 441 2096 hujus
463 2024 564 2103 Cap.);
586 2038 616 2083 et
637 2023 657 2082 sr
679 2040 817 2099 praterea
839 2025 1066 2101 consideremus,
1088 2025 1227 2085 summum
1253 2024 1405 2085 charitatis
1434 2040 1435 2057 ι

218 2134 389 2195 exercitium
411 2134 465 2195 esse
486 2136 574 2211 illud,
596 2138 677 2211 quod
699 2138 736 2197 ad
756 2155 857 2213 pacem
885 2140 1023 2198 tuendam
1045 2151 1075 2197 et
1096 2136 1283 2198 concordiam
1304 2137 1406 2197 conci·
1435 2139 1436 2152 ¹

220 2247 342 2307 liandam
364 2248 415 2322 lit,
436 2265 495 2307 non
517 2247 732 2322 dubitabimus,
761 2247 840 2308 illum
862 2266 962 2310 revera
984 2247 1037 2309 suo
1059 2247 1158 2308 officio
1181 2250 1311 2310 suncium
1334 2248 1406 2321 esse,

220 2357 270 2434 qui
300 2357 459 2435 unicuique
487 2375 601 2421 tantum
627 2360 727 2420 auxilii
757 2362 833 2433 sert,
859 2376 1002 2437 quantum
1018 2360 1084 2437 jura
1106 2360 1264 2435 Civitatis,
1284 2361 1344 2421 hoc
1366 2360 1406 2420 est

221 2469 379 2531 concordia
410 2486 440 2531 et
471 2471 685 2548 tranquillitas,
718 2477 896 2534 concedunt.
946 2477 994 2534 Ad
1026 2488 1164 2534 externos
1195 2476 1295 2534 cultus
1327 2475 1407 2549 quod

220 2581 343 2655 attinet,
364 2599 474 2644 certum
496 2584 553 2659 est,
575 2583 640 2643 illos
663 2586 698 2644 ad
720 2602 816 2645 veram
838 2584 894 2646 Dei
917 2583 1116 2662 cognitionem
1139 2599 1170 2644 et
1191 2602 1336 2660 amorem,
1357 2583 1406 2659 qui

221 2714 258 2755 ex
290 2713 323 2755 ea
355 2694 510 2756 necessario
540 2695 687 2772 sequitur,
719 2695 790 2755 nihil
822 2696 939 2771 prorsus
967 2696 1072 2773 juvare
1101 2714 1155 2756 nec
1183 2715 1290 2756 nocere
1312 2695 1407 2771 posse3

221 2822 310 2885 atque
338 2811 413 2870 adeo
441 2827 501 2869 non
530 2809 604 2868 tanti
634 2807 760 2868 saciendi
789 2809 873 2884 sunt,
902 2825 936 2869 ut
957 2825 1079 2886 propter
1099 2808 1178 2884 ipsos
1199 2827 1257 2884 pax
1277 2825 1309 2868 et
1331 2824 1407 2868 tran·

221 2921 350 2999 quillitas
371 2921 487 2997 publica
509 2921 670 2997 perturbari
699 2936 851 2982 mereatur.
893 2921 1039 2983 Caeterum
1062 2937 1173 2983 certum
1195 2921 1253 2996 est,
1273 2940 1319 2982 me
1339 2922 1407 3001 Jure

221 3036 359 3108 Natura,
378 3033 435 3093 hoc
458 3032 498 3092 esi
519 3033 591 3112 (per
612 3033 683 3094 Art.
705 3051 731 3110 3.
749 3036 874 3113 praced.
897 3034 983 3112 Cap.)
1005 3052 1042 3094 ex
1064 3033 1167 3094 divino
1189 3035 1328 3106 decreto,
1348 3050 1407 3091 non

221 3141 275 3203 esse
304 3141 468 3220 Religionis
497 3141 659 3218 vindicem;
686 3161 751 3202 narn
773 3143 850 3202 nulla
871 3141 940 3201 mihi
962 3141 1020 3215 cst,
1041 3156 1073 3201 ιιι
1095 3141 1164 3202 οΙίιιι
1186 3141 1292 3202 Christi
1314 3139 1408 3202 Disci-

222 3253 299 3330 pulis
320 3253 448 3330 potestas
470 3253 543 3326 suit,
565 3251 700 3329 ejiciendi
722 3253 840 3329 spiritus
870 3253 1034 3314 immundos
1055 3268 1085 3313 et
1107 3253 1235 3314 faciendi
1255 3253 1391 3315 miracula
1399 3271 1408 3326 3

223 3383 288 3440 quae
316 3363 383 3424 sarie
410 3363 540 3439 potestas
568 3365 642 3423 adeo
671 3352 824 3422 neccssaria
853 3363 893 3421 est
921 3363 956 3422 ad
984 3365 1201 3440 propagandam
1223 3361 1409 3442 Religionem

224 3474 252 3534 in
274 3473 364 3549 locis,
386 3473 435 3534 arbi
457 3473 609 3535 lnterdicla
631 3473 688 3550 est,
710 3490 743 3534 ut
765 3473 824 3534 sine
845 3473 906 3548 ipsa
928 3492 989 3536 non
1007 3488 1121 3535 tantum
1141 3475 1238 3534 oleum
1258 3489 1289 3534 et
1308 3493 1409 3551 opera,

225 3599 259 3646 ut
280 3583 378 3661 ajunt,
400 3588 553 3660 perdatur,
574 3586 623 3647 sed
644 3586 773 3662 plurimae
796 3585 912 3662 insuper
933 3601 1068 3648 creentur
1088 3587 1242 3662 molestiae;
1263 3587 1351 3664 cujas
1370 3586 1408 3647 rei

227 3695 406 3757 sunestishma
437 3700 567 3773 exempla
599 3697 695 3758 omnia
729 3698 866 3760 viderunt
897 3697 1008 3758 saecula.
1058 3699 1270 3776 Unusquisque
1304 3699 1409 3779 igitur,

226 3809 395 3886 ubicunque
417 3809 464 3886 stt,
482 3812 576 3871 Deum
594 3812 692 3888 potest
711 3829 778 3873 vera
797 3810 952 3889 Religione
972 3812 1082 3885 colere,
1101 3810 1213 3887 sibique
1230 3811 1410 3886 prospicere,

227 3924 308 3998 quod
328 3920 383 3982 viri
405 3921 512 3996 privati
535 3923 663 3984 officium
685 3924 734 3983 est.
766 3921 912 3983 Caeterum
934 3940 1001 3982 cura
1024 3921 1192 4001 Religionis
1214 3927 1408 4003 propaganda·

226 4035 310 4108 Deo,
341 4035 387 4095 vel
420 4032 533 4094 summis
564 4033 779 4112 potestatibus,
811 4035 919 4112 quibus
951 4035 1020 4096 solis
1051 4036 1193 4097 incumbit
1227 4035 1409 4113 Reipublicae

225 4145 330 4205 habere
352 4161 465 4220 curam,
485 4145 692 4207 committenda
714 4147 763 4207 est.
804 4148 862 4208 Sed
883 4150 918 4209 ad
940 4147 1121 4224 propositum
1141 4163 1284 4210 revertor.

268 4256 294 4336 ς.
315 4257 366 4315 ΧΙ.
406 4257 474 4338 Jure
496 4257 665 4319 summarum
686 4259 862 4333 potestatum
883 4259 913 4320 in
934 4258 1031 4336 cives,
1052 4276 1081 4322 et
1102 4259 1287 4324 subditorum
1311 4262 1408 4323 officio
