2934 4900
197 323 254 402 184
613 316 796 378 Ethices
821 316 890 378 Pars
911 316 964 377 Ill.

635 510 945 555 exnu1cacto

234 605 285 666 Est
316 604 417 681 itaque
448 601 656 665 Consternatio
687 600 936 663 Puiilianimitatis
966 600 1088 677 species.
1131 603 1188 664 Sed
1209 604 1279 680 quia
1300 604 1391 663 Con-

196 698 334 777 sternatio
362 734 400 775 ex
427 714 539 791 duplici
567 715 688 775 Timore
709 712 909 789 oritut,.ideo
931 712 1115 776 commodius
1136 714 1248 776 definiri
1269 716 1392 792 potest,

196 829 279 905 quod
299 826 335 889 stt
356 828 473 902 Metus,
501 830 552 903 qui
576 824 713 887 hominem
731 824 923 905 stupefaiium
950 839 1004 886 aut
1020 826 1205 901 fluduaatem
1224 830 1270 887 ita
1292 832 1389 888 comti-

195 952 262 1014 aat,
281 952 316 999 ut
334 942 362 998 is
381 939 487 998 malum
516 956 649 999 annuere
678 958 734 997 mm
760 938 849 1020 pofflt.
891 937 969 1001 Dico
995 938 1204 1019 stupa‘adum,
1235 956 1392 1017 quatenus

195 1050 259 1129 ejus
287 1048 490 1128 Cupiditatem
517 1051 622 1111 malum
644 1049 802 1111 amovendi
823 1048 1016 1114 admiratione
1037 1052 1165 1113 coerceri
1185 1050 1392 1131 intelligimus.

196 1164 391 1225 Fiuiluamem
417 1176 516 1223 autem
544 1161 630 1237 dico,
658 1178 806 1239 quatenus
835 1161 1019 1239 concipimus
1040 1166 1160 1225 eandem
1181 1164 1391 1241 Cupiditatem

197 1272 324 1336 codtceti
351 1272 472 1335 Timore
500 1272 619 1335 alterius
647 1272 732 1349 mali,
761 1275 842 1351 quod
864 1272 958 1349 ipsum
980 1292 1064 1352 aeque
1085 1273 1212 1337 cruciat:
1235 1277 1313 1337 unde
1336 1278 1392 1352 iit,

198 1400 251 1459 ut,
272 1386 421 1461 quodnam
442 1402 479 1445 ex
500 1386 618 1447 duobus
638 1399 771 1460 avertat,
791 1384 910 1447 nesciat.
952 1388 998 1446 De
1019 1384 1065 1447 his
1085 1386 1154 1449 vide
1175 1387 1274 1449 schol
1296 1388 1392 1465 Prop.

199 1514 248 1574 39.
268 1470 299 1558 et
318 1497 416 1558 Schol.
436 1498 524 1573 Ptop.
545 1508 594 1571 52.
615 1496 713 1574 hujus.
735 1498 881 1559 Caetetum
904 1500 940 1559 de
962 1497 1198 1559 Pufillanimitate
1210 1513 1239 1560 et
1251 1499 1393 1560 Audacia

198 1608 268 1671 vide
287 1608 386 1671 schot
406 1608 494 1685 Prop.
516 1620 565 1683 51.
585 1606 685 1685 hujus.

737 1754 844 1814 XLIII.

239 1866 416 1926 Humanitas
436 1864 487 1926 seu
507 1866 650 1943 Modestia
670 1866 711 1926 cst
732 1865 890 1943 Cupiditas
912 1886 945 1927 ca
967 1867 1111 1944 facIendi,
1132 1886 1197 1945 qua
1217 1868 1392 1931 hominibus

200 1977 334 2051 placent,
354 1991 385 2036 ct
406 1975 581 2052 omittendi,
602 1995 667 2053 quae
688 1976 853 2054 displicent.

741 2123 850 2183 XLIV.

240 2230 368 2293 Ambitio
389 2234 430 2294 est
450 2234 604 2296 immodica
625 2234 725 2315 gloriae
748 2235 914 2312 Cupiditas.

638 2393 946 2458 siattcncto

239 2503 373 2564 Ambitio
395 2503 436 2565 est
456 2503 630 2581 Cupiditas,
659 2525 717 2584 qua
746 2525 847 2568 omnes
869 2507 991 2570 elladius
1013 2509 1089 2588 (per
1110 2511 1200 2590 Prop.
1221 2526 1269 2587 27.
1291 2527 1319 2571 et
1342 2529 1392 2589 31.

200 2613 301 2694 liujus)
330 2616 472 2678 foventur
498 2631 529 2676 et
558 2621 804 2694 corroborantut;
834 2635 863 2680 et
885 2619 954 2681 ideo
975 2619 1022 2682 hic
1045 2620 1166 2684 affeiius
1188 2623 1240 2684 vix
1261 2622 1394 2701 superati

201 2726 307 2802 potest.
347 2729 424 2788 Nam
456 2727 597 2804 quamdiu
628 2729 717 2790 homo
751 2729 847 2808 aliqua
878 2730 1053 2807 Cupiditate
1075 2747 1209 2808 tenetur,
1233 2735 1287 2794 hac
1308 2733 1394 2796 lintul

200 2837 356 2898 necessatio
377 2854 504 2901 tenetur.
547 2842 679 2920 Optimus
699 2843 836 2919 quisque,
858 2841 954 2920 inquit
975 2843 1082 2904 Cicero
1101 2845 1127 2921 *‚
1148 2850 1270 2906 maxime
1288 2847 1393 2922 gloria

199 2951 324 3010 ducitur.
345 2949 516 3030 Pitusoplu
534 2955 622 3010 etiam
642 2953 745 3030 libris,
772 2973 839 3032 quas
858 2955 893 3014 de
912 2957 1111 3015 contemnenda
1128 2957 1227 3032 gloria
1240 2959 1395 3035 scribunt,

199 3079 296 3120 nomeu
309 3063 397 3138 suum
416 3063 599 3139 inscribunt,
620 3079 671 3124 etc.

748 3176 843 3236 XLV.

239 3285 378 3345 Luxuria
398 3284 438 3345 est
459 3285 648 3348 immoderata
671 3287 852 3350 convivandi
874 3287 1048 3364 Cupiditas,
1069 3291 1118 3351 vel
1139 3289 1225 3350 etiam
1248 3291 1350 3350 Amor.

739 3431 848 3492 XLVI.

242 3540 382 3602 Ebrietas
402 3541 443 3602 est
463 3542 652 3604 immoderata
673 3541 798 3619 potandi
821 3543 979 3620 Cupiditas
1000 3558 1030 3605 et
1053 3544 1155 3604 Amor.

730 3685 854 3746 XLVII.

243 3793 388 3854 Auaritia
408 3795 449 3854 est
470 3794 659 3857 immoderata
680 3795 849 3858 divitiatum
869 3797 1027 3876 Cupiditas
1049 3814 1078 3859 et
1099 3800 1201 3859 Amor.

724 3941 863 4001 XLVIII.

242 4051 345 4112 Libido
376 4053 417 4113 est
444 4051 532 4114 etiam
559 4053 717 4130 Cupiditas
740 4069 769 4115 ct
791 4056 884 4116 Amor
907 4054 937 4116 in
958 4055 1179 4118 commiscendis
1206 4057 1397 4132 corporibus.

236 4320 249 4350 *
283 4319 332 4373 Pto
350 4318 442 4373 nrcnu
462 4332 499 4372 ιι.
