2934 4900
319 355 812 436 Theologico·l'olitici
849 353 1028 432 Cap.Vlll.
1208 369 1265 433 49¹

76 545 143 592 tur:
166 546 197 593 et
217 547 321 608 praeter
340 531 404 594 hacc
425 531 479 593 alia
500 533 607 608 multa,
628 551 694 610 quae
713 529 774 608 iam
795 551 812 593 a
833 529 921 593 nobis
944 529 1076 610 dignosci
1097 544 1266 609 nequeunt,

77 641 139 703 line
161 643 270 719 dubio,
291 658 325 704 ur
345 642 461 706 facilius
482 642 775 706 abhominamini
796 643 854 706 cvi
875 643 1117 722 perciperentur,
1137 643 1267 722 addidit,

77 759 128 818 vel
160 755 223 819 aliia
253 757 351 820 verbis
380 758 525 834 expressit.
564 757 615 833 si,
645 757 781 835 inquam,
812 755 905 832 ipsum
937 753 1030 818 Molis
1053 754 1159 818 libntm
1177 755 1267 834 Legit

78 867 268 944 haberemus,
288 884 350 930 non
370 868 477 931 dubito
499 869 589 946 quin,
610 883 669 930 tant
690 869 721 930 in
741 868 841 932 verbis
861 885 948 945 quam
969 867 1000 928 in
1020 866 1125 928 ordine
1136 880 1167 928 ct
1177 866 1268 928 ratio-

78 977 170 1040 nibus
196 995 426 1057 praceptorum,
455 999 585 1060 magnam
607 979 829 1057 discrepantiam
850 979 1050 1056 reperiremus.
1091 980 1170 1040 Dum
1191 979 1268 1039 enim

78 1090 173 1151 solum
194 1091 373 1171 Decalogum
394 1090 482 1169 hujus
501 1091 567 1152 libri
589 1111 655 1153 cum
676 1091 829 1170 Decalogo
849 1091 949 1152 Exodi
978 1089 1045 1169 (ubi
1066 1089 1130 1167 ejus
1150 1088 1268 1153 historia

78 1223 118 1265 ex
141 1203 267 1280 professo
287 1207 432 1284 narratur)
455 1205 596 1282 consero,
616 1223 682 1266 eum
704 1204 819 1266 abhoc
840 1202 871 1264 in
891 1202 938 1264 laia
959 1202 1096 1266 omnibus
1107 1202 1267 1280 discrepare

78 1313 188 1378 video:
216 1330 350 1393 quartum
378 1315 454 1377 enirn
484 1331 663 1393 pracceptum
683 1334 744 1378 non
765 1331 879 1377 tantum
901 1315 960 1376 alio
981 1317 1071 1376 modo
1092 1313 1267 1391 imperatur,

78 1423 132 1486 sed
152 1421 269 1502 insuper
288 1427 382 1486 multo
404 1424 549 1501 prolixius
570 1425 757 1486 extenditur:
779 1423 843 1501 ejus
864 1437 962 1486 autern
983 1421 1060 1484 ratio
1081 1424 1117 1484 ab
1138 1441 1267 1501 ea,quae

78 1533 113 1597 in
141 1537 292 1616 Decalogo
319 1535 419 1599 Exodi
448 1536 595 1613 adfertur,
621 1551 690 1598 toto
718 1536 795 1597 coelo
826 1533 980 1610 discrepat.
1019 1533 1156 1611 Denique
1177 1535 1269 1610 ordo,

79 1666 144 1725 quo
174 1647 222 1709 hic
252 1647 396 1711 decimum
427 1663 607 1727 pracceptum
639 1647 821 1724 explicatur,
851 1645 939 1708 etiam
958 1645 1033 1708 aliua
1053 1645 1112 1722 esi,
1130 1664 1218 1722 quam
1237 1645 1268 1707 in

77 1759 201 1822 Exodo.
241 1761 312 1821 llaec
341 1759 446 1839 igitur,
474 1779 539 1821 cum
565 1759 614 1822 bic
642 1775 704 1822 tunt
732 1759 763 1821 in
792 1759 857 1822 aliia
884 1758 976 1836 locia,
997 1773 1032 1820 ut
1048 1757 1109 1836 jam
1130 1757 1211 1834 dixi,
1231 1759 1268 1818 ab

78 1871 179 1933 Hezra
210 1871 284 1933 fadia
315 1871 465 1949 existimo,
496 1871 566 1950 quia
585 1871 611 1934 it
631 1873 739 1952 Legem
771 1871 829 1933 Dei
858 1870 1029 1933 hominibus
1055 1869 1100 1932 sui
1127 1869 1271 1947 temporie

79 1985 242 2062 explicuit,
263 1995 352 2062 atquc
374 1985 496 2060 proinde
517 1984 595 2047 hunc
617 1983 671 2046 csse
692 1985 814 2046 Librum
834 1983 924 2062 Legit
943 1983 1001 2045 Dei
1022 1981 1140 2060 abipso
1158 1997 1268 2044 ornate

80 2110 114 2156 et
142 2094 306 2171 explicata.
347 2095 387 2156 Et
413 2096 492 2157 hunc
519 2094 623 2156 librum
652 2095 801 2170 omnium,
822 2113 899 2172 quos
919 2093 1012 2169 ipsum
1033 2091 1169 2170 scripsisse
1189 2091 1269 2170 dixi,

80 2207 205 2285 primum
227 2205 309 2269 scrisse
329 2221 423 2284 puto;
443 2210 525 2284 quod
545 2207 613 2269 hinc
634 2207 774 2285 conjicio,
795 2207 865 2284 quia
884 2207 980 2286 Ltget
1000 2205 1104 2267 Patriae
1124 2205 1270 2281 continet,

81 2317 191 2396 quibus
218 2321 347 2397 populus
374 2319 498 2381 maxime
519 2319 649 2400 indiget,
671 2336 703 2381 et
724 2319 812 2381 etiam
832 2318 902 2397 quia
923 2318 972 2380 hic
990 2317 1065 2380 liber
1084 2315 1272 2380 antecedenti

81 2433 162 2495 nulla
180 2431 406 2511 conjundiione,
427 2449 461 2495 ut
481 2431 585 2511 reliqui
605 2453 725 2511 omnes,
746 2431 927 2510 anncdiitur,
947 2431 996 2495 sed
1017 2431 1112 2495 soluta
1132 2429 1268 2493 oratione

81 2545 204 2623 incipit,
231 2548 301 2608 Haec
320 2548 395 2625 sunt
421 2547 514 2608 verba
540 2548 639 2627 Mofis,
659 2562 711 2609 etc.
753 2549 796 2609 At
818 2545 970 2623 postquam
990 2546 1070 2607 hunc
1089 2545 1217 2608 absolvit
1237 2559 1268 2605 et

81 2660 226 2735 populum
252 2659 331 2738 leges
360 2656 498 2734 edocuit,
526 2672 588 2720 tum
617 2658 742 2721 studium
771 2656 930 2720 adhibuisse
958 2660 1047 2719 credo
1072 2658 1109 2718 ad
1128 2656 1269 2735 integram

81 2768 230 2832 historiam
258 2770 390 2832 Hebraeae
420 2769 549 2832 nationis
577 2770 813 2847 describendam,
834 2791 850 2831 a
871 2770 988 2831 Mundo
1014 2766 1126 2831 scilicet
1144 2767 1268 2830 condito

82 2882 175 2958 usque
187 2883 223 2944 ad
235 2882 369 2944 summanr
390 2882 483 2946 Urbis
503 2882 714 2961 vastationem,
736 2882 784 2944 cui
805 2882 883 2944 bunc
903 2880 1024 2943 Librum
1043 2880 1269 2944 Deuteronomii

82 2992 137 3053 suo
157 2994 226 3053 loco
248 2992 379 3056 inseruit.
399 2994 440 3055 Er
461 2996 539 3056 forte
561 2994 624 3073 ejus
645 2996 756 3072 primos
777 2995 908 3074 quinque
927 2993 1018 3055 libros
1037 2992 1155 3055 nominc
1175 2992 1268 3055 Mosa

84 3102 223 3179 vocavit,
251 3104 320 3181 quia
340 3102 370 3165 in
392 3103 427 3167 iia
449 3106 595 3183 praecipue
616 3104 680 3184 ejus
700 3108 764 3171 vita
784 3105 971 3182 continetur,
992 3121 1023 3167 et
1048 3124 1153 3166 nornen
1174 3123 1191 3166 a
1212 3124 1267 3182 po-

82 3216 160 3276 tiore
181 3214 311 3292 stunpfit:
324 3216 419 3278 ethac
440 3217 527 3279 etiam
550 3221 585 3281 de
606 3216 691 3282 causa
713 3216 826 3281 sextum
847 3216 964 3279 nomine
983 3216 1096 3300 Josttae,
1114 3216 1267 3295 septimum

82 3326 236 3409 Judicum,
264 3328 399 3389 odavum
428 3329 530 3405 Ruth,
557 3349 667 3393 nonum
690 3348 721 3392 et
742 3332 820 3393 forte
840 3329 929 3391 etiam
949 3328 1091 3391 decimum
1111 3329 1269 3407 Samuelis,

84 3455 115 3500 et
137 3438 264 3517 denique
285 3439 470 3502 undecimum
490 3456 522 3502 et
544 3442 750 3506 duodecimum
776 3446 891 3523 Regum
917 3442 1087 3520 appellavit.
1127 3444 1175 3503 An
1196 3460 1268 3507 vcro

84 3550 196 3611 Hezraa
215 3550 286 3611 huic
305 3550 390 3627 operi
410 3550 539 3613 ultimam
561 3572 675 3615 manunt
696 3554 882 3632 imposuerit,
903 3552 1008 3631 idque,
1025 3567 1059 3614 ut
1076 3551 1268 3631 desiderabat,

83 3661 259 3739 perfecerit,
279 3663 316 3723 de
337 3680 375 3724 eo
396 3662 465 3725 vide
487 3663 611 3743 sequens
632 3664 740 3745 Caput.
