2934 4900
228 331 285 400 tt4
648 311 831 378 Ethicea
860 312 929 377 Para
948 311 988 378 11.

226 511 315 558 tatem
337 491 409 574 (per
427 495 516 572 Prop.
537 512 586 574 41.
607 489 709 572 basus)
735 510 821 570 vere,
841 492 899 554 hoc
921 491 962 554 est
983 492 1055 572 (per
1074 492 1189 555 Axiam.
1208 495 1239 557 6.
1256 513 1289 573 p.
1312 493 1364 573 1.)
1391 510 1432 556 ut

94 637 99 650 ·
224 607 254 669 11
276 607 305 668 11
327 606 384 684 est,
410 605 546 684 percipit.
585 607 643 667 Sed
672 608 744 684 (per
764 607 854 682 Prop.
878 607 925 666 16.
940 624 973 682 p.
998 607 1038 685 1.)
1064 606 1126 668 haec
1147 623 1240 669 terum
1261 607 1430 668 necellitas

225 718 265 780 est
285 718 347 796 ipsa
366 717 424 781 Dei
445 733 560 780 aterne
582 733 691 780 natura
713 718 879 793 necellitaa3
906 717 986 797 Ergo
1006 720 1044 779 de
1064 732 1168 780 natura
1189 717 1331 780 Rationis
1357 717 1428 796 est,

223 849 269 892 res
290 830 342 892 sub
363 831 416 893 hac
438 830 610 894 aeternitatis
631 830 726 909 specie
748 829 949 906 contemplari.
989 831 1094 907 Adde,
1115 834 1197 908 quod
1217 831 1426 893 mandamento

224 941 363 1004 Rationis
390 942 530 1006 notiones
557 943 612 1005 sant
641 943 714 1023 (per
740 944 830 1020 Prop.
852 942 900 1020 38.
921 940 1042 1022 lajas),
1073 960 1137 1019 quac
1165 941 1214 1002 illa
1240 939 1426 1018 explicant,

224 1075 289 1134 quae
311 1057 447 1120 omnibus
468 1058 633 1121 communia
654 1057 739 1135 sunt,
760 1075 884 1135 quaeque
906 1057 977 1135 (per
997 1059 1087 1134 Prop.
1106 1073 1154 1134 37.
1175 1054 1278 1137 hujus)
1300 1057 1427 1118 nullius

222 1169 264 1231 rei
294 1169 443 1250 singularis
474 1169 620 1232 essentiam
651 1169 822 1247 explicant3
859 1187 986 1246 queque
1022 1183 1179 1247 propterea
1210 1169 1321 1247 absque
1355 1171 1426 1230 ulla

223 1281 363 1359 temporis
382 1283 543 1360 relatione,
562 1283 613 1345 sed
634 1281 686 1345 sub
705 1285 829 1359 quadam
848 1280 1135 1364 Ι11111111111111111
1153 1285 1263 1343 debent
1280 1280 1429 1356 concipi.

224 1396 381 1473 1111.

589 1507 916 1572 rnorostato
956 1507 1050 1568 xiv.

268 1637 452 1717 Unaquaeque
471 1639 660 1716 cujuscunque
679 1641 824 1716 corporis,
851 1638 901 1696 vel
918 1641 964 1696 rer·
978 1637 1139 1715 stragulatis
1158 1637 1224 1697 aliu
1244 1637 1401 1716 constantis
1410 1683 1422 1713 ,

221 1751 287 1810 idea
306 1751 365 1812 Del
385 1764 520 1811 aternam
540 1763 568 1811 et
587 1749 731 1830 infinitam
752 1748 895 1829 efferatione
914 1747 1066 1828 neceffario
1085 1749 1220 1810 involvit.

622 1912 1018 1957 Demonstnntto

263 2023 331 2085 ldea
359 2022 400 2084 rei
427 2022 593 2103 singularis,
621 2027 687 2086 11111
707 2022 876 2099 existentia,
897 2021 986 2099 ipliuc
1005 2020 1047 2083 rei
1069 2036 1129 2084 taut
1150 2019 1298 2084 essentiam
1321 2041 1414 2099 quam

223 2136 404 2197 existentiam
432 2134 588 2198 necessario
617 2135 746 2200 involvit
775 2136 847 2216 (per
876 2134 978 2196 Coroll.
1002 2136 1093 2215 Prop.
1115 2134 1142 2196 11.
1163 2133 1281 2214 brajao:
1302 2136 1347 2195 At
1369 2153 1422 2195 tes

224 2247 378 2327 fingulares
406 2248 477 2328 (per
497 2248 586 2328 Prop.
611 2259 657 2324 15.
674 2261 706 2328 p.
731 2247 772 2326 1.)
801 2265 862 2308 non
884 2246 1004 2324 possunt
1024 2247 1084 2308 111
1103 2249 1170 2309 Deo
1191 2245 1327 2323 concipi3
1347 2246 1421 2319 sed,

226 2357 294 2434 quia
326 2357 397 2437 (per
417 2359 506 2438 Prop.
527 2359 556 2418 6.
578 2355 678 2435 hujus)
709 2358 806 2418 Deum
834 2374 889 2432 pro
918 2355 1004 2418 causa
1031 2355 1157 2432 habent,
1186 2371 1333 2433 quatenus
1363 2355 1421 2416 sub

110 2488 120 2517 ⁰
226 2470 371 2531 attributo
399 2468 613 2545 1011ιά111111,
640 2468 725 2547 cuius
753 2488 798 2531 res
827 2468 895 2545 ipsae
916 2468 998 2531 modi
1019 2468 1103 2545 sunt,
1122 2470 1232 2529 debent
1253 2467 1416 2529 necell'atio

226 2599 322 2643 earutn
342 2582 415 2644 idea
438 2583 510 2662 (per
530 2582 645 2643 Axiam.
665 2602 695 2663 4.
711 2595 745 2661 p.
769 2583 810 2661 1.)
832 2580 957 2659 ipsarum
977 2580 1114 2643 attributi
1135 2595 1334 2658 conceptum,
1355 2582 1418 2641 hoc

225 2692 266 2753 est
288 2694 359 2773 (per
373 2694 507 2774 Defin.6.
515 2708 548 2775 p.
563 2695 606 2774 1.)
627 2695 684 2756 Dei
707 2709 843 2756 aternam
866 2710 897 2755 11
918 2695 1060 2755 infinitam
1082 2692 1230 2756 cisentiam
1251 2694 1418 2758 involvere.

227 2807 261 2884 Q.
284 2807 322 2868 1.
344 2809 385 2869 o.

692 2905 948 2949 scnottuu.

266 3014 323 3075 1111
344 3032 397 3092 per
418 3014 598 3077 existentiam
621 3033 681 3077 non
703 3016 836 3096 intelligo
858 3015 1057 3092 durationem,
1077 3016 1134 3077 hoc
1156 3015 1198 3076 est
1218 3015 1418 3091 existentiam,

227 3144 372 3204 quatenus
390 3124 527 3189 abstracte
546 3124 727 3203 concipitur,
745 3143 775 3188 et
792 3143 931 3205 tanquam
951 3129 1083 3205 quedam
1102 3126 1276 3204 quantitatis
1292 3125 1417 3202 specics.

227 3240 301 3299 Nam
322 3238 430 3315 loquor
451 3240 486 3299 de
507 3238 568 3314 ipsa
591 3254 692 3299 natura
714 3237 889 3315 existentiae,
911 3257 977 3315 quae
995 3242 1083 3300 rebus
1100 3238 1290 3318 singularibus
1308 3239 1416 3301 tribui·

227 3364 275 3411 tur
302 3366 473 3427 propterea,
502 3351 584 3427 quod
612 3368 648 3411 ex
677 3367 785 3412 aeterna
813 3352 977 3413 necestitate
1005 3350 1063 3412 Dei
1084 3366 1194 3413 natura
1215 3350 1328 3412 infinita
1350 3352 1416 3412 insi·

227 3461 297 3523 nitia
327 3462 422 3525 modis
453 3463 613 3541 sequuntur
634 3464 715 3543 (rude
734 3465 824 3543 Prop.
849 3466 894 3523 16.
911 3476 944 3542 p.
968 3465 1019 3543 1.).
1059 3464 1200 3541 Loquor,
1220 3463 1355 3541 inquam,
1377 3467 1414 3525 de

228 3574 288 3651 ipsa
313 3576 464 3637 existentia
485 3594 577 3637 rerum
599 3573 798 3655 singularium,
820 3592 965 3652 quatenus
986 3576 1016 3637 in
1036 3579 1104 3639 Deo
1125 3576 1201 3639 sunt.
1241 3578 1334 3655 Nam,
1362 3579 1413 3640 etii

228 3704 410 3763 unaqueque
439 3689 475 3747 ab
504 3688 608 3749 aliare
629 3686 764 3766 singulari
786 3688 993 3750 determinetur
1018 3691 1056 3750 ad
1076 3705 1157 3750 certo
1178 3692 1268 3751 modo
1289 3690 1414 3750 existen·

228 3800 313 3873 dum,
335 3798 380 3860 vit
401 3812 514 3876 tamen,
536 3818 593 3875 qua
615 3817 799 3878 unaquaeque
820 3800 851 3861 in
872 3800 1023 3862 existendo
1044 3800 1224 3877 perseverat,
1245 3819 1283 3863 ex
1305 3819 1412 3863 eterna

228 3911 391 3972 neccffitate
412 3926 522 3973 nature
542 3912 601 3972 Dei
622 3910 763 3989 sequitur.
784 3913 850 3995 Qua
871 3915 959 3974 dere
981 3912 1050 3975 vide
1061 3912 1173 3975 Coroll.
1184 3914 1271 3991 Prop.
1282 3932 1331 3995 24
1342 3934 1372 3991 p.
1386 3932 1411 3975 1.

588 4071 916 4134 PROPOSITIO
955 4074 1064 4137 vat.

272 4200 402 4275 Cognitr'o
433 4178 546 4261 aterna
576 4212 605 4260 et
633 4200 756 4280 infinita
785 4200 906 4279 effetatiae
936 4204 1009 4277 Dei,
1041 4220 1126 4280 quam
1152 4220 1329 4280 unaquaeque
1346 4206 1409 4265 idea

229 4312 371 4386 introlvit,
392 4311 430 4389 est
449 4314 605 4390 adaequata
624 4326 651 4373 et
667 4313 809 4392 perfesla.
