2934 4900
334 328 835 418 Theologico·Politici
867 333 941 415 Cap.
962 333 1001 399 V.
1200 348 1259 418 435

62 531 188 577 tanturn
207 518 345 593 diligere,
365 523 416 594 qui
429 520 530 595 sciunt
550 522 578 577 e't
597 518 776 593 intelligunt,
798 518 874 594 quod
891 518 953 597 ipse
967 529 1079 576 exercet
1097 517 1259 593 mesericor-

63 631 167 704 diam,
188 629 348 705 judicium,
374 644 402 689 et
420 629 565 707 justitiam
585 632 617 687 r'n
637 630 757 701 mond0;
777 631 899 705 adeoque
918 632 950 688 in
971 629 1113 708 posterum
1133 648 1187 688 nort
1207 627 1261 704 m'st

63 762 132 817 eos,
156 746 207 819 qur·
226 740 287 803 hec
306 754 429 816 norum,
449 742 533 800 laude
552 743 653 816 dignos
675 742 910 819 estimaudoseffe
922 740 1004 818 (vide
1016 759 1079 817 cap.
1091 758 1120 817 9.
1132 739 1173 803 vs.
1186 740 1261 817 23.),

65 853 156 930 quali
184 854 312 930 diceret,
340 857 436 915 Deum
457 854 523 931 post
543 852 623 914 urbis
644 852 838 914 vastationem
858 851 931 912 nihil
952 850 1092 930 lingulare
1114 869 1130 911 a
1150 851 1261 931 Judaeis

65 966 210 1044 exigere,
230 985 285 1026 nec
306 965 384 1027 aliud
406 967 441 1025 ab
463 964 563 1025 iisdem
585 964 615 1025 in
637 965 783 1039 posterum
804 980 922 1041 petere,
943 980 1048 1039 praeter
1064 966 1156 1042 legem
1174 980 1261 1025 natu·

64 1080 179 1152 talem,
199 1096 256 1154 qua
278 1094 380 1137 omnes
400 1078 537 1139 mortales
558 1091 705 1138 tenentur.
737 1078 858 1138 Novum
880 1090 1017 1152 praeterea
1039 1076 1258 1137 Testamentum

63 1190 133 1251 hoc
164 1188 257 1264 ipsum
287 1189 372 1264 plane
404 1190 573 1263 confirmat;
603 1188 633 1248 in
664 1205 701 1248 eo
733 1187 826 1263 enim,
848 1188 892 1248 uti
913 1186 1057 1263 diximus,
1079 1190 1257 1250 documenta

64 1317 190 1361 tanturn
221 1300 341 1360 moralia
372 1302 534 1375 docentur,
566 1315 596 1359 et
627 1317 682 1375 pro
714 1298 751 1359 iis
781 1316 901 1378 regnum
922 1300 1037 1361 coeleste
1058 1301 1241 1375 promittitur

65 1409 263 1470 caeremonias
290 1424 404 1485 autern,
431 1408 583 1485 postquam
611 1407 804 1487 Euangelium
831 1407 895 1469 aliis
927 1408 1014 1469 etiarn
1035 1408 1188 1487 gentibus,
1209 1410 1261 1485 qui

66 1523 195 1583 alterius
215 1521 399 1597 Reipublicae
417 1520 483 1597 jure
504 1522 698 1594 tenebantur,
717 1518 866 1595 predicari
885 1518 1117 1596 incepit,miffas
1129 1522 1261 1581 fecerunt

65 1631 230 1709 Apostoli;
257 1634 340 1708 quod
368 1646 465 1692 autem
486 1631 621 1693 Pharisaei
640 1632 707 1708 post
728 1630 856 1693 amilium
878 1631 1028 1707 imperium
1049 1652 1114 1709 eas,
1136 1650 1186 1695 aut
1208 1633 1260 1695 sal·

65 1761 134 1805 tem
163 1762 293 1823 magnam
322 1761 419 1805 earum
446 1758 576 1819 partem,
596 1742 789 1818 retinuerint,
810 1743 840 1805 id
863 1742 953 1822 magis
974 1743 1070 1806 animo
1092 1744 1261 1807 Christianis

67 1855 266 1930 adversandi,
293 1873 379 1932 quam
406 1857 473 1915 Deo
502 1854 637 1930 placendi
665 1855 808 1915 fecerunt.
849 1856 924 1915 Nam
950 1856 1015 1931 post
1042 1856 1160 1932 primam
1182 1857 1261 1919 urbis

66 1965 284 2041 vastationem,
308 1984 373 2027 cunr
394 1966 574 2043 Babylonem
595 1964 708 2041 captivi
729 1964 809 2027 duui
830 1966 966 2042 fuerunt,
988 1967 1057 2043 quia
1078 1984 1141 2029 turn
1164 1968 1193 2029 in
1216 1967 1259 2029 se·

67 2080 136 2137 cias
158 2096 218 2138 non
241 2093 339 2152 erant,
361 2079 443 2153 quod
468 2076 570 2153 sciam,
598 2075 700 2153 divili,
726 2076 821 2138 statim
843 2078 1029 2139 ceremoniae
1051 2082 1260 2159 neglexerunt,

67 2189 135 2249 imo
158 2189 218 2250 toti
234 2189 291 2268 legi
312 2189 406 2251 Mosrs
427 2190 648 2265 valedixerunt,
670 2189 831 2268 patriaeque
848 2190 913 2268 jura
936 2192 1097 2269 oblivioni,
1119 2209 1153 2255 ut
1174 2195 1260 2269 plane

68 2302 236 2378 superflua,
266 2303 464 2378 tradiderunt,
495 2318 525 2363 et
553 2303 581 2364 le
612 2322 677 2363 curn
706 2303 819 2365 caeteris
847 2303 1018 2365 nationibus
1038 2304 1194 2365 immiscere
1216 2305 1260 2367 in·

67 2429 234 2491 ceperunt,
262 2430 296 2476 ut
324 2433 362 2476 ex
387 2416 502 2476 Hezdra
530 2429 561 2476 et
592 2414 733 2477 Nehemia
756 2414 825 2477 satis
846 2415 990 2494 superque
1011 2416 1133 2478 constat.
1162 2418 1259 2500 Quare

67 2546 136 2588 non
166 2525 286 2588 dubium
316 2527 374 2603 est,
402 2527 474 2604 quin
498 2526 611 2607 Judaei,
634 2526 694 2603 jam
723 2527 791 2603 post
818 2526 985 2589 dissolutum
1008 2527 1175 2606 imperium,
1196 2529 1260 2608 lege

66 2638 169 2700 Molis
208 2657 268 2700 non
304 2638 394 2718 magis
429 2652 600 2714 teneantur,
631 2658 719 2715 quam
751 2655 906 2716 antequam
939 2658 1040 2702 eorum
1073 2640 1197 2702 societas
1229 2655 1259 2702 et

66 2751 237 2827 respublica
269 2750 432 2827 inceperit,
462 2753 531 2812 dum
562 2749 639 2811 enim
666 2750 743 2812 inter
775 2750 845 2812 alias
879 2751 1014 2812 nationes
1046 2767 1114 2814 ante
1146 2753 1259 2814 exitum

67 2883 112 2926 ex
144 2865 280 2942 AEgypto
311 2864 466 2940 vixerunt,
497 2865 590 2924 nullas
620 2865 700 2942 leges
730 2861 892 2940 peculiares
920 2863 1103 2940 habuerunt,
1123 2883 1176 2926 nec
1199 2867 1259 2927 ullo

66 2975 126 3036 nili
146 2975 269 3037 naturali
293 2975 376 3052 jure,
404 2994 435 3037 et
456 2976 515 3037 fine
541 2975 633 3038 dubio
654 2975 741 3036 etiam
766 2975 832 3051 jure
853 2975 1022 3052 reipublice
1044 2977 1073 3038 in
1096 2997 1153 3054 qua
1175 2977 1259 3042 vive·

66 3090 162 3163 bant,
193 3101 341 3162 quatenus
371 3086 429 3164 legi
460 3085 568 3148 divinae
600 3086 723 3146 naturali
756 3103 815 3147 non
847 3090 1046 3165 repugnabat,
1075 3090 1259 3150 tenebantur.

67 3199 166 3279 Quod
198 3213 294 3258 autern
325 3197 497 3258 Patriarchae
527 3199 594 3258 Deo
626 3196 877 3275 sacrificaverunt,
914 3197 943 3259 id
974 3198 1070 3260 fecille
1101 3215 1194 3277 puto,
1226 3216 1259 3263 ut

67 3311 157 3372 suum
186 3309 329 3385 animum,
359 3328 445 3386 quem
467 3329 482 3369 a
504 3308 628 3384 pueritia
657 3308 802 3370 sacrificiis
825 3308 964 3372 assuetum
984 3311 1147 3390 habebant,
1168 3313 1259 3392 magio

70 3426 111 3483 ad
144 3421 336 3484 devotionem
367 3421 540 3496 incitarent;
571 3441 671 3484 omnes
703 3422 779 3482 enirn
810 3422 943 3484 homines
975 3443 991 3485 a
1024 3441 1154 3502 ternpore
1176 3427 1258 3490 Enos

71 3534 222 3596 sacrificiis
261 3537 346 3610 plane
382 3532 613 3610 consueverant,
643 3535 683 3596 ita
715 3551 749 3596 ut
779 3535 815 3596 iis
847 3533 968 3596 inanime
1000 3539 1036 3598 ad
1067 3537 1258 3601 devotionem

72 3646 277 3708 incitarentur.
308 3646 481 3708 Patriarchae
501 3646 592 3725 igitur
611 3665 671 3708 non
692 3665 730 3706 ex
747 3646 813 3723 jure
835 3647 934 3723 aliquo
956 3648 1060 3711 divino
1080 3649 1259 3728 imperante,

71 3761 124 3820 vel
155 3777 192 3820 ex
225 3758 436 3822 universalibus
466 3760 662 3820 fundamentis
693 3759 766 3838 legis
797 3759 904 3824 divinae
936 3761 1050 3838 edoeii,
1070 3761 1119 3824 sed
1141 3781 1178 3824 ex
1198 3763 1258 3826 sola

71 3870 153 3932 illiue
183 3871 325 3948 temporis
355 3872 586 3946 consuetudine,
616 3873 684 3932 Deo
715 3872 966 3950 sacrificaverum3
986 3890 1017 3935 et
1036 3873 1056 3934 li
1078 3895 1114 3936 ex
1136 3876 1258 3954 alicujus

74 3985 215 4044 mandato
248 3983 279 4044 id
310 3983 461 4060 fecerunt,
493 3987 659 4046 mandatum
689 3984 761 4046 illud
789 3987 899 4048 nulum
928 3985 1007 4048 aliud
1026 3987 1083 4048 fuit
1104 4007 1190 4065 quam
1208 3988 1258 4066 jus
1333 4033 1337 4040 -

75 4095 267 4172 reipublice,
297 4095 327 4156 in
360 4115 417 4174 qua
448 4096 608 4172 vivebant,
638 4116 698 4175 quo
729 4097 817 4158 etiam
850 4099 898 4177 (ut
919 4097 984 4174 -jam
1015 4097 1077 4175 hic,
1109 4115 1139 4162 et
1170 4100 1258 4162 etiam

73 4207 182 4283 Capite
225 4207 332 4287 terti0,
368 4227 433 4270 cum
471 4211 507 4271 de
543 4210 740 4272 Malkitsedek
775 4211 894 4288 loquuti
925 4211 1039 4290 sumus,
1074 4213 1257 4294 notavimus)

71 4322 257 4382 tenebantur.
1149 4302 1162 4321 ’
