2934 4900
415 328 553 407 Caput
583 330 649 391 Vll.
689 332 735 391 De
755 327 938 391 Monarchia.
1208 346 1266 408 317

64 504 161 579 ipsam
198 506 364 569 convenire
395 508 496 583 point,
527 526 579 569 nec
612 526 649 569 ex
681 507 908 583 controversus,
939 525 1004 583 quae
1035 508 1204 584 plerumque
1235 507 1265 568 in

64 618 188 697 magnis
213 618 359 680 Conciliis
380 620 563 695 excitantur,
582 619 613 681 in
634 619 794 682 seditiones
814 619 871 697 ire;
900 635 989 697 atque
1010 622 1084 681 adeo
1105 620 1265 682 multitudo

66 730 97 789 id
118 730 224 791 libere
246 735 451 793 tantummodo
471 732 501 793 in
523 734 634 811 Regem
656 734 809 806 transfert,
830 735 912 809 quod
934 733 1066 793 absolute
1077 732 1107 793 in
1119 733 1265 809 potestate

65 840 131 916 ipsa
167 842 283 904 habere
317 843 436 921 nequit,
464 844 521 905 hoc
550 844 590 905 est
625 844 885 907 controversiarum
914 843 1153 921 diremptionem,
1181 861 1211 906 et
1236 845 1266 907 in

65 955 271 1017 decernendo
300 955 528 1033 expeditionem.
569 958 645 1017 Nam
673 958 756 1034 quod
782 956 857 1033 saepe
878 956 964 1017 etiam
986 958 1035 1033 fit,
1056 972 1090 1019 ut
1111 959 1179 1020 Rea
1198 958 1267 1019 belli

65 1067 160 1126 causa
187 1068 333 1147 eligatur,
355 1068 422 1145 quia
443 1068 552 1129 scilicet
572 1070 679 1130 bellum
700 1088 716 1129 a
737 1068 871 1147 Regibus
892 1071 985 1131 multo
1006 1068 1121 1130 felicius
1142 1068 1266 1148 geritur,

66 1177 198 1240 inscitia
228 1180 294 1241 sane
323 1180 379 1255 est,
407 1181 538 1243 nimirum
567 1182 665 1258 quod,
686 1197 720 1243 ut
742 1184 848 1243 bellum
869 1181 983 1243 felicius
1004 1197 1122 1261 gerant,
1142 1182 1172 1243 in
1194 1201 1266 1258 pace

65 1290 186 1353 servire
217 1292 328 1367 velint;
356 1292 377 1351 li
405 1292 522 1369 quidem
550 1312 608 1369 pax
636 1312 672 1353 eo
701 1292 729 1355 in
758 1293 881 1369 imperio
907 1293 1005 1370 potest
1025 1293 1159 1370 concipi,
1181 1294 1266 1371 eujus

67 1402 190 1465 summa
213 1404 342 1481 potestas
363 1405 424 1466 soll
444 1405 511 1466 belli
532 1404 616 1466 cauli
636 1404 665 1466 in
688 1424 777 1467 unum
805 1406 940 1467 transsata
960 1405 1017 1482 est,
1038 1406 1089 1483 qui
1111 1423 1266 1483 propterea

68 1516 224 1579 virtutem
247 1516 341 1592 suam,
362 1532 393 1578 et
414 1516 487 1594 quid
508 1535 609 1579 omnes
630 1516 660 1578 in
681 1517 746 1593 ipso
767 1536 828 1579 uno
850 1517 993 1593 habeant,
1014 1517 1136 1578 maxime
1146 1518 1177 1579 in
1187 1519 1265 1579 bello

70 1627 236 1689 ostendere
258 1628 368 1705 potest;
390 1646 455 1689 cum
477 1643 578 1689 contra
600 1627 751 1704 imperium
772 1628 1008 1690 Democraticum
1018 1629 1077 1689 hoc
1087 1628 1266 1706 praecipuum

71 1738 208 1813 habeat,
238 1741 319 1816 quod
348 1738 411 1816 ejus
433 1739 527 1802 virtus
548 1741 641 1801 multo
663 1739 755 1818 magis
776 1740 806 1801 in
826 1759 899 1817 pace
920 1760 1007 1817 quam
1028 1740 1059 1801 in
1078 1742 1157 1801 bello
1177 1742 1266 1803 valet.

72 1850 133 1911 Sed
159 1869 339 1927 quacunque
367 1853 404 1913 de
432 1851 516 1911 causa
543 1854 610 1913 Rea
632 1852 773 1931 eligatur,
793 1852 854 1928 ipse
875 1853 971 1929 solus,
991 1870 1025 1915 ut
1042 1852 1101 1929 jam
1123 1852 1266 1930 diximus,

73 1962 152 2036 quid
184 1962 309 2038 Imperio
339 1962 409 2023 utile
437 1962 488 2039 srt,
516 1962 586 2024 scire
616 1964 736 2041 nequir;
764 1964 813 2025 sed
835 1966 967 2042 adhoc,
989 1981 1022 2028 ur
1043 1965 1073 2026 in
1094 1984 1180 2042 praec.
1200 1968 1266 2027 Art.

75 2073 279 2150 ostendimus,
301 2072 412 2135 necelle
434 2074 490 2150 est,
518 2090 551 2136 ur
574 2076 670 2151 plures
692 2076 774 2139 cives
796 2076 983 2139 Consiliarios
1003 2077 1125 2154 habeat;
1146 2094 1176 2138 et
1198 2078 1267 2154 quia

76 2186 241 2261 concipere
261 2204 444 2263 nequaquam
465 2185 627 2263 poilumus,
645 2190 727 2265 quod
746 2189 856 2266 aliquid
874 2192 958 2250 dere
976 2188 1152 2251 consulenda
1171 2189 1268 2264 potest

77 2298 221 2374 concipi,
247 2301 329 2374 quod
356 2315 415 2359 tam
442 2317 575 2377 magnum
604 2298 753 2361 hominum
775 2318 925 2361 numerum
947 2300 1099 2379 effugerit,
1120 2300 1267 2377 sequitur,

78 2414 166 2484 quod
195 2427 299 2486 praeter
326 2430 427 2473 omnes
454 2412 541 2488 hujus
563 2411 689 2474 Concilii
712 2412 887 2489 sententias,
909 2431 974 2490 quae
995 2415 1033 2474 ad
1054 2416 1164 2493 Regem
1185 2414 1266 2475 defe-

77 2539 205 2598 runtur,
226 2525 304 2585 nulla
326 2524 437 2600 poterit
459 2525 576 2600 concipi
598 2527 634 2586 ad
656 2525 760 2601 populi
781 2524 901 2586 salutem
922 2525 1038 2586 idonea.
1060 2527 1161 2602 Atque
1182 2529 1268 2600 adeo,

79 2637 151 2711 quia
175 2636 279 2712 populi
300 2635 374 2698 salus
396 2637 526 2715 suprema
546 2639 612 2711 lex,
633 2637 683 2699 seu
705 2637 797 2717 Regis
819 2639 957 2700 summum
975 2637 1025 2716 jus
1048 2639 1105 2715 est,
1125 2639 1266 2715 sequitur,

75 2747 125 2822 jus
149 2749 242 2827 Regis
264 2748 337 2825 elie,
356 2769 443 2812 unam
464 2769 502 2811 ex
524 2750 589 2812 latis
610 2748 739 2812 Concilii
769 2750 922 2812 sententiis
943 2751 1065 2829 eligere,
1087 2769 1147 2810 non
1169 2766 1265 2810 aurem

81 2879 188 2924 contra
220 2863 314 2925 totius
345 2863 472 2924 Concilii
503 2879 628 2925 mentem
661 2864 818 2940 quicquam
849 2865 1004 2924 decernere
1025 2863 1075 2924 vel
1094 2861 1266 2923 sententiam

82 2979 158 3038 ferre
179 2975 261 3052 (uide
280 2976 350 3038 Art.
372 2989 419 3052 25.
436 2979 559 3057 praeced.
582 2977 679 3056 Cap).
720 2977 778 3038 Sed
799 2975 819 3036 lr
840 2993 941 3036 omnes
962 2974 1114 3036 sententiae
1133 2974 1163 3034 in
1184 2974 1266 3034 Con·

81 3090 154 3150 cilio
182 3091 249 3150 larae
278 3093 314 3150 ad
342 3092 453 3168 Regem
482 3091 645 3151 deferendae
675 3087 783 3164 essent,
812 3087 874 3148 lieri
895 3085 1006 3164 pollet,
1025 3101 1060 3147 ut
1081 3087 1148 3146 Rex
1169 3083 1266 3162 parvis

82 3202 222 3279 urbibus,
244 3221 309 3279 quae
328 3203 465 3279 pauciora
483 3202 593 3263 habent
611 3200 760 3280 suffragia,
776 3199 888 3277 semper
904 3199 1027 3262 faveret.
1047 3199 1122 3258 Nam
1134 3196 1267 3274 quamvis

82 3335 120 3376 err
152 3316 216 3392 iege
247 3313 374 3376 Concilii
405 3314 543 3375 statutum
574 3313 628 3388 srr,
661 3329 694 3374 ut
727 3311 879 3372 sententiae
911 3329 972 3372 non
1004 3308 1139 3370 indicatis
1171 3326 1267 3368 earum

83 3424 260 3488 authoribus
287 3427 470 3506 deferantur,
498 3444 646 3502 nunquam
674 3441 770 3485 tamen
799 3440 857 3484 tam
884 3425 960 3483 bene
988 3439 1092 3484 cavere
1111 3433 1269 3496 poterunt,

85 3555 117 3598 ut
146 3556 207 3598 non
236 3537 332 3614 aliqua
361 3537 476 3614 effluar;
504 3557 536 3598 nc
558 3537 680 3614 proinde
702 3534 861 3598 necessario
883 3536 1066 3596 statuendum
1089 3533 1145 3607 est,
1167 3545 1199 3592 ut
1221 3531 1268 3591 illa

83 3649 245 3724 sententia,
273 3668 338 3726 quae
366 3665 483 3711 centum
511 3652 548 3710 ad
574 3649 722 3709 minimum
750 3647 885 3726 suffragia
914 3665 974 3708 non
1005 3643 1156 3718 habuerit,
1188 3641 1267 3702 irrita

83 3762 240 3836 habeatur;
269 3764 350 3838 quod
378 3761 495 3838 quidem
519 3759 569 3837 jus
597 3760 721 3836 majores
751 3761 836 3821 urbes
858 3759 964 3819 summa
986 3757 1017 3820 vi
1039 3757 1194 3819 defendere
1215 3755 1266 3815 de-

85 3873 207 3932 bebunr.

124 3983 150 4063 §.
172 3984 226 4043 Vl.
267 3984 368 4060 Atque
388 3983 453 4056 hic,
475 3983 525 4044 nifi
546 3983 686 4046 brevitati
708 3983 865 4058 studerem,
893 4000 1010 4060 magnas
1031 3979 1119 4056 huJus
1140 3975 1267 4038 Concilii

87 4095 229 4156 utilitates
259 4093 329 4156 alias
362 4095 558 4172 ostenderem
590 4114 675 4156 unam
708 4110 821 4171 tamen,
850 4113 915 4170 quae
937 4092 1053 4152 maximi
1075 4090 1192 4152 videtur
1212 4087 1266 4148 elie

88 4207 241 4283 nomenti,
263 4209 414 4268 adducam.
454 4210 568 4284 Nempe
598 4210 680 4283 quod
702 4209 812 4268 nullum
833 4205 925 4283 majus
946 4207 982 4265 ad
1003 4202 1142 4266 virtutem
1163 4199 1267 4260 incita·

89 4335 213 4380 mentum
243 4318 303 4380 dari
332 4319 445 4396 potest,
473 4319 527 4381 hac
548 4319 695 4381 communi
717 4319 766 4395 spe
787 4319 925 4380 summum
945 4317 1023 4378 hunc
1045 4315 1185 4375 honorem
1206 4311 1267 4374 adi·
