2934 4900
211 339 271 418 248
628 334 808 395 Ethices
835 335 904 395 Pars
924 338 978 397 IV.

210 514 261 575 nisi
282 514 416 575 homines
443 532 548 591 operas
576 529 693 574 mutuas
720 515 877 574 traderent.
918 514 1028 573 Verum
1050 512 1181 575 omnium
1202 532 1297 575 return
1318 534 1403 575 com-

210 626 350 701 pendium
373 624 498 701 pecunia
520 624 641 699 attulit,
661 627 740 685 unde
761 626 885 699 facium,
907 640 940 685 ut
961 624 1025 701 ejus
1045 625 1141 703 imago
1163 626 1296 687 Mentem
1317 628 1406 705 vulgi

211 736 333 797 maxime
361 754 505 812 occupare
534 735 642 810 soleat;
671 736 741 811 quia
769 735 821 797 vix
847 736 932 796 ullam
954 736 1081 797 Laetitiae
1103 735 1227 812 speciem
1248 738 1403 817 imaginari

211 846 417 923 ponunt,nis1
438 847 658 908 concomitante
679 864 861 908 nummorum
882 846 949 909 idea
969 862 1107 923 tanquam
1129 847 1222 908 causa.

637 1022 817 1085 CAPUT
858 1024 965 1083 XXIX.

249 1155 307 1215 Sed
333 1154 391 1213 hoc
419 1153 524 1215 vitium
552 1170 652 1213 eorum
679 1142 795 1211 tantum
825 1151 882 1225 est,
909 1150 961 1227 qui
990 1170 1050 1212 non
1076 1170 1113 1210 ex
1140 1150 1322 1229 indigentia,
1346 1170 1404 1211 nec

211 1282 332 1341 propter
352 1266 531 1325 neceffltates
552 1282 685 1324 nummos
706 1278 858 1339 quarunt,
874 1262 923 1323 sed
944 1262 1012 1338 quia
1033 1262 1104 1323 lucri
1123 1278 1198 1322 artes
1216 1261 1405 1336 didicerunt,

211 1376 319 1454 quibus
339 1375 367 1435 se
388 1375 538 1455 magnifice
560 1375 695 1435 efferunt.
737 1374 884 1435 Caeterum
905 1374 1023 1450 Corpus
1045 1393 1081 1433 ex
1103 1373 1317 1435 consuetudine
1337 1374 1405 1450 pas-

212 1499 299 1559 cunt,
329 1484 377 1544 sed
408 1502 511 1559 parce,
542 1482 612 1559 quia
642 1498 755 1543 tantum
785 1486 821 1543 de
849 1481 907 1543 suis
934 1484 1021 1543 bonis
1050 1483 1078 1543 se
1106 1485 1223 1559 perdere
1254 1487 1405 1560 credunt,

212 1610 353 1672 quantum
375 1595 418 1655 sui
440 1594 582 1669 Corporis
603 1594 823 1655 conservationi
844 1594 1027 1669 impendunt.
1056 1596 1098 1657 At
1120 1596 1170 1671 qui
1191 1613 1294 1657 verum
1316 1616 1403 1657 num-

212 1726 323 1769 morum
344 1707 425 1768 usum
447 1722 573 1781 norunt,
594 1722 624 1767 et
645 1706 813 1768 divitiarum
834 1708 952 1767 modurn
974 1724 1010 1767 cx
1032 1706 1092 1767 sola
1113 1707 1274 1787 indigentia
1297 1712 1404 1769 mode-

211 1837 327 1896 rantur,
348 1820 449 1896 paucis
470 1820 604 1880 contenti
628 1820 744 1882 vivunt.

648 1978 829 2039 CAPUT
872 1978 962 2037 XXX.

252 2107 326 2168 Cum
354 2106 443 2185 igitur
470 2124 515 2167 res
543 2106 598 2166 illae
626 2106 681 2166 srnt
709 2109 813 2180 bonae,
842 2124 907 2181 quae
936 2106 1077 2181 Corporis
1104 2120 1201 2180 partes
1217 2104 1348 2181 juvant,
1370 2122 1405 2166 ut

214 2217 266 2279 suo
298 2217 398 2278 officio
431 2220 604 2296 fungantur,
635 2232 665 2276 et
697 2216 815 2276 Laeritia
848 2214 878 2275 in
911 2234 947 2275 eo
980 2215 1133 2291 consistat,
1161 2218 1242 2292 quod
1271 2216 1404 2277 hominis

213 2330 364 2405 potentia,
393 2344 538 2405 quatenus
559 2330 662 2389 Mente
684 2342 713 2387 et
736 2328 869 2402 Corpore
892 2327 1023 2401 constat,
1046 2326 1168 2403 juvatur
1190 2328 1237 2389 vel
1258 2344 1403 2405 augetur;

213 2441 279 2502 sunt
301 2460 370 2520 ergo
392 2440 440 2502 illa
462 2441 576 2517 omnia,
596 2461 661 2518 quac
683 2438 829 2502 Laetitiam
852 2438 993 2514 afferunt,
1014 2439 1102 2500 bona,
1144 2439 1301 2512 Attamen,
1323 2460 1402 2516 quo-

212 2556 288 2615 niam
317 2570 419 2616 contra
447 2574 508 2615 non
537 2574 602 2615 eum
624 2553 653 2613 in
675 2554 761 2614 finem
783 2571 828 2612 res
849 2567 957 2632 agunt,
980 2567 1012 2612 ut
1033 2569 1088 2612 nos
1110 2550 1230 2610 Laetitia
1251 2551 1404 2628 afficiant,

212 2685 265 2726 nec
287 2685 384 2726 carum
405 2666 509 2744 agendi
531 2665 666 2742 potentia
686 2683 723 2724 ex
743 2664 839 2725 nostra
860 2663 989 2724 utilitate
1012 2678 1205 2738 temperatur,
1223 2677 1253 2723 et
1271 2665 1403 2741 denique

212 2777 350 2853 quoniam
381 2777 500 2838 Laetitia
531 2779 701 2852 plerumque
735 2777 771 2835 ad
799 2793 885 2835 unam
914 2773 1057 2850 Corporis
1085 2789 1195 2849 partem
1223 2775 1401 2850 poriiirmum

210 2889 349 2962 refertur3
380 2888 490 2949 habent
521 2907 591 2966 ergo
621 2889 791 2963 pierumque
823 2885 950 2946 Laetitiae
987 2887 1105 2946 affatius
1142 2885 1208 2964 (nisi
1245 2887 1341 2949 Ratio
1373 2905 1403 2947 et

211 2999 363 3078 vigilantia
385 3000 470 3078 adsit)
482 3045 491 3074 ,
517 3017 547 3060 et
567 3000 781 3075 consequenter
808 2999 995 3074 Cupiditates
1025 2997 1127 3074 etiarn,
1151 3018 1216 3074 quae
1239 3019 1275 3058 en
1298 2999 1401 3060 iisdem

212 3128 403 3190 generantur,
431 3111 589 3186 excedam
618 3114 654 3172 ad
676 3113 757 3186 ‹puod
780 3110 912 3185 accedit,
938 3114 1019 3187 quod
1041 3129 1077 3171 ea
1098 3111 1203 3171 affeetu
1223 3109 1253 3171 id
1276 3110 1402 3186 primum

210 3224 383 3297 habeamus,
416 3226 498 3299 quod
529 3223 558 3281 in
590 3221 725 3298 prasenti
758 3222 846 3283 suave
879 3221 936 3296 est,
968 3241 1021 3281 nec
1054 3223 1150 3282 futura
1179 3221 1284 3298 aequali
1312 3224 1403 3283 animi

211 3335 317 3396 affeetu
348 3336 483 3396 estimare
514 3333 672 3411 ponamus.
714 3333 793 3394 Vide
821 3334 918 3394 Schol.
948 3335 1036 3409 Prop.
1058 3354 1106 3412 44.
1134 3350 1164 3394 et
1191 3335 1289 3395 Schol.
1311 3337 1402 3412 Prop.

210 3450 259 3508 60·
282 3468 311 3523 r·
332 3449 387 3527 a*

642 3558 823 3620 CAPUT
866 3559 971 3618 XXXI.

252 3685 294 3744 At
317 3684 482 3760 superstitio
504 3685 533 3746 id
557 3701 660 3747 contra
681 3687 799 3749 videtur
820 3687 943 3748 statuere
965 3691 1075 3750 bonum
1098 3689 1174 3764 eise,
1195 3693 1276 3766 quod
1298 3692 1403 3754 Tristi-

213 3793 299 3868 tiam,
321 3811 350 3854 et
372 3795 402 3856 id
423 3811 526 3856 contra
547 3799 668 3871 malum,
690 3800 773 3874 quod
794 3797 941 3859 Laetitiam
963 3799 1055 3859 affert.
1096 3801 1170 3876 Sed,
1192 3817 1224 3862 ut
1241 3801 1302 3876 jani
1325 3803 1402 3864 dirri-

214 3923 278 3966 mus
306 3906 389 3982 (vide
418 3907 516 3968 Schoi.
544 3909 631 3984 Prop.
651 3921 700 3988 45.
729 3929 758 3985 p.
781 3912 842 3990 4.),
870 3930 972 3985 nemo,
994 3910 1044 3971 nisr
1067 3911 1201 3986 invidus,
1222 3931 1283 3971 mea
1305 3913 1403 3989 impo-

213 4015 307 4076 tentia
328 4032 358 4076 et
380 4016 568 4080 incommodo
590 4023 758 4083 delectatur.
800 4025 875 4084 Nam
895 4042 954 4100 quo
977 4023 1078 4095 maiori
1100 4024 1221 4085 Laetitia
1243 4025 1403 4100 afficimur,

247 4257 259 4279 ⁴
295 4251 342 4301 Ed.
359 4253 411 4301 Pr.:
425 4263 454 4317 p.
472 4269 497 4314 3.
514 4254 644 4316 Schmidt,
661 4257 807 4306 Auerbaclr:
838 4257 920 4306 Schol.
937 4257 1015 4324 Prop.
1032 4273 1075 4320 44.
1089 4269 1117 4325 p.
1135 4274 1159 4322 3.
1178 4267 1203 4307 ce
1222 4259 1305 4311 Scdol.
1322 4259 1401 4326 Prop.

212 4331 253 4380 60.
267 4342 295 4398 p.
313 4347 337 4394 4.
354 4331 456 4383 sainct:
474 4335 556 4386 Seirai.
572 4335 650 4402 Prop.
667 4351 708 4400 54.
726 4347 752 4386 ct
770 4339 850 4388 Schol.
869 4339 946 4406 Prop.
963 4341 1006 4391 60.
1019 4351 1048 4407 p.
1065 4355 1090 4402 3.
