2934 4900
217 359 278 419 230
635 336 816 399 Ethices
842 336 911 397 Pars
930 336 985 397 IV.

218 518 386 595 humanam,
406 518 528 579 Naturae
549 517 649 577 saltem
670 512 834 592 potentiam
846 526 876 575 et
888 510 1040 575 artificittm
1060 530 1121 574 nott
1142 511 1238 574 minua
1260 510 1418 577 indicant.

219 648 305 706 quam
336 627 426 691 multa
456 626 529 703 alia,
559 644 625 703 quae
657 623 845 698 admiramur,
876 640 1060 699 quorumque
1081 621 1344 697 contemplatione
1368 625 1419 682 de-

217 740 363 800 ledamur.
393 738 452 799 Sed
470 754 563 816 pergo
585 737 621 797 de
642 733 796 797 affeilibua
817 751 851 795 ea
871 748 994 808 notare,
1013 751 1078 810 quae
1098 730 1272 794 homiuibus
1294 732 1419 795 utilita·
1450 770 1451 813 3

219 866 278 911 tem
299 850 452 925 adserunt,
471 848 520 912 vel
541 866 606 926 quae
628 845 728 908 iisdem
749 847 885 907 damnum
906 844 1046 907 inserunt.

578 1014 909 1077 PROPOSITIO
951 1013 1061 1074 LVIII.

262 1146 366 1207 Gloria
386 1146 510 1206 Ratione·
529 1164 585 1203 non
604 1155 765 1223 repugnat,
779 1144 838 1221 fed
854 1142 894 1202 ab
913 1162 948 1203 ea
967 1145 1043 1203 oriri
1058 1141 1158 1223 potest.

619 1301 1002 1347 unuoutruturo

261 1413 344 1478 patet
372 1418 410 1461 ex
438 1416 487 1477 3ο.
514 1397 621 1459 Affest.
642 1396 739 1457 Delin.
761 1410 791 1459 et
812 1414 850 1457 ex
870 1393 1043 1458 defiuitione
1065 1396 1208 1472 Honesti,
1230 1416 1322 1474 quam
1350 1396 1424 1459 vide

222 1514 252 1575 ln
272 1512 370 1575 Schol.
395 1528 421 1573 1.
440 1513 529 1588 Prop.
550 1528 599 1589 37.
618 1508 718 1590 hujus.

684 1654 944 1701 scuouruu.

261 1757 364 1832 Vana,
391 1772 457 1831 quae
485 1750 609 1831 dicitur,
635 1749 737 1813 Gloria
759 1750 800 1812 est
821 1748 1036 1827 acquiescentia
1056 1750 1086 1813 iu
1109 1750 1241 1831 seipso,
1262 1772 1334 1831 quae
1360 1756 1424 1817 sola

222 1866 304 1947 vulgi
336 1865 479 1943 opinione
513 1865 652 1940 fovetur;
683 1880 777 1940 eaque
804 1862 947 1940 cessante,
975 1863 1062 1925 cellar
1090 1864 1152 1941 ipsa
1179 1864 1425 1943 acquiescentia,

221 1979 286 2041 hoc
308 1978 348 2039 eli
376 1978 449 2058 (per
469 1974 561 2037 schol.
582 1976 673 2056 Prop.
694 1986 744 2051 52.
764 1973 865 2055 hujus)
893 1975 1032 2037 summum
1059 1978 1186 2055 bonum,
1213 1982 1298 2055 quod
1327 1980 1423 2042 unus·
1453 1991 1454 2029 l

227 2089 350 2168 quisque
371 2104 464 2165 amat;
484 2090 564 2150 unde
584 2089 635 2163 fit,
656 2102 690 2149 ut
711 2086 763 2166 qui
784 2087 865 2167 vulgi
894 2088 1036 2165 opinione
1056 2089 1214 2169 gloriatur,
1234 2093 1422 2171 quotidiana

226 2220 295 2264 cura
325 2199 431 2263 anxius
461 2199 590 2275 nitatur,
621 2198 726 2275 saciat,
758 2199 941 2281 experiatur,
973 2215 1007 2263 ut
1029 2202 1133 2265 famam
1153 2202 1321 2267 conservet.
1367 2206 1420 2267 Eli

224 2331 348 2391 namque
379 2314 486 2392 vulgus
516 2311 616 2374 varius
646 2328 677 2373 et
708 2311 892 2389 inconstans,
923 2328 1013 2392 atque
1034 2317 1126 2391 adeo,
1146 2314 1198 2377 nisi
1218 2316 1421 2380 conservetur

223 2428 312 2503 sama,
329 2424 391 2488 cito
409 2422 564 2502 abolescit;
581 2423 641 2485 imo
661 2424 729 2502 quia
748 2442 849 2487 omnes
860 2424 941 2506 vulgi
958 2440 1076 2504 captare
1095 2427 1250 2508 applausus
1269 2430 1421 2508 cupiunt,

223 2539 307 2600 facile
335 2536 531 2615 unusquisque
560 2535 679 2598 alterius
710 2537 815 2598 samam
843 2538 989 2616 reprimit;
1011 2557 1048 2600 ex
1070 2557 1149 2618 quo,
1170 2544 1419 2621 quandoquidem

223 2654 259 2714 de
289 2652 416 2728 summo,
444 2651 526 2729 quod
555 2648 727 2726 aestimatur,
756 2651 837 2712 bono
864 2666 1008 2727 certatur,
1028 2653 1131 2733 ingens
1150 2651 1243 2717 libido
1264 2654 1369 2718 oritur
1390 2656 1420 2717 se

223 2765 350 2829 invicem
371 2782 550 2844 quocunque
572 2764 662 2824 modo
684 2761 887 2841 opprimendi,
915 2779 946 2826 et
966 2763 1017 2841 qui
1038 2765 1156 2826 tandem
1178 2763 1272 2828 vidor
1293 2766 1421 2840 evadit,

222 2877 362 2958 gloriatur
388 2875 495 2956 magis,
524 2877 606 2953 quod
634 2874 716 2936 alteri
746 2875 863 2952 obluit,
892 2895 978 2954 quam
1006 2879 1087 2954 quod
1116 2875 1167 2937 fibi
1195 2875 1319 2956 profuit.
1367 2879 1420 2939 Est

223 2989 313 3072 igitur
332 2989 395 3052 haec
416 2987 517 3052 Gloria
537 2988 588 3051 seu
609 2985 827 3064 acquiescentia
848 3004 948 3052 revera
968 2990 1069 3065 Vana,
1090 2987 1159 3065 quia
1180 2990 1257 3050 nulla
1280 2989 1334 3052 est.

262 3105 337 3186 Quae
363 3104 400 3164 de
427 3101 544 3163 Pudore
572 3102 702 3163 notanda
732 3100 816 3176 sunt,
844 3100 1022 3182 colliguntur
1047 3100 1132 3162 facile
1153 3120 1191 3162 ex
1211 3101 1264 3176 iis,
1286 3121 1359 3182 quae
1382 3107 1420 3166 de

223 3213 424 3278 Misericordia
455 3229 485 3274 et
516 3210 695 3274 Poenitcntia
728 3211 865 3274 diximus.
905 3215 972 3276 Hoc
1005 3229 1119 3278 tantum
1150 3216 1245 3290 addo,
1272 3220 1362 3292 quod
1385 3233 1420 3278 ut

224 3323 461 3402 Commiseratio,
480 3324 518 3385 stc
540 3323 627 3385 etiam
649 3324 746 3386 Pudor
752 3325 907 3402 ,quamvis
928 3343 988 3387 nott
1009 3323 1044 3387 fit
1065 3323 1175 3400 virtus,
1194 3326 1292 3386 bonus
1314 3341 1420 3388 tamen

224 3437 281 3512 est,
302 3451 448 3514 quatenus
476 3435 603 3511 indicat,
631 3435 762 3512 homini,
789 3435 840 3514 qui
867 3437 982 3500 Pudore
1004 3436 1196 3512 suffunditur,
1216 3436 1418 3513 cupiditatem

224 3547 313 3609 inesse
332 3548 452 3609 honeste
474 3546 612 3623 vivendi3
633 3546 707 3608 licut
727 3549 829 3625 dolor,
859 3547 909 3626 qui
931 3563 1052 3610 eatenus
1072 3550 1170 3610 bonus
1191 3547 1317 3627 dicitur,
1340 3571 1417 3630 qua-

224 3675 312 3722 tenus
332 3659 458 3736 indicat,
478 3674 590 3735 partem
609 3659 704 3720 laesam
724 3662 857 3724 nondum
878 3659 934 3722 esse
957 3661 1162 3738 putreladiam;
1184 3679 1288 3739 quare,
1310 3681 1417 3740 quam-

224 3771 271 3834 vis
301 3771 409 3848 homo,
439 3789 525 3848 quem
557 3771 625 3833 fatti
656 3769 779 3850 alicujus
810 3775 919 3850 pudet,
948 3789 1048 3836 revera
1069 3772 1104 3834 stt
1125 3771 1229 3849 tristis,
1251 3771 1292 3833 est
1314 3789 1417 3836 tamen

224 3882 382 3960 perfectior
402 3881 584 3960 impudenti,
613 3883 665 3960 qui
685 3885 793 3948 nullam
813 3883 903 3945 habet
922 3884 1043 3946 honeste
1065 3883 1186 3946 vivendi
1207 3883 1419 3960 cupiditatem.

264 3997 366 4072 Atque
395 3995 456 4056 haec
484 3995 569 4071 sunt,
597 4014 662 4073 quae
691 3998 728 4057 de
757 3995 908 4058 affectibus
935 3995 1062 4058 Laetitiae
1091 4012 1122 4057 et
1148 3995 1286 4058 Tristitia
1309 4015 1418 4060 notare

225 4109 412 4186 susceperam.
453 4109 502 4170 Ad
531 4107 721 4186 Cupiditates
743 4111 825 4186 quod
848 4109 972 4186 attiaet,
992 4106 1038 4170 hae
1060 4109 1127 4171 sane
1148 4109 1234 4172 bone
1257 4124 1309 4171 aut
1330 4113 1419 4172 malae

225 4222 312 4296 sunt,
338 4237 485 4298 quatenus
513 4239 551 4281 ex
580 4219 669 4283 bonis
698 4237 751 4282 aut
771 4219 852 4282 malis
873 4221 1025 4284 affedibur
1046 4219 1190 4284 oriuntur.
1229 4221 1288 4284 Sed
1309 4239 1418 4286 omnes

225 4351 342 4408 revera,
363 4346 509 4410 quatenus
530 4349 568 4391 ert
589 4330 758 4407 affeffibus,
786 4331 838 4410 qui
858 4333 1000 4410 pallioner
1020 4332 1105 4409 sunt,
1131 4331 1161 4394 iu
1182 4333 1269 4394 nobit
1290 4331 1416 4414 ingene·
