<?xml version="1.0" encoding="UTF-8"?>
<!DOCTYPE html PUBLIC "-//W3C//DTD XHTML 1.0 Transitional//EN"
    "http://www.w3.org/TR/xhtml1/DTD/xhtml1-transitional.dtd">
<html xmlns="http://www.w3.org/1999/xhtml" xml:lang="en" lang="en">
 <head>
  <title>
</title>
<meta http-equiv="Content-Type" content="text/html;charset=utf-8" />
  <meta name='ocr-system' content='tesseract 3.04.00' />
  <meta name='ocr-capabilities' content='ocr_page ocr_carea ocr_par ocr_line ocrx_word'/>
</head>
<body>
  <div class='ocr_page' id='page_1' title='image "benedictidespin02landgoog_0199.png"; bbox 0 0 2934 4900; ppageno 0'>
   <div class='ocr_carea' id='block_1_1' title="bbox 1207 134 1216 171">
    <p class='ocr_par' dir='ltr' id='par_1_1' title="bbox 1207 134 1216 171">
     <span class='ocr_line' id='line_1_1' title="bbox 1207 134 1216 171; baseline 0 0"><span class='ocrx_word' id='word_1_1' title='bbox 1207 134 1216 171; x_wconf 78' lang='lat' dir='ltr'>i</span> 
     </span>
    </p>
   </div>
   <div class='ocr_carea' id='block_1_2' title="bbox 452 324 1226 401">
    <p class='ocr_par' dir='ltr' id='par_1_2' title="bbox 452 324 1226 401">
     <span class='ocr_line' id='line_1_2' title="bbox 452 324 1226 401; baseline -0.004 -13"><span class='ocrx_word' id='word_1_2' title='bbox 452 325 508 389; x_wconf 86' lang='lat' dir='ltr'>De</span> <span class='ocrx_word' id='word_1_3' title='bbox 548 324 817 388; x_wconf 81' lang='lat' dir='ltr'>Affectibus.</span> <span class='ocrx_word' id='word_1_4' title='bbox 1170 331 1226 401; x_wconf 75' lang='lat'>175</span> 
     </span>
    </p>
   </div>
   <div class='ocr_carea' id='block_1_3' title="bbox 61 500 1228 690">
    <p class='ocr_par' dir='ltr' id='par_1_3' title="bbox 61 500 1228 690">
     <span class='ocr_line' id='line_1_3' title="bbox 93 500 1228 582; baseline 0.003 -22"><span class='ocrx_word' id='word_1_5' title='bbox 93 500 278 563; x_wconf 85' lang='lat' dir='ltr'>Definitiones</span> <span class='ocrx_word' id='word_1_6' title='bbox 297 501 508 565; x_wconf 73' lang='lat' dir='ltr'>venerationis</span> <span class='ocrx_word' id='word_1_7' title='bbox 538 518 569 564; x_wconf 89' lang='lat' dir='ltr'>et</span> <span class='ocrx_word' id='word_1_8' title='bbox 598 502 826 582; x_wconf 85' lang='lat' dir='ltr'>Dedignationis</span> <span class='ocrx_word' id='word_1_9' title='bbox 855 502 947 565; x_wconf 84' lang='lat' dir='ltr'>miffas</span> <span class='ocrx_word' id='word_1_10' title='bbox 973 501 1021 564; x_wconf 92' lang='lat' dir='ltr'>hic</span> <span class='ocrx_word' id='word_1_11' title='bbox 1043 501 1137 579; x_wconf 85' lang='lat' dir='ltr'>facio,</span> <span class='ocrx_word' id='word_1_12' title='bbox 1158 501 1228 579; x_wconf 87' lang='lat' dir='ltr'>quia</span> 
     </span>
     <span class='ocr_line' id='line_1_4' title="bbox 61 604 901 690; baseline 0.008 -21"><span class='ocrx_word' id='word_1_13' title='bbox 61 610 136 688; x_wconf 87' lang='lat' dir='ltr'>nulli,</span> <span class='ocrx_word' id='word_1_14' title='bbox 154 614 233 689; x_wconf 89' lang='lat' dir='ltr'>qnod</span> <span class='ocrx_word' id='word_1_15' title='bbox 253 611 358 690; x_wconf 89' lang='lat' dir='ltr'>sciam,</span> <span class='ocrx_word' id='word_1_16' title='bbox 377 613 498 677; x_wconf 72' lang='lat' dir='ltr'>affeoius</span> <span class='ocrx_word' id='word_1_17' title='bbox 518 633 556 676; x_wconf 81' lang='lat' dir='ltr'>ex</span> <span class='ocrx_word' id='word_1_18' title='bbox 576 614 623 676; x_wconf 84' lang='lat' dir='ltr'>his</span> <span class='ocrx_word' id='word_1_19' title='bbox 643 604 901 678; x_wconf 62' lang='lat' dir='ltr'>nomen&#39;trahunt.</span> 
     </span>
    </p>
   </div>
   <div class='ocr_carea' id='block_1_4' title="bbox 93 762 979 936">
    <p class='ocr_par' dir='ltr' id='par_1_4' title="bbox 93 762 979 936">
     <span class='ocr_line' id='line_1_5' title="bbox 609 762 663 821; baseline 0.019 -1"><span class='ocrx_word' id='word_1_20' title='bbox 609 762 663 821; x_wconf 92' lang='lat' dir='ltr'>VI.</span> 
     </span>
     <span class='ocr_line' id='line_1_6' title="bbox 93 866 979 936; baseline 0.007 -10"><span class='ocrx_word' id='word_1_21' title='bbox 93 866 176 927; x_wconf 81' lang='lat' dir='ltr'>Amor</span> <span class='ocrx_word' id='word_1_22' title='bbox 194 868 236 929; x_wconf 88' lang='lat' dir='ltr'>est</span> <span class='ocrx_word' id='word_1_23' title='bbox 255 870 377 931; x_wconf 82' lang='lat' dir='ltr'>Laetitia</span> <span class='ocrx_word' id='word_1_24' title='bbox 396 872 614 934; x_wconf 82' lang='lat' dir='ltr'><strong>concomitante</strong></span> <span class='ocrx_word' id='word_1_25' title='bbox 635 873 702 936; x_wconf 88' lang='lat' dir='ltr'>idea</span> <span class='ocrx_word' id='word_1_26' title='bbox 724 872 816 935; x_wconf 84' lang='lat' dir='ltr'>causae</span> <span class='ocrx_word' id='word_1_27' title='bbox 839 887 979 933; x_wconf 84' lang='lat' dir='ltr'>externae.</span> 
     </span>
    </p>
   </div>
   <div class='ocr_carea' id='block_1_5' title="bbox 481 1048 792 1095">
    <p class='ocr_par' dir='ltr' id='par_1_5' title="bbox 481 1048 792 1095">
     <span class='ocr_line' id='line_1_7' title="bbox 481 1048 792 1095; baseline 0.013 -5"><span class='ocrx_word' id='word_1_28' title='bbox 481 1048 792 1095; x_wconf 69' lang='lat' dir='ltr'>zxrrlcnrto</span> 
     </span>
    </p>
   </div>
   <div class='ocr_carea' id='block_1_6' title="bbox 58 1152 1236 2807">
    <p class='ocr_par' dir='ltr' id='par_1_6' title="bbox 58 1152 1236 2807">
     <span class='ocr_line' id='line_1_8' title="bbox 92 1152 1228 1238; baseline 0.009 -27"><span class='ocrx_word' id='word_1_29' title='bbox 92 1152 156 1213; x_wconf 83' lang='lat' dir='ltr'>IIaec</span> <span class='ocrx_word' id='word_1_30' title='bbox 184 1154 330 1218; x_wconf 88' lang='lat' dir='ltr'>Definitio</span> <span class='ocrx_word' id='word_1_31' title='bbox 360 1155 430 1219; x_wconf 83' lang='lat' dir='ltr'>satis</span> <span class='ocrx_word' id='word_1_32' title='bbox 460 1160 535 1219; x_wconf 89' lang='lat' dir='ltr'>clare</span> <span class='ocrx_word' id='word_1_33' title='bbox 568 1160 686 1221; x_wconf 83' lang='lat' dir='ltr'>Amoris</span> <span class='ocrx_word' id='word_1_34' title='bbox 717 1158 866 1223; x_wconf 74' lang='lat' dir='ltr'>essentiam</span> <span class='ocrx_word' id='word_1_35' title='bbox 899 1160 1045 1238; x_wconf 86' lang='lat' dir='ltr'>explicat;</span> <span class='ocrx_word' id='word_1_36' title='bbox 1077 1160 1124 1222; x_wconf 87' lang='lat' dir='ltr'>illa</span> <span class='ocrx_word' id='word_1_37' title='bbox 1156 1177 1228 1223; x_wconf 89' lang='lat' dir='ltr'>vero</span> 
     </span>
     <span class='ocr_line' id='line_1_9' title="bbox 60 1264 1233 1351; baseline 0.009 -30"><span class='ocrx_word' id='word_1_38' title='bbox 60 1264 225 1343; x_wconf 73' lang='lat' dir='ltr'>nostorum,</span> <span class='ocrx_word' id='word_1_39' title='bbox 246 1268 297 1345; x_wconf 89' lang='lat' dir='ltr'>qui</span> <span class='ocrx_word' id='word_1_40' title='bbox 317 1270 462 1332; x_wconf 89' lang='lat' dir='ltr'>definiunt</span> <span class='ocrx_word' id='word_1_41' title='bbox 483 1271 617 1332; x_wconf 84' lang='lat' dir='ltr'><em>Amorem</em></span> <span class='ocrx_word' id='word_1_42' title='bbox 636 1272 688 1351; x_wconf 82' lang='lat' dir='ltr'>effe</span> <span class='ocrx_word' id='word_1_43' title='bbox 707 1274 883 1334; x_wconf 77' lang='lat' dir='ltr'>voluntatem</span> <span class='ocrx_word' id='word_1_44' title='bbox 903 1277 1029 1333; x_wconf 79' lang='lat' dir='ltr'>amantis</span> <span class='ocrx_word' id='word_1_45' title='bbox 1043 1272 1233 1350; x_wconf 80' lang='lat' dir='ltr'>sejungendi</span> 
     </span>
     <span class='ocr_line' id='line_1_10' title="bbox 60 1380 1229 1462; baseline 0.011 -31"><span class='ocrx_word' id='word_1_46' title='bbox 60 1380 98 1432; x_wconf 83' lang='lat' dir='ltr'>rei</span> <span class='ocrx_word' id='word_1_47' title='bbox 122 1392 240 1455; x_wconf 76' lang='lat' dir='ltr'>amara,</span> <span class='ocrx_word' id='word_1_48' title='bbox 267 1398 328 1442; x_wconf 89' lang='lat' dir='ltr'>non</span> <span class='ocrx_word' id='word_1_49' title='bbox 355 1382 475 1443; x_wconf 81' lang='lat' dir='ltr'>Amoris</span> <span class='ocrx_word' id='word_1_50' title='bbox 503 1382 667 1459; x_wconf 77' lang='lat' dir='ltr'>essentiam,</span> <span class='ocrx_word' id='word_1_51' title='bbox 686 1384 737 1446; x_wconf 89' lang='lat' dir='ltr'>sed</span> <span class='ocrx_word' id='word_1_52' title='bbox 758 1384 822 1462; x_wconf 85' lang='lat' dir='ltr'>ejus</span> <span class='ocrx_word' id='word_1_53' title='bbox 845 1386 1054 1462; x_wconf 81' lang='lat' dir='ltr'>proprietatem</span> <span class='ocrx_word' id='word_1_54' title='bbox 1075 1383 1229 1461; x_wconf 84' lang='lat' dir='ltr'>exprimit,</span> 
     </span>
     <span class='ocr_line' id='line_1_11' title="bbox 58 1491 1234 1573; baseline 0.009 -28"><span class='ocrx_word' id='word_1_55' title='bbox 58 1504 98 1563; x_wconf 86' lang='lat' dir='ltr'>et,</span> <span class='ocrx_word' id='word_1_56' title='bbox 126 1491 192 1566; x_wconf 87' lang='lat' dir='ltr'>quia</span> <span class='ocrx_word' id='word_1_57' title='bbox 222 1493 343 1556; x_wconf 79' lang='lat' dir='ltr'>Amoris</span> <span class='ocrx_word' id='word_1_58' title='bbox 373 1493 492 1557; x_wconf 83' lang='lat' dir='ltr'>eIIentia</span> <span class='ocrx_word' id='word_1_59' title='bbox 522 1515 582 1558; x_wconf 91' lang='lat' dir='ltr'>non</span> <span class='ocrx_word' id='word_1_60' title='bbox 614 1496 684 1558; x_wconf 85' lang='lat' dir='ltr'>satis</span> <span class='ocrx_word' id='word_1_61' title='bbox 715 1499 752 1557; x_wconf 89' lang='lat' dir='ltr'>ab</span> <span class='ocrx_word' id='word_1_62' title='bbox 780 1497 961 1559; x_wconf 67' lang='lat' dir='ltr'>Auctoribus</span> <span class='ocrx_word' id='word_1_63' title='bbox 988 1494 1137 1573; x_wconf 73' lang='lat' dir='ltr'>perspecta</span> <span class='ocrx_word' id='word_1_64' title='bbox 1158 1495 1234 1571; x_wconf 88' lang='lat' dir='ltr'>fuit,</span> 
     </span>
     <span class='ocr_line' id='line_1_12' title="bbox 60 1598 1233 1687; baseline 0.009 -29"><span class='ocrx_word' id='word_1_65' title='bbox 60 1598 117 1662; x_wconf 89' lang='lat' dir='ltr'>ideo</span> <span class='ocrx_word' id='word_1_66' title='bbox 133 1622 229 1682; x_wconf 83' lang='lat' dir='ltr'>neque</span> <span class='ocrx_word' id='word_1_67' title='bbox 245 1605 310 1683; x_wconf 82' lang='lat' dir='ltr'>ejus</span> <span class='ocrx_word' id='word_1_68' title='bbox 326 1608 518 1684; x_wconf 84' lang='lat' dir='ltr'>proprietatis</span> <span class='ocrx_word' id='word_1_69' title='bbox 530 1610 619 1670; x_wconf 88' lang='lat' dir='ltr'>ullum</span> <span class='ocrx_word' id='word_1_70' title='bbox 630 1610 736 1671; x_wconf 88' lang='lat' dir='ltr'>clarum</span> <span class='ocrx_word' id='word_1_71' title='bbox 748 1626 926 1687; x_wconf 85' lang='lat' dir='ltr'>conceptum</span> <span class='ocrx_word' id='word_1_72' title='bbox 936 1609 1042 1670; x_wconf 82' lang='lat' dir='ltr'>habere</span> <span class='ocrx_word' id='word_1_73' title='bbox 1053 1622 1233 1685; x_wconf 87' lang='lat' dir='ltr'>potuerunt;</span> 
     </span>
     <span class='ocr_line' id='line_1_13' title="bbox 61 1713 1232 1795; baseline 0.007 -25"><span class='ocrx_word' id='word_1_74' title='bbox 61 1725 85 1770; x_wconf 87' lang='lat' dir='ltr'>tt</span> <span class='ocrx_word' id='word_1_75' title='bbox 116 1713 180 1775; x_wconf 91' lang='lat' dir='ltr'>hinc</span> <span class='ocrx_word' id='word_1_76' title='bbox 219 1718 344 1795; x_wconf 67' lang='lat' dir='ltr'>metum,</span> <span class='ocrx_word' id='word_1_77' title='bbox 375 1735 410 1780; x_wconf 93' lang='lat' dir='ltr'>ut</span> <span class='ocrx_word' id='word_1_78' title='bbox 442 1738 542 1782; x_wconf 90' lang='lat' dir='ltr'>eorum</span> <span class='ocrx_word' id='word_1_79' title='bbox 574 1720 776 1782; x_wconf 85' lang='lat' dir='ltr'>definitionem</span> <span class='ocrx_word' id='word_1_80' title='bbox 806 1723 963 1783; x_wconf 84' lang='lat' dir='ltr'>admodum</span> <span class='ocrx_word' id='word_1_81' title='bbox 995 1720 1145 1781; x_wconf 84' lang='lat' dir='ltr'>obscuram</span> <span class='ocrx_word' id='word_1_82' title='bbox 1176 1715 1232 1779; x_wconf 82' lang='lat' dir='ltr'>eIi&#39;e</span> 
     </span>
     <span class='ocr_line' id='line_1_14' title="bbox 59 1826 1233 1910; baseline 0.007 -27"><span class='ocrx_word' id='word_1_83' title='bbox 59 1840 147 1886; x_wconf 77' lang='lat' dir='ltr'>omnes</span> <span class='ocrx_word' id='word_1_84' title='bbox 169 1826 381 1905; x_wconf 82' lang='lat' dir='ltr'>judicaverint.</span> <span class='ocrx_word' id='word_1_85' title='bbox 419 1833 530 1894; x_wconf 88' lang='lat' dir='ltr'>Verum</span> <span class='ocrx_word' id='word_1_86' title='bbox 551 1836 732 1909; x_wconf 87' lang='lat' dir='ltr'>notandum,</span> <span class='ocrx_word' id='word_1_87' title='bbox 754 1852 820 1895; x_wconf 91' lang='lat' dir='ltr'>cum</span> <span class='ocrx_word' id='word_1_88' title='bbox 842 1834 927 1908; x_wconf 89' lang='lat' dir='ltr'>dico,</span> <span class='ocrx_word' id='word_1_89' title='bbox 948 1832 1156 1910; x_wconf 81' lang='lat' dir='ltr'>proprietatem</span> <span class='ocrx_word' id='word_1_90' title='bbox 1178 1828 1233 1892; x_wconf 84' lang='lat' dir='ltr'>effe</span> 
     </span>
     <span class='ocr_line' id='line_1_15' title="bbox 59 1932 1234 2025; baseline 0.007 -29"><span class='ocrx_word' id='word_1_91' title='bbox 59 1932 83 1993; x_wconf 88' lang='lat' dir='ltr'>in</span> <span class='ocrx_word' id='word_1_92' title='bbox 101 1955 230 2016; x_wconf 86' lang='lat' dir='ltr'>amante,</span> <span class='ocrx_word' id='word_1_93' title='bbox 250 1940 279 2003; x_wconf 92' lang='lat' dir='ltr'>se</span> <span class='ocrx_word' id='word_1_94' title='bbox 301 1944 459 2005; x_wconf 89' lang='lat' dir='ltr'>voluntate</span> <span class='ocrx_word' id='word_1_95' title='bbox 478 1944 602 2025; x_wconf 81' lang='lat' dir='ltr'>jungere</span> <span class='ocrx_word' id='word_1_96' title='bbox 623 1947 664 2007; x_wconf 88' lang='lat' dir='ltr'>rei</span> <span class='ocrx_word' id='word_1_97' title='bbox 687 1963 807 2023; x_wconf 84' lang='lat' dir='ltr'>amatae,</span> <span class='ocrx_word' id='word_1_98' title='bbox 829 1964 873 2006; x_wconf 93' lang='lat' dir='ltr'>me</span> <span class='ocrx_word' id='word_1_99' title='bbox 895 1962 947 2023; x_wconf 91' lang='lat' dir='ltr'>pet</span> <span class='ocrx_word' id='word_1_100' title='bbox 968 1946 1151 2010; x_wconf 80' lang='lat' dir='ltr'>voluntatem</span> <span class='ocrx_word' id='word_1_101' title='bbox 1173 1962 1234 2005; x_wconf 89' lang='lat' dir='ltr'>non</span> 
     </span>
     <span class='ocr_line' id='line_1_16' title="bbox 59 2047 1234 2133; baseline 0.01 -29"><span class='ocrx_word' id='word_1_102' title='bbox 59 2047 205 2131; x_wconf 81' lang='lat' dir='ltr'>intelligere</span> <span class='ocrx_word' id='word_1_103' title='bbox 227 2053 416 2133; x_wconf 89' lang='lat' dir='ltr'>consensum,</span> <span class='ocrx_word' id='word_1_104' title='bbox 437 2059 485 2121; x_wconf 89' lang='lat' dir='ltr'>vei</span> <span class='ocrx_word' id='word_1_105' title='bbox 503 2058 590 2119; x_wconf 89' lang='lat' dir='ltr'>animi</span> <span class='ocrx_word' id='word_1_106' title='bbox 608 2059 849 2120; x_wconf 85' lang='lat' dir='ltr'>deliberationem</span> <span class='ocrx_word' id='word_1_107' title='bbox 868 2058 919 2119; x_wconf 89' lang='lat' dir='ltr'>seu</span> <span class='ocrx_word' id='word_1_108' title='bbox 935 2059 1056 2119; x_wconf 90' lang='lat' dir='ltr'>liberum</span> <span class='ocrx_word' id='word_1_109' title='bbox 1086 2060 1234 2119; x_wconf 87' lang='lat' dir='ltr'>decretum</span> 
     </span>
     <span class='ocr_line' id='line_1_17' title="bbox 60 2162 1233 2251; baseline 0.008 -30"><span class='ocrx_word' id='word_1_110' title='bbox 60 2162 126 2237; x_wconf 86' lang='lat' dir='ltr'>(nam</span> <span class='ocrx_word' id='word_1_111' title='bbox 153 2165 213 2227; x_wconf 90' lang='lat' dir='ltr'>hoc</span> <span class='ocrx_word' id='word_1_112' title='bbox 243 2167 377 2231; x_wconf 70' lang='lat' dir='ltr'>fictitium</span> <span class='ocrx_word' id='word_1_113' title='bbox 398 2168 452 2232; x_wconf 82' lang='lat' dir='ltr'>erse</span> <span class='ocrx_word' id='word_1_114' title='bbox 481 2172 740 2235; x_wconf 81' lang='lat' dir='ltr'>demonstravaus</span> <span class='ocrx_word' id='word_1_115' title='bbox 761 2170 966 2248; x_wconf 87' lang='lat' dir='ltr'>Proposrtione</span> <span class='ocrx_word' id='word_1_116' title='bbox 987 2170 1037 2251; x_wconf 86' lang='lat'>48.</span> <span class='ocrx_word' id='word_1_117' title='bbox 1058 2170 1149 2247; x_wconf 89' lang='lat' dir='ltr'>partis</span> <span class='ocrx_word' id='word_1_118' title='bbox 1169 2170 1233 2249; x_wconf 72' lang='lat' dir='ltr'>m),</span> 
     </span>
     <span class='ocr_line' id='line_1_18' title="bbox 59 2279 1236 2363; baseline 0.005 -27"><span class='ocrx_word' id='word_1_119' title='bbox 59 2294 103 2335; x_wconf 88' lang='lat' dir='ltr'>nec</span> <span class='ocrx_word' id='word_1_120' title='bbox 128 2279 216 2340; x_wconf 88' lang='lat' dir='ltr'>etiam</span> <span class='ocrx_word' id='word_1_121' title='bbox 247 2280 449 2358; x_wconf 80' lang='lat' dir='ltr'>Cupiditatem</span> <span class='ocrx_word' id='word_1_122' title='bbox 476 2283 535 2345; x_wconf 88' lang='lat' dir='ltr'>sese</span> <span class='ocrx_word' id='word_1_123' title='bbox 560 2283 705 2363; x_wconf 82' lang='lat' dir='ltr'>jungendi</span> <span class='ocrx_word' id='word_1_124' title='bbox 725 2283 768 2345; x_wconf 89' lang='lat' dir='ltr'>rei</span> <span class='ocrx_word' id='word_1_125' title='bbox 790 2300 908 2359; x_wconf 82' lang='lat' dir='ltr'>amatae,</span> <span class='ocrx_word' id='word_1_126' title='bbox 931 2285 1050 2359; x_wconf 87' lang='lat' dir='ltr'>quando</span> <span class='ocrx_word' id='word_1_127' title='bbox 1071 2282 1167 2357; x_wconf 85' lang='lat' dir='ltr'>abest,</span> <span class='ocrx_word' id='word_1_128' title='bbox 1187 2282 1236 2344; x_wconf 90' lang='lat' dir='ltr'>vel</span> 
     </span>
     <span class='ocr_line' id='line_1_19' title="bbox 58 2388 1234 2472; baseline 0.007 -26"><span class='ocrx_word' id='word_1_129' title='bbox 58 2388 249 2460; x_wconf 85' lang='lat' dir='ltr'>perseverandi</span> <span class='ocrx_word' id='word_1_130' title='bbox 276 2393 308 2455; x_wconf 88' lang='lat' dir='ltr'>in</span> <span class='ocrx_word' id='word_1_131' title='bbox 327 2392 417 2472; x_wconf 82' lang='lat' dir='ltr'>ipsruo</span> <span class='ocrx_word' id='word_1_132' title='bbox 438 2395 609 2472; x_wconf 79' lang='lat' dir='ltr'>prasentia,</span> <span class='ocrx_word' id='word_1_133' title='bbox 629 2398 750 2472; x_wconf 87' lang='lat' dir='ltr'>quando</span> <span class='ocrx_word' id='word_1_134' title='bbox 771 2395 865 2472; x_wconf 87' lang='lat' dir='ltr'>adest;</span> <span class='ocrx_word' id='word_1_135' title='bbox 887 2394 985 2472; x_wconf 80' lang='lat' dir='ltr'>potest</span> <span class='ocrx_word' id='word_1_136' title='bbox 1007 2412 1131 2472; x_wconf 84' lang='lat' dir='ltr'>namque</span> <span class='ocrx_word' id='word_1_137' title='bbox 1154 2410 1234 2455; x_wconf 89' lang='lat' dir='ltr'>amor</span> 
     </span>
     <span class='ocr_line' id='line_1_20' title="bbox 59 2500 1233 2584; baseline 0.008 -27"><span class='ocrx_word' id='word_1_138' title='bbox 59 2500 153 2578; x_wconf 83' lang='lat' dir='ltr'>abique</span> <span class='ocrx_word' id='word_1_139' title='bbox 182 2505 240 2565; x_wconf 80' lang='lat' dir='ltr'>hac</span> <span class='ocrx_word' id='word_1_140' title='bbox 271 2519 323 2568; x_wconf 85' lang='lat' dir='ltr'>aut</span> <span class='ocrx_word' id='word_1_141' title='bbox 354 2506 402 2568; x_wconf 83' lang='lat' dir='ltr'>illa</span> <span class='ocrx_word' id='word_1_142' title='bbox 433 2506 607 2584; x_wconf 84' lang='lat' dir='ltr'>Cupiditate</span> <span class='ocrx_word' id='word_1_143' title='bbox 638 2509 773 2584; x_wconf 87' lang='lat' dir='ltr'>concipi:</span> <span class='ocrx_word' id='word_1_144' title='bbox 805 2508 854 2570; x_wconf 88' lang='lat' dir='ltr'>sed</span> <span class='ocrx_word' id='word_1_145' title='bbox 886 2525 938 2584; x_wconf 91' lang='lat' dir='ltr'>per</span> <span class='ocrx_word' id='word_1_146' title='bbox 970 2509 1155 2570; x_wconf 86' lang='lat' dir='ltr'>voluntatem</span> <span class='ocrx_word' id='word_1_147' title='bbox 1188 2524 1233 2567; x_wconf 91' lang='lat' dir='ltr'>me</span> 
     </span>
     <span class='ocr_line' id='line_1_21' title="bbox 59 2615 1232 2698; baseline 0.001 -24"><span class='ocrx_word' id='word_1_148' title='bbox 59 2615 303 2692; x_wconf 80' lang='lat' dir='ltr'>Acquiescentiam</span> <span class='ocrx_word' id='word_1_149' title='bbox 324 2618 502 2698; x_wconf 80' lang='lat' dir='ltr'>intelligere,</span> <span class='ocrx_word' id='word_1_150' title='bbox 524 2638 589 2697; x_wconf 88' lang='lat' dir='ltr'>quae</span> <span class='ocrx_word' id='word_1_151' title='bbox 611 2619 651 2680; x_wconf 88' lang='lat' dir='ltr'>est</span> <span class='ocrx_word' id='word_1_152' title='bbox 672 2620 703 2681; x_wconf 80' lang='lat' dir='ltr'>In</span> <span class='ocrx_word' id='word_1_153' title='bbox 723 2635 838 2680; x_wconf 87' lang='lat' dir='ltr'>amante</span> <span class='ocrx_word' id='word_1_154' title='bbox 860 2621 900 2680; x_wconf 93' lang='lat' dir='ltr'>ob</span> <span class='ocrx_word' id='word_1_155' title='bbox 922 2619 963 2680; x_wconf 91' lang='lat' dir='ltr'>rei</span> <span class='ocrx_word' id='word_1_156' title='bbox 985 2634 1087 2680; x_wconf 82' lang='lat' dir='ltr'>amotae</span> <span class='ocrx_word' id='word_1_157' title='bbox 1109 2615 1232 2694; x_wconf 87' lang='lat' dir='ltr'>praesen-</span> 
     </span>
     <span class='ocr_line' id='line_1_22' title="bbox 60 2725 1124 2807; baseline 0.008 -25"><span class='ocrx_word' id='word_1_158' title='bbox 60 2725 133 2804; x_wconf 82' lang='lat' dir='ltr'>tiam,</span> <span class='ocrx_word' id='word_1_159' title='bbox 153 2749 170 2790; x_wconf 84' lang='lat' dir='ltr'>a</span> <span class='ocrx_word' id='word_1_160' title='bbox 191 2749 252 2807; x_wconf 90' lang='lat' dir='ltr'>qua</span> <span class='ocrx_word' id='word_1_161' title='bbox 272 2730 393 2792; x_wconf 84' lang='lat' dir='ltr'>Laetitia</span> <span class='ocrx_word' id='word_1_162' title='bbox 413 2731 537 2793; x_wconf 85' lang='lat' dir='ltr'>amantis</span> <span class='ocrx_word' id='word_1_163' title='bbox 557 2734 782 2807; x_wconf 88' lang='lat' dir='ltr'>corroboratur,</span> <span class='ocrx_word' id='word_1_164' title='bbox 803 2746 855 2792; x_wconf 90' lang='lat' dir='ltr'>aut</span> <span class='ocrx_word' id='word_1_165' title='bbox 876 2731 974 2792; x_wconf 86' lang='lat' dir='ltr'>saltem</span> <span class='ocrx_word' id='word_1_166' title='bbox 996 2731 1124 2791; x_wconf 84' lang='lat' dir='ltr'>fovetur.</span> 
     </span>
    </p>
   </div>
   <div class='ocr_carea' id='block_1_7' title="bbox 91 2876 1013 3051">
    <p class='ocr_par' dir='ltr' id='par_1_7' title="bbox 91 2876 1013 3051">
     <span class='ocr_line' id='line_1_23' title="bbox 606 2876 674 2936; baseline 0.015 -1"><span class='ocrx_word' id='word_1_167' title='bbox 606 2876 674 2936; x_wconf 92' lang='lat' dir='ltr'><strong>VII.</strong></span> 
     </span>
     <span class='ocr_line' id='line_1_24' title="bbox 91 2984 1013 3051; baseline 0.008 -7"><span class='ocrx_word' id='word_1_168' title='bbox 91 2985 191 3046; x_wconf 66' lang='grc' dir='ltr'><em>Οᾰῐιιω</em></span> <span class='ocrx_word' id='word_1_169' title='bbox 213 2984 256 3046; x_wconf 80' lang='lat' dir='ltr'>est</span> <span class='ocrx_word' id='word_1_170' title='bbox 274 2985 407 3048; x_wconf 84' lang='lat' dir='ltr'>Tristitia</span> <span class='ocrx_word' id='word_1_171' title='bbox 428 2986 649 3049; x_wconf 87' lang='lat' dir='ltr'>concomitante</span> <span class='ocrx_word' id='word_1_172' title='bbox 669 2987 736 3050; x_wconf 87' lang='lat' dir='ltr'>idea</span> <span class='ocrx_word' id='word_1_173' title='bbox 758 2989 851 3050; x_wconf 85' lang='lat' dir='ltr'>causae</span> <span class='ocrx_word' id='word_1_174' title='bbox 873 3004 1013 3051; x_wconf 82' lang='lat' dir='ltr'>extemae.</span> 
     </span>
    </p>
   </div>
   <div class='ocr_carea' id='block_1_8' title="bbox 488 3162 797 3206">
    <p class='ocr_par' dir='ltr' id='par_1_8' title="bbox 488 3162 797 3206">
     <span class='ocr_line' id='line_1_25' title="bbox 488 3162 797 3206; baseline 0 0"><span class='ocrx_word' id='word_1_175' title='bbox 488 3162 797 3206; x_wconf 68' lang='lat' dir='ltr'>Exonlcnrlo</span> 
     </span>
    </p>
   </div>
   <div class='ocr_carea' id='block_1_9' title="bbox 58 3273 1236 3467">
    <p class='ocr_par' dir='ltr' id='par_1_9' title="bbox 58 3273 1236 3467">
     <span class='ocr_line' id='line_1_26' title="bbox 91 3273 1235 3357; baseline -0.004 -18"><span class='ocrx_word' id='word_1_176' title='bbox 91 3277 161 3357; x_wconf 77' lang='lat' dir='ltr'>Qua</span> <span class='ocrx_word' id='word_1_177' title='bbox 189 3275 241 3338; x_wconf 89' lang='lat' dir='ltr'>hic</span> <span class='ocrx_word' id='word_1_178' title='bbox 268 3278 400 3338; x_wconf 86' lang='lat' dir='ltr'>notanda</span> <span class='ocrx_word' id='word_1_179' title='bbox 420 3275 505 3351; x_wconf 89' lang='lat' dir='ltr'>sunt,</span> <span class='ocrx_word' id='word_1_180' title='bbox 527 3293 564 3336; x_wconf 83' lang='lat' dir='ltr'>ex</span> <span class='ocrx_word' id='word_1_181' title='bbox 587 3273 672 3337; x_wconf 77' lang='lat' dir='ltr'>dietis</span> <span class='ocrx_word' id='word_1_182' title='bbox 692 3275 723 3335; x_wconf 90' lang='lat' dir='ltr'>in</span> <span class='ocrx_word' id='word_1_183' title='bbox 744 3275 939 3351; x_wconf 86' lang='lat' dir='ltr'>praecedentis</span> <span class='ocrx_word' id='word_1_184' title='bbox 959 3273 1149 3336; x_wconf 87' lang='lat' dir='ltr'>Definitionis</span> <span class='ocrx_word' id='word_1_185' title='bbox 1173 3275 1235 3334; x_wconf 80' lang='lat' dir='ltr'>Ex·</span> 
     </span>
     <span class='ocr_line' id='line_1_27' title="bbox 58 3385 1236 3467; baseline 0.003 -23"><span class='ocrx_word' id='word_1_186' title='bbox 58 3386 209 3460; x_wconf 81' lang='lat' dir='ltr'>plicatione</span> <span class='ocrx_word' id='word_1_187' title='bbox 230 3387 316 3450; x_wconf 86' lang='lat' dir='ltr'>focile</span> <span class='ocrx_word' id='word_1_188' title='bbox 337 3387 548 3463; x_wconf 87' lang='lat' dir='ltr'>percipiuntur.</span> <span class='ocrx_word' id='word_1_189' title='bbox 571 3387 646 3447; x_wconf 80' lang='lat' dir='ltr'>Vide</span> <span class='ocrx_word' id='word_1_190' title='bbox 659 3399 807 3466; x_wconf 70' lang='lat' dir='ltr'>proterea</span> <span class='ocrx_word' id='word_1_191' title='bbox 823 3385 914 3448; x_wconf 76' lang='lat' dir='ltr'>Schol.</span> <span class='ocrx_word' id='word_1_192' title='bbox 933 3388 1023 3467; x_wconf 85' lang='lat' dir='ltr'>Prop.</span> <span class='ocrx_word' id='word_1_193' title='bbox 1044 3403 1089 3464; x_wconf 77' lang='lat'>13.</span> <span class='ocrx_word' id='word_1_194' title='bbox 1107 3387 1123 3422; x_wconf 84' lang='grc'><strong><em>*</em></strong></span> <span class='ocrx_word' id='word_1_195' title='bbox 1140 3385 1236 3463; x_wconf 78' lang='lat' dir='ltr'><em>hujus.</em></span> 
     </span>
    </p>
   </div>
   <div class='ocr_carea' id='block_1_10' title="bbox 61 3529 1237 3816">
    <p class='ocr_par' dir='ltr' id='par_1_10' title="bbox 61 3529 1237 3816">
     <span class='ocr_line' id='line_1_28' title="bbox 605 3529 688 3589; baseline -0.012 0"><span class='ocrx_word' id='word_1_196' title='bbox 605 3529 688 3589; x_wconf 87' lang='lat' dir='ltr'><strong>VIII.</strong></span> 
     </span>
     <span class='ocr_line' id='line_1_29' title="bbox 91 3638 1237 3722; baseline -0.003 -20"><span class='ocrx_word' id='word_1_197' title='bbox 91 3641 241 3722; x_wconf 80' lang='lat' dir='ltr'>Propenfio</span> <span class='ocrx_word' id='word_1_198' title='bbox 272 3641 313 3702; x_wconf 88' lang='lat' dir='ltr'>est</span> <span class='ocrx_word' id='word_1_199' title='bbox 342 3640 463 3703; x_wconf 79' lang='lat' dir='ltr'>Laetitia</span> <span class='ocrx_word' id='word_1_200' title='bbox 494 3639 713 3702; x_wconf 87' lang='lat' dir='ltr'>concomitante</span> <span class='ocrx_word' id='word_1_201' title='bbox 745 3640 810 3702; x_wconf 87' lang='lat' dir='ltr'>idea</span> <span class='ocrx_word' id='word_1_202' title='bbox 843 3639 966 3718; x_wconf 86' lang='lat' dir='ltr'>aiicujus</span> <span class='ocrx_word' id='word_1_203' title='bbox 997 3638 1058 3715; x_wconf 89' lang='lat' dir='ltr'>rei,</span> <span class='ocrx_word' id='word_1_204' title='bbox 1088 3657 1153 3716; x_wconf 90' lang='lat' dir='ltr'>quae</span> <span class='ocrx_word' id='word_1_205' title='bbox 1185 3658 1237 3716; x_wconf 91' lang='lat' dir='ltr'>per</span> 
     </span>
     <span class='ocr_line' id='line_1_30' title="bbox 61 3751 514 3816; baseline 0.015 -8"><span class='ocrx_word' id='word_1_206' title='bbox 61 3753 187 3816; x_wconf 79' lang='lat' dir='ltr'>accidens</span> <span class='ocrx_word' id='word_1_207' title='bbox 209 3753 295 3815; x_wconf 83' lang='lat' dir='ltr'>causa</span> <span class='ocrx_word' id='word_1_208' title='bbox 315 3751 357 3814; x_wconf 86' lang='lat' dir='ltr'>est</span> <span class='ocrx_word' id='word_1_209' title='bbox 376 3753 514 3815; x_wconf 75' lang='lat' dir='ltr'>Laetitia.</span> 
     </span>
    </p>
   </div>
   <div class='ocr_carea' id='block_1_11' title="bbox 92 3883 1238 4076">
    <p class='ocr_par' dir='ltr' id='par_1_11' title="bbox 92 3883 1238 4076">
     <span class='ocr_line' id='line_1_31' title="bbox 622 3883 673 3943; baseline 0 0"><span class='ocrx_word' id='word_1_210' title='bbox 622 3883 673 3943; x_wconf 90' lang='lat' dir='ltr'>IX.</span> 
     </span>
     <span class='ocr_line' id='line_1_32' title="bbox 92 3986 1238 4076; baseline -0.003 -20"><span class='ocrx_word' id='word_1_211' title='bbox 92 3995 213 4076; x_wconf 80' lang='lat' dir='ltr'>Averfio</span> <span class='ocrx_word' id='word_1_212' title='bbox 251 3995 292 4056; x_wconf 84' lang='lat' dir='ltr'>est</span> <span class='ocrx_word' id='word_1_213' title='bbox 328 3986 459 4056; x_wconf 84' lang='lat' dir='ltr'>Tristitia</span> <span class='ocrx_word' id='word_1_214' title='bbox 495 3994 713 4056; x_wconf 88' lang='lat' dir='ltr'>concomitante</span> <span class='ocrx_word' id='word_1_215' title='bbox 746 3992 811 4054; x_wconf 85' lang='lat' dir='ltr'>ideo</span> <span class='ocrx_word' id='word_1_216' title='bbox 842 3993 965 4070; x_wconf 76' lang='lat' dir='ltr'>aliquus</span> <span class='ocrx_word' id='word_1_217' title='bbox 996 3993 1058 4068; x_wconf 89' lang='lat' dir='ltr'>rei,</span> <span class='ocrx_word' id='word_1_218' title='bbox 1109 4009 1154 4053; x_wconf 84' lang='lat' dir='ltr'>nae</span> <span class='ocrx_word' id='word_1_219' title='bbox 1186 4011 1238 4068; x_wconf 92' lang='lat' dir='ltr'>per</span> 
     </span>
    </p>
   </div>
   <div class='ocr_carea' id='block_1_12' title="bbox 60 4102 1168 4185">
    <p class='ocr_par' dir='ltr' id='par_1_12' title="bbox 60 4102 1168 4185">
     <span class='ocr_line' id='line_1_33' title="bbox 60 4102 1168 4185; baseline 0.001 -20"><span class='ocrx_word' id='word_1_220' title='bbox 60 4109 191 4171; x_wconf 86' lang='lat' dir='ltr'>accidens</span> <span class='ocrx_word' id='word_1_221' title='bbox 210 4108 296 4171; x_wconf 89' lang='lat' dir='ltr'>causa</span> <span class='ocrx_word' id='word_1_222' title='bbox 316 4109 359 4170; x_wconf 86' lang='lat' dir='ltr'>est</span> <span class='ocrx_word' id='word_1_223' title='bbox 378 4107 527 4170; x_wconf 74' lang='lat' dir='ltr'>Tristitia.</span> <span class='ocrx_word' id='word_1_224' title='bbox 557 4105 671 4169; x_wconf 73' lang='lat' dir='ltr'>Deliis</span> <span class='ocrx_word' id='word_1_225' title='bbox 691 4108 759 4168; x_wconf 81' lang='lat' dir='ltr'>vide</span> <span class='ocrx_word' id='word_1_226' title='bbox 779 4103 871 4168; x_wconf 81' lang='lat' dir='ltr'>Schol.</span> <span class='ocrx_word' id='word_1_227' title='bbox 891 4105 980 4185; x_wconf 82' lang='lat' dir='ltr'>Prop.</span> <span class='ocrx_word' id='word_1_228' title='bbox 1005 4116 1050 4179; x_wconf 83' lang='lat'>15.</span> <span class='ocrx_word' id='word_1_229' title='bbox 1071 4102 1168 4181; x_wconf 78' lang='lat' dir='ltr'><em>hujus.</em></span> 
     </span>
    </p>
   </div>
   <div class='ocr_carea' id='block_1_13' title="bbox 89 4335 669 4403">
    <p class='ocr_par' dir='ltr' id='par_1_13' title="bbox 89 4335 669 4403">
     <span class='ocr_line' id='line_1_34' title="bbox 89 4335 669 4403; baseline -0.007 -13"><span class='ocrx_word' id='word_1_230' title='bbox 89 4343 101 4370; x_wconf 79' lang='grc'><em>·</em></span> <span class='ocrx_word' id='word_1_231' title='bbox 118 4337 225 4390; x_wconf 83' lang='lat' dir='ltr'>Bnrder.</span> <span class='ocrx_word' id='word_1_232' title='bbox 241 4367 276 4375; x_wconf 98' lang='lat'>-</span> <span class='ocrx_word' id='word_1_233' title='bbox 292 4338 341 4389; x_wconf 74' lang='lat' dir='ltr'>Ed·</span> <span class='ocrx_word' id='word_1_234' title='bbox 357 4339 414 4388; x_wconf 70' lang='lat' dir='ltr'>Po:</span> <span class='ocrx_word' id='word_1_235' title='bbox 431 4336 516 4390; x_wconf 73' lang='lat' dir='ltr'>schol.</span> <span class='ocrx_word' id='word_1_236' title='bbox 532 4335 611 4403; x_wconf 83' lang='lat' dir='ltr'>Prop.</span> <span class='ocrx_word' id='word_1_237' title='bbox 630 4351 669 4387; x_wconf 88' lang='lat' dir='ltr'>rr.</span> 
     </span>
    </p>
   </div>
   <div class='ocr_carea' id='block_1_14' title="bbox 0 0 1472 4900">
    <p class='ocr_par' dir='ltr' id='par_1_14' title="bbox 0 0 1472 4900">
     <span class='ocr_line' id='line_1_35' title="bbox 0 0 1472 4900; baseline 0 0"><span class='ocrx_word' id='word_1_238' title='bbox 0 0 1472 4900; x_wconf 95' lang='lat' dir='ltr'> </span> 
     </span>
    </p>
   </div>
  </div>
 </body>
</html>
