2934 4900
365 349 420 411 De
461 349 692 413 Libertate
733 352 928 414 Humana.
1072 365 1075 370 ⁴
1181 371 1238 434 273

464 540 828 588 conoueanruaa.

89 632 169 693 Hinc
193 632 340 710 sequitur,
361 636 442 711 quod
464 637 564 712 Deus,
585 652 731 712 quatenus
749 637 872 714 seipsum
890 653 984 714 amat,
999 638 1133 701 homines
1150 656 1242 715 amat,

50 759 79 803 et
100 745 335 823 consequenter,
354 748 435 823 quod
455 748 547 809 Amor
564 748 621 809 Dei
640 767 704 827 erga
724 749 914 825 homines,et
933 751 1046 811 Mentis
1063 770 1129 831 erga
1146 754 1241 815 Deum

50 858 144 916 Amor
165 857 388 935 intellectualis,
409 878 498 921 unum
520 875 549 921 er
572 859 648 922 idem
670 860 714 922 srt.

520 1023 774 1067 seraonrura.

90 1112 136 1171 Ex
166 1112 212 1173 his
240 1114 315 1173 clare
344 1113 548 1194 intelligimus,
576 1136 634 1193 qua
656 1117 686 1178 in
707 1136 738 1177 re
759 1118 854 1179 nostra
877 1118 967 1193 salus,
989 1118 1039 1180 seu
1065 1120 1240 1184 Beatitudo

52 1223 99 1283 seu
132 1224 270 1285 Libertas
303 1225 447 1287 constitit:
480 1246 583 1305 nempe
616 1230 646 1290 in
678 1230 824 1292 constanti
852 1249 882 1293 et
911 1247 1021 1294 aeterno
1053 1250 1119 1312 erga
1148 1234 1243 1294 Deum

53 1336 180 1411 Amore,
212 1335 271 1397 five
301 1336 332 1396 in
363 1338 472 1397 Amore
503 1338 559 1398 Dei
592 1357 658 1418 erga
689 1340 833 1402 homines.
875 1344 976 1419 Atque
1004 1342 1052 1403 hic
1080 1345 1174 1403 Amor
1194 1344 1244 1403 seu

53 1446 212 1508 Beatitudo
234 1446 263 1507 in
284 1448 380 1508 Sacris
400 1449 555 1511 codicibus
576 1450 677 1511 Gloria
698 1455 876 1528 appellatur,
898 1473 950 1515 nec
972 1455 1125 1515 immerito.
1167 1456 1242 1515 Nam

54 1556 108 1618 srre
129 1558 179 1618 hic
201 1560 294 1620 Amor
315 1563 351 1621 ad
372 1562 467 1622 Deum
488 1564 645 1639 referatur,
666 1564 724 1626 srve
747 1568 785 1625 ad
804 1566 956 1641 Mentem,
977 1569 1053 1629 rede
1074 1565 1160 1626 animi
1180 1568 1240 1627 Ac-

54 1672 250 1747 quiescentia,
272 1692 337 1749 quae
358 1692 458 1737 revera
481 1694 496 1735 a
519 1675 620 1737 Gloria
643 1674 715 1755 (per
736 1687 784 1751 25.
807 1690 835 1737 et
855 1695 902 1753 30.
924 1676 1028 1755 ΑΜ.
1047 1679 1159 1758 Defim)
1180 1697 1240 1738 non

52 1782 254 1862 distinguitur,
281 1786 420 1863 appellati
449 1788 555 1863 potest.
596 1790 671 1849 Nam
700 1806 846 1865 quatenus
868 1793 904 1851 ad
926 1792 1021 1851 Deum
1042 1791 1181 1864 refertur,
1201 1790 1242 1850 est

53 1896 121 1973 (per
143 1899 233 1977 Prop.
256 1911 303 1975 35.
324 1897 424 1979 nujus)
454 1901 590 1977 Laetitia,
611 1902 698 1963 liceat
719 1902 776 1961 hoc
799 1902 893 1962 adhuc
916 1903 1064 1964 vocabulo
1087 1902 1147 1977 uti,
1169 1920 1240 1962 con·

53 2010 211 2069 comitante
241 2010 306 2071 idea
335 2010 399 2086 sui,
421 2026 454 2072 ut
476 2029 505 2073 et
528 2028 674 2090 quatenus
696 2015 731 2075 ad
754 2015 885 2074 Mentem
907 2016 1031 2075 refertur
1060 2014 1132 2093 (per
1153 2016 1241 2093 Prop.

54 2140 98 2197 αῖ.
121 2122 233 2202 hujus).
274 2124 389 2185 Deinde
418 2125 486 2203 quia
516 2128 618 2187 nostrae
646 2127 758 2188 Mentis
787 2124 906 2187 edentia
928 2125 1038 2186 insola
1067 2124 1240 2203 cognitione

55 2235 196 2311 consistit,
218 2236 303 2312 cujus
326 2237 500 2313 principium
522 2254 551 2299 et
575 2240 795 2303 fundamentum
818 2240 900 2299 Deus
927 2238 968 2297 est
989 2238 1062 2316 (per
1081 2238 1171 2315 Prop.
1195 2248 1240 2309 15.

48 2358 75 2420 p.
90 2362 113 2405 t.
126 2360 154 2406 et
171 2345 262 2406 Sclml.
281 2347 370 2427 Prop.
382 2362 430 2427 47.
445 2363 476 2427 p.
489 2350 548 2427 m),
560 2349 627 2410 hinc
649 2350 833 2426 perspicuum
854 2349 940 2410 nobis
962 2350 1012 2423 fit,
1033 2349 1186 2426 quomodo
1208 2362 1239 2407 et

52 2477 102 2532 qua
126 2459 240 2521 ratione
262 2462 350 2522 Mens
372 2461 466 2522 nostra
489 2463 644 2524 secundum
666 2461 815 2524 edentiam
832 2479 862 2522 et
880 2461 1061 2523 existentiam
1079 2481 1116 2522 ex
1137 2477 1240 2546 natura

53 2571 146 2634 divina
168 2573 321 2650 sequatur,
343 2590 372 2636 er
394 2575 540 2636 continuo
559 2596 575 2636 a
593 2577 660 2636 Deo
682 2579 825 2652 pendeam
847 2578 928 2652 quod
949 2575 996 2635 hic
1018 2589 1120 2634 notate
1139 2592 1236 2649 operae

39 2685 173 2755 ‚pretium
196 2685 285 2761 duxi,
313 2702 347 2746 ut
368 2686 426 2746 hoc
448 2687 583 2762 exemplo
606 2686 804 2762 ostenderem,
833 2707 918 2763 quarn
939 2704 1032 2747 rerum
1053 2685 1237 2764 singularium

53 2796 197 2872 cognitio,
218 2816 304 2872 quam
327 2797 494 2860 intuitivarn
517 2797 575 2860 srve
599 2799 677 2859 tertii
699 2799 812 2877 generis
834 2799 980 2875 appellavi
1002 2798 1084 2877 (vide
1101 2816 1129 2857 2.
1145 2796 1238 2858 Sclrol.

54 2905 134 2986 Prop.
154 2926 204 2988 40.
222 2923 254 2986 p.
275 2911 337 2987 m),
366 2912 493 2986 polleat,
522 2911 681 2988 potiorque
705 2911 739 2970 srt
760 2909 933 2988 cognitione
954 2909 1130 2984 universali,
1151 2929 1237 2985 quam

54 3015 165 3080 secundi
194 3020 308 3098 generis
336 3020 391 3081 effe
420 3022 492 3085 dixi.
532 3025 607 3084 Nam
638 3024 771 3100 quamvis
793 3023 823 3083 in
845 3022 935 3098 prima
961 3023 1044 3082 Parte
1065 3022 1238 3100 generaliter

54 3127 235 3206 ostenderint,
256 3131 354 3192 omnia
377 3133 422 3210 (et
444 3133 658 3212 consequenter
678 3136 810 3195 Mentem
833 3134 920 3194 etiam
942 3134 1110 3212 humanam)
1132 3153 1148 3192 a
1169 3135 1236 3192 Deo

54 3237 202 3303 secundum
225 3241 373 3304 essentiam
396 3259 425 3305 et
447 3245 628 3306 existentiam
650 3249 795 3323 pendere;
824 3247 871 3306 illa
894 3262 989 3306 tamen
1012 3244 1237 3317 demonstratio,

53 3355 154 3416 tametsr
177 3356 304 3435 legitima
327 3355 361 3417 stt
383 3373 413 3418 et
431 3375 513 3418 extra
532 3359 729 3420 dubitationis
748 3361 837 3420 aleam
856 3357 964 3434 posrta,
983 3377 1043 3418 non
1072 3356 1112 3417 ita
1138 3372 1234 3417 tamen

54 3465 175 3530 Mentem
204 3468 329 3529 nostram
357 3467 468 3545 afficit,
497 3490 582 3546 quam
604 3474 723 3546 quando
746 3471 776 3531 id
798 3470 890 3546 ipsum
913 3490 950 3530 ex
971 3470 1031 3546 ipsa
1054 3467 1171 3530 edentia
1193 3467 1235 3528 rei

53 3578 246 3655 cujuscunque
268 3578 433 3659 srngularis‚
457 3599 543 3656 quam
566 3601 581 3641 a
603 3584 670 3642 Deo
692 3585 819 3659 pendere
841 3581 978 3658 dicimus,
1000 3581 1194 3642 concluditur.

377 3751 708 3813 PROPOSITIO
749 3753 901 3814 XXXVM.

87 3859 175 3921 Naar!
190 3865 224 3922 in
245 3863 370 3922 Natura
390 3865 490 3937 datur,
509 3867 585 3941 quod
599 3864 666 3924 aaa
685 3865 789 3925 Amori
804 3867 988 3926 intellectuali
993 3863 1033 3941 fit
1042 3870 1235 3938 contrarium,

52 3967 102 4038 file
120 3977 197 4050 quod
214 3976 308 4053 ipsum
325 3975 405 4056 pofflt
426 3977 532 4038 tollere.

442 4137 841 4205 ueuonsrnarro

89 4227 140 4288 Hic
161 4229 366 4294 intellectualis
387 4234 480 4294 Amor
501 4253 539 4294 ex
561 4236 674 4297 Mentis
695 4251 798 4297 natura
820 4233 978 4296 necessario
1000 4233 1145 4310 sequitur,
1163 4251 1234 4308 qua·

56 4349 131 4401 renus
161 4341 238 4418 ipsa,
270 4361 304 4405 ut
336 4361 443 4406 aeteraa
476 4344 604 4424 veritas,
634 4365 686 4422 pet
706 4347 763 4407 Dei
783 4361 916 4407 naturam
945 4345 1143 4460 confiderftut
1164 4345 1235 4421 (per

1101 4441 1130 4490 ru
