2934 4900
583 328 641 389 De
670 328 768 389 Deo.
1225 346 1265 410 47

78 499 194 575 existit,
208 501 240 562 in
255 500 317 577 ipsa
332 498 398 578 ejus
413 514 533 577 natura,
550 518 615 579 quae
636 516 793 577 propterea
809 501 1069 564 contradidionenr
1089 502 1265 567 involveret.

77 614 182 689 Atque
207 612 267 673 hoc
291 614 329 673 de
352 612 432 673 Ente
459 612 591 674 absolute
623 611 739 673 infinito
768 627 799 674 et
827 611 933 674 summe
962 615 1092 688 perfecto
1113 614 1268 689 affirmare,

79 724 237 786 absurdum
258 725 315 797 est;
337 743 408 803 ergo
427 742 481 785 nec
502 724 533 785 in
553 726 621 785 Deo
642 742 697 785 nec
719 740 801 785 extra
821 725 917 786 Deum
938 726 995 785 ulla
1016 724 1100 787 causa
1121 725 1171 788 seu
1191 727 1266 787 ratio

79 841 187 915 datur,
225 857 291 915 quae
330 837 394 915 ejus
431 837 611 899 existentiam
640 839 746 913 tollat,
777 857 810 899 ac
843 838 967 915 proinde
997 840 1080 900 Deus
1110 839 1267 901 neceffario

80 949 190 1011 existit.
214 951 249 1027 Q.
270 950 308 1011 E.
327 951 368 1011 D.

600 1081 760 1139 Aliter.
822 1073 829 1089 ’

120 1206 207 1269 Poffe
228 1226 289 1269 non
310 1206 432 1268 existere
452 1205 628 1283 impotentia
649 1207 708 1282 est,
725 1222 755 1267 et
774 1222 877 1267 contra
896 1206 978 1283 poffe
996 1208 1116 1271 existere
1133 1210 1269 1286 potentia

82 1320 124 1380 cst
153 1320 201 1397 (ur
224 1334 280 1399 per
300 1322 336 1398 se
364 1318 481 1400 notum).
521 1318 552 1379 Si
580 1318 681 1395 itaque
708 1318 757 1393 id,
786 1306 868 1395 qu'od
892 1319 952 1396 jam
973 1320 1131 1383 neceiiario
1152 1323 1269 1399 existit,

82 1452 146 1495 non
178 1432 229 1494 nist
260 1433 339 1494 entia
370 1432 453 1493 finita
483 1431 566 1507 sunt;
598 1430 665 1494 sunt
694 1450 764 1511 ergo
795 1430 874 1493 entia
896 1432 980 1493 finita
1000 1434 1171 1509 potentiora
1191 1435 1269 1495 Ente

83 1545 220 1607 absolute
247 1544 381 1607 infinito:
411 1560 500 1620 atque
528 1544 586 1604 hoc
616 1543 663 1621 (ut
679 1542 786 1621 perse
806 1544 916 1621 notum)
937 1542 1092 1605 absurdum
1112 1545 1170 1621 est;
1200 1563 1269 1624 ergo

84 1662 133 1719 vei
162 1658 234 1719 nihil
261 1658 376 1734 existit,
397 1658 445 1721 vel
470 1658 531 1717 Ens
551 1656 685 1719 absolute
707 1654 854 1715 infinitum
875 1654 1033 1715 neceisario
1054 1656 1142 1717 etiam
1164 1655 1270 1718 existit.

83 1770 181 1848 Atqui
210 1788 266 1831 nos
292 1772 339 1832 vel
359 1770 389 1829 in
410 1768 513 1844 nobis,
535 1770 583 1830 vel
603 1769 632 1827 in
654 1767 730 1843 alio,
753 1770 836 1844 quod
858 1766 1016 1827 necessario
1038 1768 1151 1844 existit,
1173 1769 1270 1830 existi·

84 1902 149 1943 mus
171 1882 247 1959 (vid.
269 1880 383 1941 Axium.
409 1897 433 1939 r.
454 1894 482 1939 et
502 1882 590 1958 Prop.
612 1880 665 1958 7.).
693 1880 773 1956 Ergo
794 1879 856 1938 Ens
878 1878 1011 1939 absolute
1032 1878 1193 1953 infinitum,
1213 1880 1270 1941 hoc

83 1995 124 2054 est
148 1995 219 2073 (per
239 1994 333 2072 Defin.
352 1993 397 2070 6.)
418 1994 520 2065 Deus,
541 1989 697 2052 neceisario
720 1989 827 2051 existit.
853 1991 887 2067 Q.
912 1991 947 2049 E.
969 1992 1008 2050 D.

557 2199 811 2243 SCHOLIUM.

126 2314 161 2373 ln
181 2313 237 2372 hac
259 2312 360 2373 ultima
381 2310 627 2371 demonstratione
648 2310 705 2371 Dei
728 2310 1102 2387 existentiamaposteriori
1123 2312 1273 2374 ostendere

85 2426 190 2502 volui,
218 2440 251 2487 ut
279 2423 486 2486 demonstratio
515 2423 630 2484 facilius
654 2422 870 2500 perciperetur;
890 2424 961 2484 Non
983 2437 1080 2485 autern
1102 2439 1275 2502 propterea,

87 2540 171 2614 quod
201 2554 238 2597 ex
265 2537 322 2597 hoc
349 2539 452 2597 eodem
474 2537 665 2596 fundamento
686 2533 744 2596 Dei
766 2534 920 2594 existentia
942 2553 957 2594 a
979 2534 1068 2610 priori
1090 2555 1150 2597 non
1173 2536 1273 2614 sequa-

90 2663 148 2708 tur.
169 2649 262 2726 Nam‚
290 2666 354 2707 curn
377 2646 456 2723 poiie
478 2647 598 2708 existere
618 2647 755 2723 potentia
776 2646 828 2722 fit,
854 2647 1001 2725 sequitur,
1022 2666 1083 2723 quo
1105 2650 1171 2724 plus
1192 2649 1274 2709 reali-

92 2760 163 2821 tatis
193 2757 316 2836 alicujus
343 2759 384 2820 rei
412 2775 521 2820 naturae
550 2759 710 2836 competit,
740 2777 777 2820 eo
799 2762 866 2834 plus
887 2759 991 2820 virium
1013 2779 1028 2820 a
1050 2759 1078 2820 se
1099 2761 1221 2838 habere,
1242 2777 1275 2822 ut

90 2872 214 2947 existat3
236 2874 369 2948 adeoque
390 2872 452 2932 Ens
473 2871 606 2932 absolute
629 2870 796 2947 infinitum,
816 2870 876 2934 five
896 2872 1009 2946 Deum,
1030 2871 1171 2932 infinitam
1192 2872 1276 2934 abso-

90 2987 154 3045 lute
176 2983 340 3059 potentiam
369 2983 510 3044 existendi
531 3001 546 3043 n
568 2983 596 3043 se
619 2983 741 3058 habere,
768 2983 819 3059 qui
840 2999 996 3059 propterea
1018 2984 1150 3044 absolute
1171 2985 1277 3045 existit.

90 3095 187 3156 Multi
221 3111 317 3156 tamen
354 3095 450 3155 forsan
487 3113 548 3156 non
579 3094 665 3155 facile
695 3093 784 3171 hujus
816 3094 1070 3156 demonstrationis
1101 3095 1277 3157 evidentiam

90 3208 196 3270 videre
223 3223 381 3283 poterunt,
409 3206 476 3282 quia
504 3205 606 3267 assueti
631 3205 698 3267 sunt
725 3225 774 3266 eas
802 3205 984 3267 solummodo
1005 3224 1050 3266 res
1072 3206 1279 3283 contemplari,

92 3337 161 3396 quae
184 3337 200 3378 a
221 3317 312 3378 caufis
332 3317 461 3378 externit
483 3319 594 3392 fluunt;
617 3333 647 3378 et
668 3336 704 3377 ex
725 3317 785 3392 his,
806 3336 871 3394 quae
892 3317 954 3377 cito
975 3317 1063 3391 fiunt,
1084 3317 1141 3377 hoc
1157 3316 1197 3377 est
1212 3336 1277 3392 quae

91 3431 182 3491 facile
203 3429 347 3506 existunt,
368 3448 417 3490 eas
431 3429 517 3490 etiarn
539 3429 624 3490 facile
647 3429 739 3504 perire
760 3429 879 3505 vident,
900 3446 929 3489 et
952 3445 1054 3490 contra
1075 3447 1123 3489 eas
1141 3448 1185 3489 res
1200 3431 1279 3492 facin

93 3541 276 3604 difficiliores
292 3540 444 3617 judicant,
465 3540 522 3600 hoc
542 3541 581 3600 est
603 3542 639 3601 nd
662 3539 841 3600 existendum
863 3558 922 3600 non
939 3543 1014 3600 ndeo
1029 3540 1146 3616 faciles,
1161 3543 1196 3602 nd
1208 3561 1280 3617 quns

95 3657 178 3730 plura
200 3652 345 3730 pertinere
367 3651 549 3728 concipiunt.
576 3654 703 3727 Verum,
733 3667 766 3713 ut
789 3651 891 3713 abhis
912 3651 1087 3728 prejudiciis
1106 3652 1281 3730 liberentur,

97 3781 158 3822 non
177 3779 253 3838 opus
268 3761 363 3821 habco
381 3760 429 3821 hic
446 3760 614 3836 ostendere,
636 3779 692 3836 qua
711 3760 825 3821 ratione
840 3759 898 3820 hoc
917 3759 1121 3836 enuncintum‚
1141 3766 1216 3839 quod
1227 3769 1282 3824 cito

87 3877 151 3956 fit,
168 3879 223 3933 cito
240 3877 337 3952 perit,
357 3891 456 3935 verum
478 3870 527 3950 snt,
547 3889 601 3932 nec
623 3871 726 3948 etiarn,
748 3891 784 3932 nn
799 3870 931 3947 respetiu
948 3871 1042 3933 totius
1057 3887 1167 3933 naturae
1185 3875 1282 3936 omnin

96 4003 182 4064 reque
204 3985 299 4046 facilia
319 3985 375 4046 fint
396 4003 433 4045 nn
448 3984 541 4045 secus.
555 3985 613 4045 Sed
629 3984 687 4044 hoc
704 3998 818 4044 tanturn
836 3999 938 4045 notnre
953 3982 1077 4059 sufficit,
1098 4003 1143 4046 me
1158 3985 1205 4046 hic
1222 4006 1282 4048 non

96 4098 180 4175 loqui
202 4100 239 4159 de
259 4100 363 4172 rebus,
383 4114 448 4173 quae
471 4095 597 4156 acnufis
620 4095 749 4158 externis
769 4096 860 4174 fiunt,
885 4094 935 4157 sed
955 4098 992 4157 de
1012 4094 1081 4156 solis
1101 4096 1284 4176 substantiis,

96 4230 161 4288 quae
183 4210 254 4290 (per
273 4212 362 4290 Prop.
382 4207 426 4289 6.)
447 4227 463 4268 a
485 4209 562 4269 nulla
582 4207 665 4269 causat
682 4223 803 4270 extenta
820 4207 945 4285 produci
962 4206 1090 4284 poffunt.
1111 4211 1173 4270 Res
1191 4210 1284 4288 enim,

97 4343 163 4403 quae
180 4345 197 4386 a
213 4325 305 4390 caudis
319 4322 451 4386 externis
466 4323 557 4400 fiunt,
577 4321 636 4386 five
648 4341 689 4384 cae
702 4322 799 4385 multis
809 4323 942 4400 partibus
953 4321 1086 4384 constent
1096 4322 1155 4390 five
1165 4327 1285 4404 paucis,
