2934 4900
616 292 799 354 Ethices
830 293 898 355 Pars
918 295 943 355 1.

609 487 973 532 conounanruru.

232 578 310 641 Hinc
339 577 486 656 sequitur,
513 581 608 641 Deum
637 598 697 641 non
727 594 842 642 tantum
871 580 927 641 effe
956 582 1087 658 causam,
1114 598 1149 643 ut
1174 600 1220 643 ret
1241 581 1392 658 incipiant

192 690 331 767 existere3
363 690 411 753 sed
442 690 529 752 etiam
561 708 594 752 ut
626 691 655 753 in
688 691 842 755 existendo
871 692 1073 769 perseverent,
1100 694 1160 754 sive
1191 693 1240 771 (ut
1260 692 1392 755 termino

190 802 369 864 scholastico
397 805 476 883 utar)
505 805 600 865 Deum
629 802 684 865 eiie
713 803 828 865 causam
857 802 965 866 ersendi
995 822 1098 874 retum.
1139 807 1232 880 Ntrn,
1260 804 1320 866 siue
1341 822 1393 864 res

191 914 316 976 existant
343 915 401 977 siue
430 934 490 977 non
521 916 663 991 existant,
684 916 922 994 quotiescunque
943 920 981 979 ad
1001 936 1098 979 carum
1120 916 1267 979 essentiam
1288 933 1388 978 atten-

191 1025 304 1105 dimus,
323 1030 443 1089 eandem
463 1047 516 1089 nec
535 1026 716 1089 existentiam
736 1048 790 1089 nec
808 1028 992 1091 durationem
1010 1026 1389 1105 involuerecomperimus;

190 1143 324 1217 adeoque
352 1157 448 1201 earum
477 1139 594 1202 eiientia
624 1161 720 1219 neque
750 1142 807 1202 suae
836 1140 999 1203 existentiae
1020 1162 1116 1218 neque
1138 1141 1196 1203 suae
1218 1140 1388 1203 durationis

191 1252 287 1328 potest
308 1250 363 1313 eise
384 1252 484 1327 causa3
506 1251 555 1313 sed
578 1269 691 1315 tantum
712 1254 813 1329 Deus,
833 1255 870 1314 ad
892 1251 977 1329 cujus
999 1251 1088 1313 solnm
1108 1266 1238 1314 naturam
1255 1250 1389 1334 pertinet

179 1362 312 1425 <existere
332 1362 402 1444 (per
424 1365 527 1424 Coroll.
553 1381 577 1423 1.
600 1366 688 1445 Prop.
714 1361 783 1444 ¹4)-

561 1535 892 1596 PROPOSITIO
923 1534 1018 1596 XXV.

230 1668 309 1728 Deus
339 1684 393 1725 nan
424 1678 536 1725 tantum
567 1664 605 1743 est
636 1662 725 1740 causa
756 1662 876 1739 efficiens
908 1681 1006 1722 rerum
1033 1662 1206 1741 existentia,
1221 1661 1280 1738 sed
1296 1664 1387 1721 etiam

190 1779 320 1857 effemiae.

597 1872 994 1917 DEMONSTRATIO.

232 1972 263 2033 Si
291 1989 395 2051 negas,
425 1988 494 2050 ergo
521 1987 614 2031 rerum
636 1968 762 2030 ess‘entiae
783 1971 866 2031 Deus
887 1987 947 2029 non
969 1968 1010 2028 est
1032 1966 1133 2041 causa;
1154 1969 1288 2042 adeoque
1310 1965 1324 2042 (
1328 1978 1387 2044 per

195 2082 310 2144 Axium.
338 2083 382 2161 4.)
411 2079 509 2157 potest
536 2096 628 2141 rerum
657 2078 776 2141 effentia
805 2076 864 2139 sine
884 2080 951 2139 Deo
973 2077 1105 2154 concipi:
1128 2076 1211 2154 atqui
1231 2078 1290 2138 hoc
1310 2074 1386 2155 (per

193 2196 282 2274 Prop.
308 2192 367 2276 15.)
388 2194 428 2255 est
450 2193 614 2255 absurdum.
654 2194 733 2272 Ergo
756 2210 848 2253 rerum
870 2190 957 2252 etiam
980 2188 1104 2252 essentiae
1123 2191 1205 2251 Deus
1227 2190 1267 2251 est
1287 2188 1384 2250 causa.

194 2309 340 2385 qum

658 2402 915 2446 SCHOLIUM·

233 2501 305 2561 Haec
331 2499 497 2576 Proposrtio
526 2498 631 2560 clarius
652 2497 783 2576 sequitur
803 2517 841 2558 ex
863 2495 1069 2574 Proposrtione
1093 2498 1138 2556 16.
1179 2495 1281 2556 linea
1303 2493 1382 2554 enim

145 2683 155 2702 ·
191 2611 341 2689 sequitur,
371 2613 454 2688 quod
484 2629 521 2670 ex
553 2612 620 2671 data
652 2625 755 2670 natura
786 2607 905 2682 divina,
936 2624 993 2669 tam
1025 2626 1118 2669 reruni
1147 2606 1264 2668 edentia
1293 2625 1382 2682 quam

191 2723 343 2786 existentia
365 2725 471 2786 debeat
492 2721 647 2786 ueceiiario
669 2720 825 2795 concludi3
846 2737 895 2794 et,
916 2735 950 2781 ut
972 2721 1064 2782 verbo
1084 2718 1196 2794 dicam,
1217 2738 1255 2780 eo
1276 2717 1383 2795 sensu,

191 2855 251 2913 quo
273 2838 355 2897 Deus
376 2834 483 2897 dicitur
504 2833 589 2896 causa
611 2832 672 2900 sui.
693 2831 782 2894 etiam
801 2831 930 2894 omnium
948 2848 1042 2892 reruni
1063 2831 1148 2892 causa
1166 2829 1308 2892 dicendus
1327 2829 1385 2904 est,

191 2953 272 3028 quod
293 2951 387 3012 adhuc
408 2948 515 3010 clarius
535 2968 572 3009 ex
594 2945 728 3025 sequenti
752 2943 917 3008 Corollario
938 2942 1094 3004 constabit.

606 3106 971 3153 conouuanrum.

231 3208 291 3266 Res
313 3205 501 3282 particulares
529 3202 601 3266 nihil
630 3203 713 3278 sunt,
735 3201 786 3263 nisi
807 3200 864 3262 Dei
886 3199 1095 3262 attributorum
1117 3196 1304 3271 affectiones,
1323 3196 1386 3257 five

191 3317 287 3393 modi,
308 3317 418 3395 quibus
438 3315 495 3377 Dei
518 3315 660 3377 attributa
682 3330 765 3376 certo
786 3331 816 3375 et
837 3313 1032 3376 determinato
1059 3313 1149 3372 modo
1171 3309 1386 3387 exprimuntur.

190 3429 407 3492 Demonstratio
430 3444 513 3505 patet
534 3447 571 3488 ex
594 3427 799 3505 Proposrtione
824 3438 868 3502 15.
891 3441 922 3487 et
944 3423 1125 3487 Definitione
1147 3434 1175 3498 5.

549 3551 882 3650 PnoposrTlo
914 3586 1023 3646 xxvi.

232 3704 305 3778 Res,
334 3721 396 3780 quet
423 3703 465 3761 ad
492 3701 609 3778 aliqua’d
629 3700 805 3779 operandum
824 3700 1018 3758 determinata
1036 3697 1091 3775 est,
1110 3716 1131 3756 a
1150 3699 1214 3758 Deo
1234 3696 1388 3774 neceffarr'o

192 3814 233 3892 fic
254 3811 320 3890 suit
347 3815 559 3885 determinata,·
586 3825 631 3888 ct,
658 3830 721 3889 quae
742 3830 762 3869 u
782 3812 846 3871 Deo
866 3830 921 3870 non
941 3810 979 3889 est
999 3811 1207 3884 determinata,
1227 3828 1282 3868 non
1297 3809 1388 3888 potest

193 3923 343 4006 seipsam
364 3926 598 4006 adoperandum
619 3925 821 3984 determinare.

596 4093 993 4142 nemonsrnnrro.

230 4193 279 4268 ld,
310 4209 363 4269 per
394 4194 477 4269 quod
508 4209 555 4254 res
586 4189 787 4253 determinata
818 4191 856 4249 ad
887 4187 999 4264 aliquid
1030 4189 1211 4264 operandum
1231 4185 1388 4262 dicuntur,

191 4301 347 4366 neceiiario
376 4303 448 4382 quid
478 4303 639 4380 positivum
667 4301 707 4364 est
736 4298 790 4381 (ur
798 4313 855 4380 per
869 4300 906 4377 se
924 4297 1052 4381 Μανῆς
1073 4300 1220 4378 Adeoque
1240 4313 1300 4360 tarn
1321 4300 1387 4377 ejus
