2934 4900
210 320 270 381 206
627 315 809 380 Ethices
836 317 905 379 Pars
924 318 978 379 IV.
1449 352 1450 415 ἢ

207 497 267 558 rius
294 497 336 558 rei
365 496 450 559 causa
479 496 561 559 suum
589 494 644 557 ell‘e
669 496 843 561 conservare
864 508 1035 571 conaretur,
1055 509 1119 554 tum
1140 510 1185 554 res
1205 492 1254 553 illa
1274 493 1405 569 primum
1449 442 1450 525 i

207 610 278 671 ellet
298 610 419 673 vinutis
446 612 667 671 fundamentum
696 609 744 688 (ut
760 622 817 689 ptr
830 610 866 686 se
886 607 1013 685 notum),
1035 606 1117 683 quod
1139 604 1211 685 (per
1225 604 1405 685 pradiiium

209 723 327 802 Caroli)
348 721 390 783 est
410 721 573 785 absurdum.
614 722 694 801 Ergo
715 740 803 782 nemo
824 721 906 783 suum
928 718 998 795 eise,
1020 733 1077 779 etc.
1121 718 1155 795 Q.
1176 718 1214 779 E.
1235 716 1275 777 D.

559 915 891 977 PROPOSITIO
932 915 1043 976 XXVI.

248 1046 392 1123 Quicquid
412 1064 449 1104 eac
473 1045 598 1105 Ratione
618 1063 763 1122 conanusr,
782 1042 860 1105 nihil
877 1045 963 1104 aliud
979 1044 1018 1121 est
1039 1060 1124 1119 quant
1144 1041 1326 1117 intelligam
1347 1059 1404 1099 nec

205 1160 309 1235 Mens,
337 1171 476 1235 quatenus
502 1160 627 1219 Ratione
653 1162 761 1234 utitur,
789 1158 874 1218 aliud
886 1156 944 1234 fibi
962 1156 1033 1215 utiic
1054 1155 1106 1233 effe
1118 1155 1251 1230 judicat,
1271 1152 1327 1230 nifi
1347 1155 1402 1228 id,

206 1275 283 1351 qnod
298 1275 341 1334 ad
357 1273 572 1349 intelligendum
592 1273 730 1332 conducit.

604 1432 1004 1479 oanonsannaro

246 1529 381 1591 Conatus
402 1528 461 1590 sese
482 1528 674 1592 conservandi
695 1528 769 1588 nihil
789 1528 830 1587 est
851 1541 955 1603 praeter
980 1523 1069 1601 ipsrus
1089 1524 1131 1585 tei
1153 1520 1298 1584 effentianr
1322 1523 1403 1601 (per
1449 1586 1450 1589 ,

205 1645 295 1723 Prop.
316 1660 344 1719 7.
360 1655 392 1722 p.
415 1643 475 1721 3.),
495 1660 582 1719 quae,
603 1611 751 1718 quatenus
772 1640 839 1700 talis
869 1637 985 1713 existit,
1013 1637 1072 1699 vim
1099 1636 1206 1698 habere
1228 1636 1403 1711 concipitur

206 1758 243 1817 ad
263 1754 504 1831 perseverandum
524 1754 555 1814 in
576 1752 728 1813 existendo
751 1752 822 1831 (per
842 1751 932 1831 Prop.
952 1751 981 1810 6.
998 1761 1031 1829 p.
1054 1749 1104 1828 3),
1125 1764 1156 1809 et
1177 1766 1211 1809 ea
1233 1749 1401 1826 agendum,

205 1886 272 1943 quae
300 1886 338 1928 ex
366 1870 434 1929 data
461 1865 512 1927 sua
533 1880 636 1926 natura
657 1862 816 1924 neceliario
838 1863 1001 1939 sequuntur
1021 1859 1103 1939 (uide
1122 1860 1217 1939 Defin.
1238 1858 1401 1939 Appetitas

204 1984 236 2038 in
256 1978 347 2039 Schoi.
367 1980 456 2057 Prop.
477 1996 506 2054 9.
523 1989 556 2056 p.
578 1977 631 2054 3.).
673 1977 716 2036 At
744 1972 885 2036 Rationis
914 1972 1033 2045 essentia
1053 1972 1126 2034 nihil
1147 1973 1226 2034 allud
1246 1971 1287 2032 est
1307 1990 1398 2048 quam

204 2091 293 2152 Mens
319 2089 429 2165 nostra,
457 2104 603 2165 quatenus
631 2088 706 2148 clare
735 2102 766 2147 et
795 2086 927 2148 distructa
948 2085 1086 2165 intelligit
1108 2084 1197 2163 (vide
1216 2085 1277 2161 qus
1297 2086 1396 2165 Defin.

202 2206 235 2262 in
255 2221 284 2264 2.
304 2201 395 2263 Soloi,
419 2202 509 2280 Prop.
529 2219 578 2281 40.
595 2212 627 2279 p.
648 2202 709 2279 2.):
738 2200 818 2278 Ergo
846 2200 920 2279 (per
946 2200 1036 2277 Prop.
1057 2214 1106 2278 40.
1123 2210 1155 2277 p.
1176 2199 1221 2277 2.)
1249 2196 1395 2275 quicquid

204 2332 241 2375 ex
262 2313 392 2375 Ratione
413 2331 570 2389 conamur,
596 2312 669 2373 nihil
696 2311 775 2374 aliud
796 2312 837 2372 est
857 2330 944 2389 quarn
965 2310 1137 2390 intelligere.
1178 2312 1294 2371 Deinde
1315 2328 1394 2387 quo·
1449 2316 1450 2319 ’

204 2426 280 2488 niam
306 2426 354 2489 hic
382 2426 496 2489 Mentis
522 2440 664 2502 conatus,
692 2442 754 2503 quo
782 2425 888 2501 Mens,
909 2438 1055 2501 quatenus
1080 2422 1289 2498 ratiocinatur,
1310 2421 1394 2482 suurn

204 2539 259 2601 ell'e
279 2555 403 2602 conatur
424 2540 611 2615 conservate,
633 2537 705 2599 nihil
726 2537 805 2600 aliud
823 2538 864 2598 est
885 2556 970 2614 quam
997 2536 1159 2615 Intelllgere
1180 2535 1251 2615 (per
1263 2539 1395 2615 primane

199 2666 317 2732 partem
336 2651 454 2731 hujus);
475 2652 517 2712 est
537 2669 607 2730 ergo
627 2650 676 2711 hic
697 2650 880 2728 intelligendi
898 2665 1024 2710 conatus
1042 2648 1116 2728 (per
1128 2647 1332 2726 CoroilProp.
1345 2663 1394 2706 22.

202 2762 304 2845 liujus)
331 2764 454 2842 primum
482 2780 513 2825 et
540 2763 659 2826 unicum
686 2762 808 2827 vittutis
838 2763 1076 2839 fundamentum,
1104 2780 1158 2822 nec
1183 2758 1306 2836 alicujus
1326 2759 1395 2819 finis

202 2875 288 2938 causa
316 2877 389 2957 (per
414 2878 505 2955 Prop.
525 2887 574 2951 25.
600 2874 701 2955 nujus)
731 2893 778 2936 res
805 2874 967 2954 intelligere
995 2874 1184 2952 conabimut;
1212 2873 1261 2934 sed
1289 2887 1394 2933 contra

202 2991 307 3068 Mens,
328 3007 474 3069 quatenus
494 2989 707 3065 ratiocinatur,
728 2989 800 3049 nihil
820 2989 874 3050 fibi
893 2990 1005 3050 bonum
1027 2985 1082 3049 effe
1103 2987 1260 3064 concipere
1280 2986 1396 3063 poterit

204 3099 256 3161 nili
276 3100 324 3179 id,
345 3103 427 3179 quod
448 3103 485 3162 ad
505 3099 726 3178 lnteffigendum
738 3100 880 3162 conducit
892 3099 964 3180 (per
974 3099 1070 3179 Defin.
1085 3115 1111 3162 1.
1123 3097 1234 3177 nujus).
1257 3098 1291 3176 Q.
1304 3098 1341 3159 Ε.
1354 3099 1395 3159 D.

546 3286 875 3349 PROPOSITIO
915 3286 1040 3347 XXVII.

244 3413 336 3476 Nihil
350 3429 426 3476 certo
435 3418 546 3494 scimus
562 3415 663 3475 bonnm
678 3428 732 3475 aut
749 3415 854 3475 mnium
869 3415 934 3494 effe,
951 3414 1005 3492 nist
1021 3413 1056 3473 id
1058 3458 1068 3489 ,
1085 3413 1162 3491 quod
1175 3413 1218 3473 ad
1230 3411 1392 3487 intelligen-

202 3527 270 3588 rinnt
289 3547 395 3589 revera
414 3531 556 3605 conducit,
575 3529 626 3588 oei
644 3529 720 3605 quod
733 3527 872 3607 inpedire
884 3527 988 3608 potest,
1006 3545 1060 3604 quo
1077 3530 1171 3586 minus
1187 3525 1392 3600 intelliguntur.

552 3661 559 3668 ’
597 3688 993 3734 unnonsrnnnro
1110 3703 1114 3712 -

242 3785 346 3859 Mens,
374 3798 519 3859 quatenus
546 3782 756 3860 ratiocinatur,
777 3781 848 3844 nihil
869 3783 947 3844 aliud
969 3782 1085 3859 appetit
1106 3799 1192 3858 quam
1212 3779 1392 3857 intelligere,

203 3915 257 3956 nec
277 3895 357 3957 aliud
383 3893 436 3955 fibi
463 3894 536 3956 utile
564 3893 619 3957 effe
635 3895 753 3973 judicat
774 3893 826 3957 nisr
848 3895 895 3972 id,
916 3897 998 3972 quod
1019 3897 1056 3956 ad
1077 3893 1298 3973 intelligendum
1319 3909 1390 3952 con-

203 4008 285 4071 ducit
307 4007 380 4087 (pcr
399 4009 489 4088 Prop.
506 4009 622 4088 praec).
643 4010 686 4069 At
707 4009 796 4069 Mens
819 4008 891 4087 (per
911 4009 999 4087 Prop.
1017 4024 1067 4086 41.
1088 4021 1117 4068 et
1136 4024 1185 4087 43.
1202 4019 1235 4086 p.
1246 4023 1290 4081 ι,
1310 4005 1391 4079 cujus

202 4124 288 4180 etiam
308 4119 398 4181 Seiani.
418 4121 500 4200 vide)
520 4139 614 4181 rerum
635 4119 841 4181 certitudinem
862 4119 1047 4196 nonhabet,
1069 4117 1121 4179 nih
1143 4133 1289 4196 quatenus
1310 4117 1390 4176 ideas

201 4231 291 4311 habet
322 4235 506 4309 adaequatas,
537 4231 597 4295 five
629 4230 721 4311 (quod
744 4244 801 4310 per
831 4229 921 4292 Schoi.
952 4232 1042 4310 Prop.
1062 4248 1112 4310 40.
1136 4243 1168 4311 p.
1190 4247 1219 4290 2.
1238 4232 1313 4289 idnn
1338 4229 1389 4306 cst)

203 4359 350 4422 quatenus
376 4345 577 4406 ratiocinatur.
603 4344 684 4422 Ergo
711 4343 892 4404 nihil-certo
921 4341 1026 4404 scimus
1053 4343 1164 4404 bonum
1192 4338 1249 4402 else
1271 4339 1323 4402 nifi
1343 4339 1389 4418 id,
