2934 4900
575 330 631 393 De
661 329 759 392 Deo.
1220 344 1261 407 49

67 526 114 571 tur
134 529 207 589 ergo
231 512 330 586 plures
351 508 516 571 substantie
538 507 666 586 ejusdem
687 523 816 584 natune,
847 508 930 584 quod
952 505 1024 586 (per
1044 508 1133 585 Prop.
1156 505 1199 584 5.)
1221 504 1263 564 est

68 622 235 685 absurdum.
275 621 307 683 si
327 622 488 684 secundum
515 637 659 697 ponatur,
685 638 757 698 ergo
778 619 825 701 (oi
840 619 953 698 supra)
975 618 1086 693 poterit
1106 615 1263 678 substantia

69 734 203 797 absolute
220 734 337 797 infinita
355 733 483 797 definere
502 732 573 811 elle,
590 735 672 811 quod
685 732 757 812 (per
767 734 858 812 Prop.
872 733 933 813 11.)
945 731 987 792 ell
999 732 1086 792 etiam
1098 729 1262 793 absurdum.

487 894 853 941 conotunntum.

108 990 156 1050 En
176 990 223 1051 his
245 988 388 1067 sequitur,
408 990 517 1051 nullam
537 988 746 1066 substantiam,
775 1004 805 1051 et
833 989 1048 1066 consequenter
1069 990 1175 1051 nullam
1196 986 1263 1047 sub·

70 1102 201 1164 stantiam
224 1119 413 1177 corpoream,
435 1113 581 1178 quatenus
604 1100 763 1163 substantia
785 1100 843 1177 est,
864 1100 919 1163 elle
941 1100 1123 1165 divisibilem.

544 1260 803 1307 scnottum.

109 1360 203 1442 Quod
224 1356 381 1419 substantia
402 1355 437 1417 iit
458 1355 655 1435 indivisibilis,
677 1356 836 1434 simplicius
858 1376 895 1418 ex
915 1358 973 1418 hoc
994 1356 1057 1418 solo
1080 1356 1262 1435 intelligitur,

70 1472 153 1547 quod
175 1486 279 1531 natura
301 1466 469 1532 substantiae
491 1488 552 1531 non
573 1470 670 1545 potest
692 1468 812 1545 concipi
833 1468 885 1530 nist
906 1466 1037 1545 infinita,
1057 1482 1089 1529 et
1110 1468 1193 1544 quod
1213 1486 1266 1543 per

69 1599 180 1657 partem
204 1581 370 1643 substantia
392 1580 464 1641 nihil
486 1580 564 1642 aliud
585 1578 710 1659 intelligi
732 1580 830 1657 potell
860 1598 946 1657 quam
979 1578 1136 1640 substantia
1163 1578 1264 1654 linita,

69 1696 152 1771 quod
173 1693 248 1774 (per
269 1696 359 1773 Prop.
382 1693 427 1771 8.)
448 1692 626 1755 manifestam
648 1691 912 1755 contradictionem
935 1691 1073 1767 implicat.

448 1851 783 1913 PROPOSITIO
813 1850 895 1910 xlv.

108 1964 229 2024 Praeier
249 1964 342 2025 Deum
362 1964 444 2023 nulla
463 1964 535 2024 dori
554 1982 642 2041 neque
662 1965 772 2041 concipi
790 1962 878 2041 potest
891 1961 1067 2041 substantia.

477 2124 874 2169 ocuonsrnacto.
1259 2119 1332 2149 ’ω

111 2220 189 2281 Cum
218 2222 301 2282 Deus
323 2218 358 2281 fit
380 2238 434 2281 ens
454 2220 587 2282 absolute
616 2220 780 2296 infinitum,
802 2221 838 2281 de
860 2238 921 2296 quo
943 2222 1053 2283 nullutn
1074 2220 1265 2297 attributum,

72 2336 154 2409 quod
184 2331 333 2395 clientium
362 2332 527 2395 substantia:
557 2332 712 2409 exprimit,
741 2332 839 2413 negati
867 2332 965 2409 potest
993 2332 1065 2413 (per
1087 2334 1183 2413 Defin.
1203 2336 1268 2414 6.),

72 2445 155 2523 isque
185 2443 343 2508 necell'ario
373 2444 477 2507 existat
507 2444 579 2526 (per
606 2446 692 2524 Prop.
724 2445 803 2526 11.);
822 2443 843 2505 st
865 2445 961 2523 aliqua
982 2442 1140 2508 substantia
1161 2465 1267 2523 praeter

73 2559 170 2619 Deum
203 2559 339 2632 daretur,
370 2575 404 2618 ea
435 2557 574 2634 explicari
606 2560 727 2619 deberet
759 2575 811 2634 per
842 2557 964 2633 aliquod
995 2556 1168 2619 attributum
1193 2559 1267 2633 Dei,

72 2671 173 2748 sicque
195 2671 262 2732 duae
280 2667 446 2732 substantiae
465 2669 593 2748 eJuldem
612 2669 748 2732 attributi
767 2669 938 2746 existerent,
949 2669 1031 2746 qnod
1042 2669 1114 2751 (per
1123 2672 1212 2751 Prop.
1224 2671 1267 2752 5.)

70 2779 111 2841 est
140 2779 317 2856 absurdum3
346 2783 481 2858 adeoque
509 2783 587 2843 nulla
615 2781 772 2844 substantia
800 2797 882 2844 extra
903 2783 999 2842 Deum
1020 2781 1080 2844 dati
1102 2783 1216 2858 potest,
1237 2798 1267 2843 et

69 2893 294 2970 consequenter
323 2912 384 2956 non
417 2894 505 2955 etiam
536 2893 664 2971 concipi.
706 2895 782 2955 Nam
812 2893 832 2953 lt
861 2891 956 2970 polset
984 2893 1119 2970 concipi,
1147 2896 1268 2956 deberet

68 3004 235 3068 trecenario
256 3005 376 3082 concipi
398 3021 432 3067 ut
454 3005 597 3082 eristens3
626 3006 709 3084 atqui
732 3007 792 3067 hoc
814 3005 886 3086 (per
901 3010 1030 3086 primam
1045 3019 1162 3085 partem
1182 3006 1269 3082 ittcjos

69 3117 232 3196 Demonst.)
254 3116 295 3178 est
316 3117 480 3181 absurdum.
521 3120 600 3200 Ergo
622 3135 704 3180 extra
725 3120 822 3181 Deum
843 3119 922 3181 nulla
944 3119 1004 3181 dari
1025 3137 1121 3196 neque
1149 3119 1269 3196 concipi

68 3229 173 3307 potest
195 3229 364 3292 substantia.
407 3233 441 3309 Q.
463 3233 501 3293 E.
522 3234 561 3294 D.

468 3393 824 3438 cononrnntum
858 3392 879 3437 t

114 3487 196 3548 llinc
220 3486 364 3548 clarilltme
387 3485 519 3564 sequitur
539 3487 584 3562 1·.,
603 3489 699 3549 Deum
721 3485 776 3548 eil'e
797 3486 933 3563 unicum,
953 3485 1011 3547 hoc
1033 3485 1074 3546 est
1094 3486 1268 3567 (perDefin.

70 3603 117 3680 6.)
142 3599 173 3660 in
196 3617 289 3660 rerunt
313 3615 416 3660 natura
437 3618 498 3660 non
520 3599 571 3660 nili
595 3615 680 3660 unam
698 3598 886 3660 substantiam
904 3598 980 3674 dati,
997 3616 1118 3674 eamque
1135 3597 1269 3658 absolute

70 3711 219 3774 infinitam
242 3709 315 3789 eise,
337 3727 370 3773 ut
392 3711 422 3772 in
444 3711 553 3773 Scholia
578 3713 668 3791 Prop.
693 3729 740 3773 ro.
758 3711 818 3789 jam
840 3710 997 3772 innuimus.

465 3871 819 3918 conouuanrum
853 3872 889 3915 m

113 3965 258 4042 Sequitur
279 3967 349 4042 11·.,
370 3983 429 4026 tent
458 3967 606 4030 extensam
635 3982 664 4028 et
693 3986 753 4028 rem
781 3966 961 4044 cogitantem
983 3969 1031 4029 vel
1050 3966 1108 4027 Dei
1128 3965 1270 4027 attributa

70 4077 147 4156 elle,
170 4081 219 4140 vel
241 4077 314 4160 (per
335 4079 451 4142 Axiam.
477 4079 515 4161 r.)
541 4077 712 4141 affectiones
734 4078 943 4140 attributorum
963 4079 1030 4140 Dei.

460 4221 792 4286 PROPOSITIO
822 4222 889 4282 XV.

117 4336 266 4414 Quicquid
283 4335 339 4412 esi,
359 4339 392 4394 in
412 4337 472 4396 Deo
493 4335 546 4414 est,
567 4350 595 4396 et
615 4333 694 4395 nillil
706 4335 767 4412 stne
786 4335 847 4392 Deo
867 4333 918 4410 effe
939 4353 1028 4410 neque
1044 4336 1152 4410 concipi
1171 4333 1269 4412 potest.

1153 4443 1172 4490 4
