2934 4900
184 384 252 439 vm

179 558 323 623 invente
351 552 445 638 sunt,
471 554 607 621 maxime
629 552 797 644 diligentia
818 550 1039 621 describendas
1063 556 1194 623 curavit
1216 556 1366 624 Frederi·

181 698 238 746 cus
279 676 415 746 Pollock
453 674 709 763 jureconsultus.
752 672 929 743 Hanovera
963 696 981 742 e
1015 676 1221 744 Bibliotheca
1262 676 1368 768 Regia

181 799 346 886 epistolam
381 797 419 865 ad
454 798 657 866 Leibnitium
690 796 799 864 datam
832 797 949 864 rediius
979 797 1077 884 hujus
1101 798 1258 866 editorem
1283 798 1368 867 Ger·
1452 879 1454 890 g

181 922 333 988 hardtum
357 922 377 1003 ¹,
397 938 493 1004 quem
513 921 590 985 olim
610 918 732 985 fecerat
745 918 1083 1003 Murrius‚repetiille
1095 918 1298 986 confidimus.
1310 918 1366 987 Ad
1449 957 1454 980 ι

182 1045 238 1112 has
257 1044 426 1128 inopinato
446 1038 568 1109 acceffit
589 1061 654 1108 unt
674 1039 805 1126 prorsus
824 1030 1156 1107 novaeBibliotheca
1168 1038 1368 1123 Haunienfi,
1452 1079 1453 1086 ι

183 1168 276 1253 cujus
306 1166 395 1231 ultro
425 1165 549 1248 copiam
579 1164 673 1229 nobis
696 1162 775 1230 fecit
797 1162 885 1229 illius
907 1161 1076 1248 praefedius
1099 1162 1151 1229 vir
1173 1160 1368 1229 dortiffinus
1452 1213 1453 1216 ,

184 1286 227 1355 C.
240 1286 283 1354 G.
296 1286 420 1353 Bruun.
445 1286 638 1370 Exemplum
659 1282 800 1367 denique
820 1282 1017 1350 editionieA
1029 1282 1202 1350 Tradimus
1222 1282 1369 1351 Theolo·
1452 1255 1453 1286 ³

182 1404 417 1496 gico-Politici,
435 1402 524 1487 quod
536 1401 987 1488 Spinozu,observationibus
998 1401 1191 1485 quibusdam
1203 1402 1260 1470 sua
1270 1424 1368 1470 manu
1452 1381 1453 1448 3

183 1528 344 1610 ditatum,
378 1544 463 1592 anno
497 1526 575 1591 vite
609 1526 728 1591 ultimo
762 1522 959 1591 Klefmanno
992 1523 1194 1607 donaverat,
1229 1522 1368 1592 Rudolfi
1452 1531 1453 1550 ¹

184 1648 314 1717 Reickii
337 1649 489 1715 comitate
509 1646 730 1737 Reglomonto
752 1645 879 1714 millum
902 1663 935 1712 et
958 1665 1034 1711 cum
1057 1644 1200 1712 Dorovii
1223 1647 1334 1713 libello
1356 1644 1368 1681 ²
1452 1697 1453 1710 ,

184 1772 339 1838 collatum
365 1767 422 1836 est.
532 1772 535 1779 '

228 1892 356 1959 Alienis
385 1890 534 1957 manibus
564 1907 693 1957 exarata
718 1891 754 1955 in
777 1906 931 1974 promptu
954 1907 1066 1972 erant,
1088 1887 1243 1979 Lugduni
1267 1888 1368 1956 nostri

184 2037 202 2081 e
236 2011 383 2099 Prosperi
432 2012 628 2081 Marchandi
663 2014 769 2103 legato
801 2010 973 2079 fasciculus
1007 2012 1019 2046 ⁸
1051 2013 1301 2087 annotationum
1333 2014 1369 2078 in

185 2136 375 2204 Tradatum
393 2135 492 2202 modo
514 2134 654 2214 diflum3
678 2133 779 2222 Hagae
803 2134 973 2201 Comitum
993 2152 1169 2217 utrumque
1187 2135 1369 2219 exemplum

185 2256 452 2324 Hollandicum⁴
485 2256 657 2324 Tratlatus
690 2255 730 2321 de
761 2253 836 2322 Deo
866 2272 899 2321 et
934 2254 1089 2321 Homine.
1122 2250 1177 2319 Ex
1201 2253 1366 2339 Operibus

185 2378 274 2446 Rob.
308 2377 419 2466 Boylii
448 2378 461 2412 ⁸
494 2376 709 2468 fragmentum
744 2375 886 2462 epistolae
916 2376 956 2442 ad
988 2376 1251 2466 Oldenburgium
1285 2376 1369 2443 datae

183 2502 408 2588 produxerunt
443 2518 513 2566 tum
547 2499 593 2566 R.
629 2497 739 2565 Willis
774 2517 846 2565 tum
879 2497 1036 2565 Alfredus
1060 2499 1177 2580 stem,
1201 2500 1294 2584 euius
1317 2501 1364 2564 rei

186 2624 336 2690 notitiam
369 2621 539 2688 Polloclrio
574 2637 607 2686 et
642 2620 773 2687 Sternio
807 2618 880 2704 post
902 2619 1035 2686 Heinzii
1059 2621 1179 2687 librum
1202 2619 1368 2686 debemus.

186 2745 311 2810 Eorum
345 2760 473 2824 autem,
504 2763 577 2826 quae
610 2739 685 2808 satis
721 2759 869 2808 accurate
903 2761 943 2806 ex
974 2740 1039 2807 suis
1070 2742 1171 2825 copiis
1202 2739 1369 2826 protulille

222 3141 231 3170 ¹
268 3135 317 3188 Die
342 3133 433 3201 philol.
458 3134 586 3188 Schrlllen
612 3149 666 3187 von
694 3132 792 3186 Gottfr.
817 3132 898 3186 Willr.
921 3131 1039 3185 Leibnia.
1056 3134 1210 3200 llerauageg.
1225 3146 1278 3185 von
1296 3133 1328 3186 C.
1345 3135 1371 3202 J.

188 3219 323 3274 Gerhardt.
339 3221 362 3271 1.
378 3219 463 3281 Bnnd,
479 3219 563 3270 Berlin
584 3219 657 3284 1875.

222 3326 232 3351 ¹
269 3318 393 3372 Benedilrt
418 3319 549 3383 Spinoza’a
574 3315 759 3386 Randglolsen,
785 3315 852 3369 us.
881 3332 914 3368 w.
936 3331 990 3369 von
1020 3318 1068 3369 Dr.
1090 3318 1133 3367 W.
1156 3317 1262 3368 Dorow.
1285 3316 1370 3368 Berlin

189 3405 219 3456 18
254 3437 262 3455 .

220 3419 252 3536 ΞΕ
270 3505 352 3570 Quem
371 3499 424 3566 iam
447 3515 515 3554 anno
543 3503 617 3568 1852.
642 3501 668 3552 in
695 3499 765 3553 ulum
791 3498 871 3552 vertit
888 3499 936 3550 Ed.
953 3499 1068 3551 Btehmer
1084 3497 1110 3550 in
1127 3497 1194 3550 libro
1212 3497 1283 3550 Halia
1299 3498 1369 3550 edito

186 3597 209 3634 c.
226 3597 246 3635 t.
262 3587 291 3636 ll.
308 3586 339 3636 de
356 3583 466 3650 Spinoza
490 3581 623 3635 'frustatur
647 3584 678 3634 de
701 3584 759 3634 Deo
776 3594 802 3634 et
820 3582 931 3634 Homine
948 3594 998 3634 etc.
1015 3581 1182 3644 lineamenn,
1198 3593 1275 3645 atque
1292 3582 1370 3632 adno-

91 3671 96 3682 '
187 3666 296 3718 tationes
312 3668 344 3718 ad
362 3665 714 3722 TnA.Tneol.·1>01nicun.

223 3775 233 3800 ⁸
269 3767 407 3832 Antiquior
432 3767 501 3834 (A),
527 3768 597 3831 quod
623 3765 741 3834 Rogarlii
768 3777 838 3825 erar.
854 3764 971 3829 exprelllt
998 3762 1195 3816 Schaarsclrmldt
1217 3761 1372 3827 (Amstelod.

189 3847 291 3917 1869.);
308 3850 434 3903 recentius
443 3851 503 3917 (Β),
511 3851 639 3915 quondam
656 3848 762 3902 Antonii
780 3864 831 3901 van
849 3848 895 3900 der
910 3848 1004 3910 Linde,
1022 3862 1079 3900 curn
1096 3847 1241 3912 antiquiore
1250 3847 1371 3900 collatum

185 3934 249 3985 alter
274 3933 385 3986 nostrum
411 3949 436 3985 ιιι
463 3933 645 3999 supplemento
671 3946 739 3984 anno
767 3929 841 3984 1862.
868 3930 948 3983 edito.
975 3933 1121 3995 Utrumque
1146 3929 1232 3997 posteo
1254 3929 1280 3982 ln
1306 3930 1372 3982 Bibl.

186 4015 289 4084 Regiam
306 4028 435 4080 receptum
453 4015 498 4068 est.

222 4121 232 4147 ¹
269 4113 368 4178 lloyle’s
401 4115 512 4177 worlu,
546 4113 601 4166 vol.
631 4117 666 4166 V.
696 4115 739 4166 ed.
778 4127 865 4179 1744,
904 4113 957 4165 vol.
1003 4114 1051 4164 Vl.
1090 4113 1132 4164 ed.
1173 4123 1246 4176 1772.
1275 4137 1308 4148 -
1339 4113 1372 4162 R.

184 4197 284 4259 Willis,
301 4199 362 4249 lien.
386 4199 418 4249 de
444 4197 568 4263 Spinoza.
590 4197 629 4250 hie
647 4197 721 4260 Life,
738 4196 983 4262 correspondente,
1006 4196 1055 4247 and
1081 4194 1180 4253 lithica,
1196 4193 1281 4245 Lond.
1300 4195 1372 4258 1870.

184 4308 218 4318 —
242 4279 307 4332 Allr.
332 4282 405 4333 srern
432 4281 459 4333 ln
485 4281 653 4336 Nechticlrten
679 4281 726 4336 der
751 4281 810 4348 llgl.
834 4278 893 4332 Ges.
918 4279 964 4332 der
990 4275 1141 4333 wilienscir.
1162 4277 1189 4330 iu
1215 4236 1394 4346 adamnan(

188 4365 260 4429 1872.
1390 4327 1397 4471 ι

1388 4674 1452 4879 ll
