2934 4900
468 311 469 316 ’
530 304 585 365 De
625 304 779 366 Mente.
1207 308 1245 382 87

54 498 127 542 num
148 479 294 557 Corporis
313 479 463 542 habemus.
483 479 562 558 Ergo
584 479 730 556 objeuum
751 479 825 543 ideae
845 480 998 544 humanam
1018 482 1150 544 Mentem
1171 500 1243 544 con·

55 591 208 652 stituentis
239 591 281 654 etl
311 590 444 670 Corpus,
474 591 562 668 idque
592 589 671 672 (per,
688 595 779 672 Prop.
810 608 856 654 11.
885 591 985 674 hujus)
1015 595 1081 656 adiu
1111 592 1246 656 existens.

56 704 193 780 Deinde,
220 703 241 764 fi
269 719 374 780 ptaeter
401 703 518 781 Corpus
545 704 632 766 etiam
663 704 742 767 aliud
769 703 839 766 ellet
862 705 975 766 Mentis
996 704 1160 783 objedlum,
1180 725 1244 768 cum

58 815 132 876 nihil
161 814 235 898 (per
265 819 355 897 Prop.
388 819 435 894 36.
458 831 490 896 p.
514 815 554 898 1.)
585 816 707 894 existat,
737 835 775 878 ex
807 836 868 894 quo
899 817 1003 896 aliquis
1033 818 1154 880 effeetus
1185 837 1246 880 non

59 927 217 1006 sequatur,
248 931 367 990 deberet
397 927 410 1010 (
414 942 469 1008 per
499 931 588 1008 Prop.
623 945 668 989 ιι.
700 927 800 1009 hujus)
838 927 993 990 necessario
1029 928 1153 1006 alicujus
1182 928 1245 1006 ejus

58 1041 183 1103 effeetus
203 1039 268 1102 idea
291 1041 321 1101 in
342 1042 444 1102 Mente
466 1040 561 1102 nostra
582 1039 659 1118 dari,
679 1040 762 1118 atqui
783 1039 856 1122 (per
873 1041 988 1102 Axiam,
1006 1052 1035 1116 5.
1052 1039 1151 1122 hujus)
1167 1042 1245 1102 nulla

58 1151 122 1227 ejus
143 1151 211 1212 idea
232 1155 325 1214 datur.
367 1153 447 1232 Ergo
479 1151 625 1229 objedlum
647 1151 750 1214 nostrae
771 1151 884 1213 Mentis
904 1153 946 1213 est
966 1153 1084 1229 Corpus
1104 1152 1245 1227 existens,

58 1279 88 1323 et
109 1263 186 1324 nnn
206 1263 294 1326 auus.
337 1265 370 1342 Q.
392 1265 428 1326 o.
450 1266 488 1326 o.
568 1249 575 1256 ’

475 1409 836 1456 coaortanrurt.

97 1489 180 1550 Hinc
210 1489 351 1567 sequitur,
370 1488 516 1551 hominem
546 1490 649 1550 Mente
681 1505 712 1551 et
743 1490 876 1567 Corpore
907 1489 1054 1566 constare,
1075 1504 1107 1551 et
1127 1489 1245 1566 Corpus

57 1605 234 1679 humanum,
254 1618 343 1679 prout
364 1601 457 1679 ipsum
478 1601 635 1679 sentimus,
656 1603 786 1664 existere.

527 1749 782 1794 scuottuu.

97 1827 147 1886 Ex
177 1825 224 1887 his
254 1845 314 1887 non
343 1843 455 1889 tanturn
483 1827 688 1907 intelligimus,
717 1830 850 1890 Mentem
877 1829 1030 1890 humanam
1057 1826 1168 1889 unitam
1189 1825 1244 1886 elle

58 1939 206 2017 Corpori,
233 1939 282 2002 sed
310 1939 414 2017 etiam,
442 1940 513 2016 quid
541 1958 593 2017 per
620 1940 733 2002 Mentis
755 1956 785 2002 et
807 1939 949 2016 Corporis
977 1939 1116 2001 unionem
1136 1937 1243 1999 intelli-

57 2054 186 2132 gendum
204 2050 249 2112 lit.
289 2053 399 2115 Verum
420 2052 509 2127 ipsam
534 2055 702 2129 adaquare,
722 2051 783 2114 slve
803 2051 955 2128 distindle,
975 2051 1135 2131 intelligere
1157 2069 1243 2112 nemo

58 2163 187 2240 poterit,
209 2162 261 2224 nili
280 2161 363 2240 prius
383 2161 473 2224 nostri
493 2162 635 2240 Corporis
656 2179 789 2226 naturam
810 2167 963 2241 adaequate
984 2163 1152 2244 cognoscat.
1167 2165 1243 2224 Nam

57 2297 107 2356 ea,
130 2294 197 2354 quae
218 2275 369 2353 hucusque
390 2273 585 2353 ostendimus,
613 2278 770 2338 admodum
791 2275 955 2338 communia
975 2275 1059 2352 lunt,
1079 2293 1134 2336 nec
1154 2275 1245 2354 magis

56 2391 93 2451 ad
110 2387 247 2449 homines
266 2405 351 2466 quam
369 2390 406 2450 ad
422 2387 531 2465 reliqua
549 2387 706 2453 Indiuidua
724 2387 891 2466 pertinent,
908 2406 974 2466 quae
985 2388 1099 2467 omnia,
1110 2387 1245 2466 quamvis

56 2500 179 2563 diverfis
206 2499 360 2579 gradibus,
386 2499 511 2562 animata
540 2515 635 2563 tamen
656 2500 732 2563 sunt.
772 2503 850 2563 Nam
871 2500 1074 2580 cujuscunque
1096 2501 1137 2562 rei
1158 2504 1244 2563 datur

57 2611 216 2675 netellario
245 2612 275 2673 in
301 2613 369 2673 Deo
397 2610 461 2675 idea
468 2658 479 2689 ,
508 2609 592 2691 cujus
612 2614 694 2675 Deus
715 2613 757 2673 ell
777 2613 879 2691 causa,
899 2615 1004 2676 eodem
1023 2616 1113 2676 modo
1135 2632 1168 2674 ac
1189 2613 1243 2674 hu·

57 2724 134 2785 mani
156 2723 300 2801 Corporis
321 2724 403 2785 idea:
424 2740 515 2800 atque
536 2726 629 2801 adeo,
655 2724 799 2803 quicquid
820 2728 856 2787 de
876 2725 943 2787 idea
963 2726 1081 2788 humani
1102 2724 1244 2802 Corporis

59 2836 207 2911 diximus,
227 2836 258 2896 id
278 2838 314 2897 de
336 2833 540 2912 cujuscunque
561 2834 603 2897 rei
625 2834 690 2899 idea
713 2835 868 2898 necessario
889 2837 1044 2899 dicendum
1065 2837 1114 2899 est.
1155 2838 1244 2899 Atta·

64 2966 128 3009 men
158 2966 213 3008 nec
241 2946 326 3009 etiam
353 2966 457 3027 negare
484 2946 649 3023 pollumus,
677 2947 758 3010 ideas
786 2948 863 3011 inter
889 2949 935 3026 se,
962 2965 997 3011 ut
1023 2949 1085 3027 ipsa
1113 2950 1245 3027 obieeta,

63 3061 194 3137 differre,
214 3078 358 3137 unamque
376 3059 431 3121 alia
449 3059 676 3136 prestantiorem
694 3060 766 3138 elle,
783 3061 905 3139 plusque
922 3061 1061 3125 realitatis
1079 3063 1245 3138 continere,

63 3188 152 3249 prout
173 3171 321 3248 obiedlum
343 3171 430 3235 unius
451 3172 568 3251 objedlo
590 3174 709 3237 alterius
730 3175 912 3253 prestantius
933 3178 991 3255 est,
1018 3179 1141 3255 plusque
1161 3178 1245 3239 reali-

63 3284 131 3345 tatis
153 3282 306 3361 continet;
335 3302 368 3345 ac
394 3300 549 3361 propterea
569 3288 605 3347 ad
628 3287 894 3365 determinandum,
920 3290 993 3366 quid
1014 3291 1101 3351 Mens
1121 3290 1245 3352 humana

62 3394 181 3473 reliquis
213 3394 340 3472 interiit,
373 3396 503 3473 quidque
535 3398 654 3475 reliquis
685 3400 818 3475 praestet,
849 3400 960 3462 necelle
989 3401 1076 3463 nobis
1103 3402 1160 3477 est,
1181 3402 1245 3479 ejus

30 3572 35 3587 ,
63 3507 189 3585 objeeti,
217 3522 250 3568 ut
279 3505 422 3586 diximus,
441 3508 499 3569 hoc
520 3509 576 3587 est,
599 3509 742 3587 Corporis
763 3512 881 3574 humani
902 3528 1033 3575 naturam
1059 3514 1245 3593 cognoscere.

62 3621 132 3681 Eam
154 3634 253 3681 autem
272 3619 321 3680 lric
341 3620 486 3697 explicare
508 3640 560 3682 nec
580 3621 709 3699 polium,
729 3643 784 3685 nec
802 3624 887 3686 idad
905 3645 952 3702 ea,
970 3644 1035 3703 quae
1053 3626 1245 3688 demonstrare

64 3736 154 3807 volo,
180 3730 292 3793 necelle
320 3730 370 3793 est.
411 3733 478 3793 lloc
499 3749 595 3797 tamen
618 3734 649 3796 in
669 3754 774 3815 genere
795 3736 882 3814 dico,
904 3756 965 3815 quo
987 3738 1105 3815 Corpus
1124 3738 1246 3816 aliquod

65 3842 184 3921 reliquis
211 3842 309 3920 aptius
336 3844 377 3905 ell
404 3846 441 3906 ad
469 3846 550 3921 plura
578 3846 660 3909 finrul
680 3851 824 3927 agendum
845 3851 895 3913 vel
916 3850 1101 3927 patiendum,
1123 3867 1161 3912 eo
1181 3850 1246 3927 ejus

67 3958 153 4018 llens
172 3954 292 4031 reliquis
312 3956 410 4033 aptior
429 3958 470 4018 est
491 3961 530 4020 ad
549 3960 632 4035 plura
657 3960 738 4023 simul
763 3962 998 4039 percipiendum
1024 3977 1055 4023 et
1075 3981 1137 4039 quo
1158 3962 1246 4024 unius

66 4068 197 4145 corporis
227 4066 359 4131 alliones
389 4069 479 4149 magis
509 4073 546 4132 ab
577 4071 641 4147 ipso
673 4074 737 4135 solo
767 4077 914 4152 pendent,
940 4091 971 4136 et
992 4094 1053 4153 quo
1075 4075 1170 4138 minus
1190 4075 1246 4138 alia

67 4198 188 4258 corpora
216 4199 282 4241 cum
311 4183 414 4243 eodem
436 4180 466 4243 in
487 4184 601 4261 agendo
623 4201 820 4263 concurrunt,
840 4206 878 4248 eo
899 4184 963 4263 ejus
985 4206 1066 4249 mens
1086 4186 1185 4265 aptior
1205 4189 1247 4249 est

68 4297 103 4357 ad
129 4292 260 4357 distinete
289 4292 516 4374 intelligendum.
557 4296 658 4373 Atque
679 4316 715 4359 ex
736 4298 783 4359 his
807 4298 998 4376 praellantiam
1027 4297 1114 4361 unius
1141 4300 1246 4363 mentis
