2934 4900
522 346 579 406 De
619 345 773 406 Mente.
1185 359 1237 404 121

45 522 217 600 respondeo
238 524 391 602 negando,
420 539 476 581 iios
497 519 614 581 liberam
635 518 742 580 habere
763 519 937 597 potestatem
954 519 1101 598 judicium
1121 521 1239 597 suspen·

48 635 147 696 dendi.
188 635 270 695 Nam
291 653 357 696 cum
378 632 518 708 dicimus,
547 630 672 709 aliquem
689 631 834 709 judicium
855 631 1048 710 suspendere,
1068 633 1140 693 nihil
1161 632 1240 694 aliud

49 745 192 821 dicimus,
221 763 310 822 quam
339 745 421 821 qubd
449 743 548 820 videt,
575 743 604 804 se
632 762 692 805 rem
720 761 781 805 non
809 747 961 821 adequate
989 743 1148 822 percipere.
1189 745 1240 805 Est

49 857 139 936 igitur
166 857 277 936 judicii
308 856 455 934 suspensio
486 873 587 918 revera
618 856 788 933 perceptio,
819 873 850 918 et
880 874 940 918 nori
970 856 1062 917 libera
1091 859 1240 920 voluntas.

50 971 141 1048 Quod
171 984 208 1030 ut
236 970 311 1029 clare
339 968 534 1047 intelligatur,
563 967 765 1044 concipiamus
793 985 930 1044 puerum,
952 987 1059 1046 equum
1080 967 1240 1049 imaginari·

49 1097 124 1154 tem,
155 1099 213 1141 nec
241 1079 320 1142 aliud
348 1079 505 1157 quicquam
527 1079 748 1156 percipientem.
788 1081 1036 1163 Quandoquidem
1057 1080 1120 1141 liaec
1140 1081 1240 1162 imagi·

48 1195 130 1256 natio
160 1194 233 1272 equi
262 1193 445 1255 existentiam
473 1191 602 1256 involvit
631 1193 703 1272 (per
733 1195 835 1254 Coroll.
863 1193 1239 1274 Prop.17.laujus),nec

49 1326 119 1383 puer
140 1304 303 1384 quicquam
324 1303 468 1383 percipit,
488 1307 570 1382 quod
592 1306 660 1382 equi
682 1305 865 1369 existentiam
884 1307 988 1383 tollat,
1016 1306 1062 1368 ille
1084 1306 1240 1369 necessario

48 1439 156 1496 equum
185 1431 220 1480 ut
245 1418 416 1494 praeseiitem
446 1419 709 1496 contemplabitur:
737 1438 791 1481 nec
813 1422 850 1482 de
871 1419 935 1496 ejus
956 1418 1109 1480 existentia
1127 1419 1241 1495 poterit

47 1533 203 1609 dubitare,
223 1532 358 1610 quamvis
379 1534 416 1593 de
438 1533 537 1593 eadem
559 1532 676 1594 nonsit
697 1547 804 1594 certus.
844 1533 946 1610 Atque
967 1531 1025 1594 hoc
1051 1530 1187 1609 quotidie
1208 1532 1239 1592 in

46 1646 157 1708 somnis
188 1641 371 1721 experimur,
399 1663 453 1705 nec
474 1646 562 1706 credo
584 1643 710 1721 aliquem
732 1643 803 1721 else,
825 1644 876 1720 qui
898 1659 984 1720 putet
1005 1644 1051 1719 se,
1074 1645 1143 1705 dum
1163 1642 1239 1706 som·

46 1760 126 1835 niat,
158 1757 280 1818 liberam
309 1757 417 1817 habere
448 1755 622 1832 potestatem
654 1755 848 1832 suspendendi
877 1757 913 1817 de
939 1754 992 1832 iis,
1014 1775 1079 1833 quae
1101 1756 1240 1834 somniat,

44 1870 210 1946 judicium,
231 1867 453 1946 efficiendique,
473 1883 507 1930 ut
527 1886 577 1942 ea,
598 1885 664 1944 quae
685 1867 714 1928 se
735 1866 835 1930 videre
856 1866 996 1945 somniat,
1017 1887 1078 1930 non
1099 1867 1238 1945 somniet3

49 2001 78 2044 et
98 1981 295 2044 nibilominus
315 1979 477 2060 contingit,
506 1994 539 2041 ut
561 1979 648 2041 etiam
669 1979 698 2040 in
719 1979 828 2041 somnis
844 1980 989 2058 judicium
1017 1980 1240 2060 suspendamus,

51 2115 156 2174 nempe
189 2113 256 2156 cum
287 2093 483 2168 somniamus,
514 2110 569 2154 nos
600 2091 751 2153 somniare.
802 2092 893 2154 Porro
930 2094 1064 2156 concedo
1095 2093 1239 2155 neminem

50 2207 148 2285 decipi
172 2221 320 2284 quatenus
341 2203 484 2283 percipit,
504 2204 562 2266 boc
583 2204 640 2280 esi,
669 2202 781 2265 Mentis
802 2204 1025 2284 imaginationes
1046 2205 1076 2266 in
1096 2205 1126 2267 se
1146 2205 1239 2267 consi-

51 2321 169 2378 deratas
189 2314 262 2376 nihil
283 2313 388 2376 erroris
409 2313 562 2377 involvere
583 2314 716 2375 concedo
738 2314 820 2392 (vide
839 2312 930 2375 Solios
951 2316 1042 2393 Prop.
1056 2330 1101 2392 17.
1122 2315 1240 2395 liujus);

50 2429 96 2490 sed
129 2445 229 2509 nego,
258 2427 405 2489 hominem
437 2425 508 2488 nihil
539 2425 675 2489 affirmare
707 2441 854 2504 quatenus
884 2425 1020 2505 percipit.
1060 2430 1136 2490 Nam
1167 2428 1239 2507 quid

50 2542 127 2602 aliud
149 2540 193 2601 est
215 2558 323 2617 equum
343 2540 451 2601 alatum
472 2538 638 2615 percipere,
662 2558 749 2616 quain
770 2540 829 2600 alas
849 2542 886 2601 de
906 2558 985 2617 equo
1007 2540 1169 2601 affirmare?
1208 2540 1239 2601 Si

49 2652 124 2713 enim
147 2652 238 2712 Mens
259 2665 364 2727 preter
384 2668 492 2728 equum
514 2653 621 2713 alatum
643 2650 715 2712 nibil
736 2651 815 2713 aliud
836 2651 1018 2729 perciperet,
1043 2654 1167 2713 eundem
1188 2651 1239 2713 fibi

50 2764 223 2839 presentem
251 2763 516 2839 contemplaretur,
544 2781 598 2824 nec
627 2761 741 2824 causam
767 2763 889 2824 haberet
915 2764 1002 2825 ullam
1028 2764 1182 2826 dubitandi
1203 2767 1239 2827 de

49 2875 179 2951 ejusdem
201 2873 371 2951 existentia,
391 2892 446 2935 nec
469 2875 553 2935 ullam
575 2874 761 2937 dissentiendi
782 2877 971 2954 facultatem,
991 2876 1042 2937 nisi
1067 2876 1237 2957 imaginatio
1325 2952 1329 2958 ῃ

52 2986 122 3064 eqni
151 2985 222 3047 alati
245 2984 347 3062 juncta
374 2986 409 3047 lli
437 2986 528 3063 ideae,
549 3006 613 3064 quae
635 2986 817 3049 existentiam
838 2987 965 3065 ejusdem
986 2988 1055 3066 equi
1075 2987 1172 3066 tollit,
1192 2990 1241 3052 vel

52 3103 136 3177 quod
165 3096 313 3175 percipit,
342 3096 436 3159 ideam
467 3098 536 3175 equi
567 3098 650 3174 alati,
682 3118 769 3175 quam
795 3098 902 3175 habet,
929 3098 984 3160 elle
1011 3098 1241 3177 inadequatam,

51 3226 142 3288 atque
169 3226 234 3271 tum
263 3211 310 3272 vel
337 3208 464 3287 ejusdem
493 3210 563 3288 equi
591 3211 773 3272 existentiam
801 3208 957 3272 necell'ario
978 3210 1114 3290 negabit,
1134 3214 1182 3275 vel
1203 3214 1240 3274 de

51 3326 152 3384 eadem
182 3321 339 3383 necessario
369 3322 526 3384 dubitabit.
567 3324 669 3401 Atque
697 3324 743 3384 liis
770 3339 846 3399 puto
874 3342 919 3384 me
947 3326 984 3385 ad
1010 3327 1131 3384 tertiam
1152 3325 1239 3386 etiam

52 3434 250 3513 objellionem
278 3434 473 3511 respondisse,
500 3454 621 3512 nempe,
649 3437 731 3512 quod
756 3438 895 3499 voluntas
915 3435 1076 3499 universale
1096 3436 1167 3513 quid
1189 3436 1240 3514 lit,

53 3550 132 3623 quod
165 3548 202 3608 de
234 3546 371 3608 omnibus
401 3546 476 3609 ideis
506 3548 698 3626 predicatur,
726 3550 867 3626 quodque
888 3548 919 3609 id
939 3564 1055 3610 tanturn
1082 3548 1241 3628 significat,

53 3662 132 3736 quod
154 3657 293 3721 omnibus
314 3658 388 3721 ideis
409 3678 562 3721 commune
583 3660 641 3737 est,
662 3678 767 3737 nempe
789 3660 1023 3737 affirmationem,
1043 3659 1129 3739 cujus
1149 3680 1238 3738 prop·

54 3790 129 3834 terea
151 3776 305 3848 adaequata
328 3772 463 3848 elsentia,
484 3790 630 3851 quatenus
651 3774 689 3835 fic
711 3775 848 3837 abstracte
870 3774 1054 3851 concipitur,
1074 3776 1161 3837 debet
1183 3775 1239 3836 else

53 3884 80 3944 in
107 3902 286 3961 unaquaque
313 3885 396 3961 idea,
426 3900 456 3946 et
485 3885 539 3947 liac
567 3886 681 3948 ratione
710 3902 823 3949 tantuin
846 3885 876 3947 in
896 3885 1033 3948 omnibus
1053 3889 1169 3962 eadem;
1190 3886 1240 3948 sed

53 4016 109 4057 non
139 4010 288 4072 quatenus
316 3995 514 4059 consideratur
543 3997 690 4059 essentiam
718 3998 790 4059 ideae
819 3996 1012 4073 constituere3
1031 4017 1097 4059 nani
1118 4012 1240 4060 eatenus

52 4108 209 4186 singulares
230 4107 437 4169 affirmationes
458 4127 541 4185 aeque
562 4108 638 4170 inter
659 4109 688 4170 se
709 4109 867 4181 differunt,
886 4128 920 4171 ac
942 4109 1011 4187 ipsae
1031 4108 1114 4171 ideae.
1135 4110 1181 4172 Ex
1197 4129 1239 4190 gr.

52 4216 223 4295 affirmatio,
249 4236 335 4295 quam
364 4218 430 4281 idea
452 4218 573 4295 circuli,
594 4222 629 4281 ab
651 4221 716 4297 illa,
743 4239 829 4297 quani
850 4220 916 4283 idea
937 4220 1072 4301 trianguli
1094 4221 1240 4297 involvit,

54 4349 138 4408 eque
170 4328 286 4408 differt,
317 4349 350 4392 ac
382 4330 448 4393 idea
480 4330 581 4393 circuli
612 4334 647 4392 ab
678 4332 743 4395 idea
773 4332 919 4413 trianguli.
960 4334 1075 4397 Deinde
1107 4334 1239 4397 absolute
