2934 4900
170 325 209 385 26
583 320 639 383 De
670 322 939 381 Intellectus

169 494 387 571 prehenduntur
417 492 447 553 in
478 491 645 567 intellediu,
676 508 762 569 quam
782 507 882 553 revera
902 490 932 551 in
952 491 1066 551 Natura
1091 488 1212 551 exiliere
1236 488 1358 567 poliunt

169 623 269 667 eorum
300 601 491 681 particularia.
530 600 645 665 Deinde
676 620 742 663 cum
772 600 802 663 in
823 603 936 663 Natura
965 603 1072 663 dentur
1098 602 1209 676 murita,
1228 620 1356 678 quorum

170 716 332 780 differentia
362 718 436 778 adeo
467 716 508 777 est
539 714 665 794 exigua,
690 730 724 777 ut
744 715 804 776 fere
824 714 1003 777 intelietlum
1024 713 1165 794 effugiat,
1185 730 1247 775 tum
1267 714 1355 776 facile

171 829 206 908 (li
231 829 368 892 abstracte
398 826 615 907 concipiantur)
643 826 739 903 potest
766 826 957 906 contingere,
978 842 1012 888 ut
1031 826 1251 889 confundantur
1269 828 1296 902 *3
1322 842 1356 889 at

170 960 236 1004 cum
257 940 341 1020 origo
361 942 502 1015 Naturae,
521 954 556 1001 ut
575 939 675 1016 postea
702 938 884 1013 videbimus,
903 956 958 1000 nec
978 939 1136 1014 abstracte,
1154 938 1216 1002 five
1235 938 1357 1001 univer·

171 1054 282 1129 saliter,
313 1051 431 1129 concipi
462 1052 564 1129 pollis,
594 1069 647 1111 nec
678 1050 766 1113 latius
785 1052 871 1128 pollit
890 1050 1011 1114 extendi
1031 1050 1062 1112 in
1081 1051 1248 1125 intellectu,
1267 1069 1356 1127 quam

170 1184 270 1229 revera
300 1164 360 1239 est,
391 1180 444 1225 nec
474 1163 561 1226 ullam
580 1163 687 1224 habeat
707 1160 920 1225 limilitudinem
961 1181 1027 1225 cum
1047 1162 1257 1239 mutabilibus,
1276 1164 1357 1224 nulla

171 1276 246 1339 circa
276 1275 340 1353 ejus
370 1247 463 1336 ideam
493 1275 648 1336 metuenda
678 1272 719 1334 est
749 1274 904 1349 confulio,
943 1276 1032 1337 modo
1062 1292 1190 1336 normam
1221 1274 1358 1337 veritatis

171 1388 272 1468 (quam
295 1388 355 1466 jam
381 1387 572 1465 ostendimus)
592 1387 769 1450 habeamus:
790 1387 832 1447 est
851 1386 983 1449 nimirum
1003 1380 1062 1449 boc
1082 1406 1134 1448 ens
1154 1385 1290 1461 unicum,
1308 1386 1357 1447 in·

170 1500 285 1564 finitum
301 1503 325 1576 ¹,
344 1502 402 1562 hoc
423 1500 480 1574 est,
499 1498 540 1559 est
560 1500 672 1561 omne²
694 1497 766 1574 elle,
786 1516 816 1560 et
836 1515 940 1575 practer
960 1502 1042 1577 quod
1062 1500 1172 1562 nullum
1189 1500 1275 1561 datur
1290 1499 1357 1561 effe.

212 1612 370 1690 Hucusque
397 1615 434 1675 dc
461 1611 527 1673 idea
553 1610 638 1689 falsa3
659 1609 805 1688 superest,
826 1626 861 1673 ut
881 1613 917 1674 de
938 1612 1007 1673 ldea
1033 1611 1134 1675 Dubia
1159 1610 1359 1689 inquiramus,

171 1728 228 1789 hoc
249 1726 307 1801 est,
327 1742 361 1787 ut
381 1724 573 1802 inquiramus,
593 1742 724 1801 quanam
745 1722 801 1783 lint
821 1741 946 1801 ea,quae
967 1742 1024 1785 nos
1043 1724 1162 1801 ponunt
1181 1724 1212 1785 in
1232 1724 1357 1786 dubium

172 1839 355 1917 pertrahere,
385 1850 415 1899 et
446 1836 526 1899 fimul
556 1838 708 1913 quomodo
739 1835 887 1898 dubitatio
915 1838 1044 1899 tollatur.
1084 1839 1208 1915 Loquor
1228 1841 1265 1900 de
1286 1857 1358 1901 vera

173 1948 359 2012 dubitatione
369 1948 399 2011 in
415 1964 525 2024 mente,
544 1964 576 2010 et
596 1966 655 2010 non
677 1950 714 2010 de
734 1967 784 2024 ea,
803 1967 890 2026 quant
910 1950 1150 2026 pallimvidemus
1170 1951 1359 2031 contingere,

173 2064 224 2126 ubi
245 2063 353 2125 scilicet
379 2061 494 2137 verbis,
519 2061 652 2139 quamvis
672 2059 785 2124 animus
805 2080 865 2123 non
887 2061 1021 2139 dubitet,
1040 2062 1114 2125 dicit
1133 2062 1200 2140 quis
1219 2063 1249 2124 se
1269 2064 1358 2125 dubi-

173 2192 250 2237 tare:
281 2192 341 2236 non
372 2174 413 2235 est
439 2173 515 2235 enim
542 2174 680 2239 Methodi
700 2176 759 2237 hoc
779 2176 950 2251 emendare,
980 2174 1029 2236 sed
1048 2174 1151 2252 potius
1171 2174 1299 2251 pertinet
1318 2178 1359 2237 ad

174 2285 390 2365 inquisitionem
416 2286 584 2363 pertinaciae
622 2303 653 2349 et
690 2286 754 2364 ejus
784 2286 1027 2350 emendationem.
1067 2287 1225 2350 Dubitatio
1256 2288 1360 2365 itaque

174 2400 204 2462 in
232 2398 326 2462 anima
353 2400 430 2462 nulla
457 2402 543 2462 datur
563 2418 615 2477 per
634 2417 692 2462 rent
713 2398 823 2477 ipsam,
842 2401 879 2462 de
901 2418 959 2477 qua
980 2397 1153 2474 dubitatur,
1172 2400 1230 2462 boc
1252 2399 1313 2474 est,
1336 2399 1359 2460 ir

174 2529 288 2575 tantum
319 2511 405 2574 unica
435 2512 471 2573 stt
501 2511 565 2574 idea
596 2512 625 2574 in
655 2512 770 2588 anima,
798 2511 856 2575 live
884 2531 918 2574 ea
946 2512 981 2574 lit
1001 2531 1069 2576 vera
1090 2512 1149 2576 save
1169 2511 1259 2588 falsa,
1279 2514 1360 2574 nulla

174 2625 291 2686 dabitur
316 2625 485 2700 dubitatio,
512 2645 607 2703 neque
627 2625 714 2686 etiam
735 2625 899 2688 certitudo:
920 2628 972 2688 sed
993 2641 1107 2688 tantum
1128 2625 1195 2687 talis
1221 2625 1359 2688 densatio.

174 2737 225 2798 Est
251 2736 327 2798 enim
355 2737 385 2798 in
414 2737 442 2798 se
470 2737 541 2798 nihil
567 2737 646 2800 aliud
670 2737 722 2822 nili
743 2737 809 2800 talis
830 2736 975 2814 densatio,
996 2737 1045 2800 sed
1065 2738 1181 2800 dabitur
1202 2757 1254 2814 per
1272 2737 1358 2799 aliam

175 2849 289 2924 ideam,
316 2867 381 2926 quae
410 2868 469 2911 non
497 2851 571 2911 adeo
593 2851 666 2910 clara
694 2867 728 2910 ac
749 2848 880 2912 distin&
900 2849 962 2924 est,
981 2866 1017 2910 ut
1035 2850 1172 2927 pollimus
1186 2869 1230 2911 er
1250 2869 1284 2911 ea
1304 2849 1360 2910 ali·

176 2960 247 3038 quid
268 2959 339 3020 certi
361 2959 435 3021 circa
456 2977 535 3036 rem,
566 2963 603 3022 de
624 2979 682 3039 qua
702 2960 872 3036 dubitatur,
902 2963 1093 3038 concludere,
1112 2963 1171 3023 hoc
1192 2962 1253 3037 eli,
1273 2961 1361 3037 idea,

175 3092 241 3151 quae
262 3091 318 3134 nos
345 3072 375 3134 in
403 3072 523 3134 dubium
551 3071 690 3150 coniicit,
718 3092 779 3136 non
807 3074 848 3135 cst
868 3074 943 3136 clara
964 3090 995 3136 et
1016 3073 1157 3138 distintia.
1197 3073 1254 3135 Ex.
1275 3074 1361 3152 guli

176 3185 242 3262 quis
262 3203 410 3262 nunquam
431 3183 606 3264 cogitaverit
627 3187 664 3246 de
686 3183 817 3247 sensuum
838 3183 971 3262 fallacia,
991 3186 1051 3248 slve
1079 3184 1276 3262 experientia,
1299 3185 1362 3247 five

176 3298 445 3375 quomodocunque
477 3295 528 3373 lit,
559 3315 706 3374 nunquam
739 3296 909 3373 dubitabit,
938 3315 975 3359 an
1005 3296 1047 3358 sol
1074 3296 1166 3375 major
1193 3313 1245 3358 aut
1265 3296 1362 3358 minor

176 3408 231 3484 stt,
252 3428 338 3488 quant
358 3425 488 3486 apparet.
528 3410 600 3470 lnde
621 3407 716 3470 rustici
738 3409 833 3485 paliim
854 3409 1009 3484 mirantur,
1039 3428 1106 3471 cum
1125 3409 1251 3472 audiunt
1270 3407 1362 3470 solem

176 3523 268 3582 multo
289 3521 426 3598 majorem
447 3519 502 3582 clie
528 3539 613 3598 quant
635 3521 754 3600 globum
776 3535 873 3596 terrae,
894 3518 942 3582 sed
965 3525 979 3560 ²
1008 3518 1168 3599 cogitando
1189 3523 1226 3582 de
1247 3519 1363 3582 fallacia

209 3744 221 3772 ‘
241 3741 288 3792 ud.
304 3743 361 3792 Pus
377 3741 572 3806 confinrdanmr.

212 3830 221 3857 ¹
259 3827 319 3876 llaec
336 3839 387 3874 non
407 3822 463 3876 l‘unt
479 3824 599 3876 attributa
617 3823 683 3887 Dci,
701 3841 757 3889 quae
774 3823 910 3876 ostendunt
927 3824 1003 3890 ipius
1020 3823 1163 3888 essentiam,
1182 3837 1211 3876 ut
1229 3823 1254 3874 in
1274 3822 1361 3874 l‘bilo·

175 3907 262 3972 sophia
278 3905 415 3959 ostendam.

212 4000 222 4025 ¹
259 3992 315 4040 lloc
341 3988 412 4054 supra
437 3987 487 4052 jatn
514 3989 709 4042 demonstratum
736 3990 781 4042 cst.
813 3991 840 4042 si
857 3991 924 4042 enirn
944 3992 994 4042 trle
1010 4005 1055 4042 cns
1072 4005 1123 4042 non
1142 3990 1277 4051 existeret,
1294 4005 1362 4042 nun-

175 4087 249 4136 quam
268 4071 346 4136 pollet
368 4072 493 4136 produci3
509 4073 623 4136 adeoque
646 4089 717 4124 tueris
740 4074 799 4139 plus
817 4073 895 4138 pollet
912 4073 1073 4140 intelligere,
1090 4089 1165 4137 quarn
1183 4075 1278 4123 Natura
1296 4086 1363 4136 prae·

176 4152 255 4216 liare,
271 4155 342 4217 quod
361 4153 431 4218 supra
451 4153 537 4206 falsum
557 4155 603 4206 elie
621 4155 744 4207 constitit.

209 4244 219 4270 ³
257 4237 286 4288 ld
312 4235 366 4299 cst,
391 4236 437 4289 scit
462 4235 544 4288 sensus
565 4237 702 4300 aliquando
727 4237 751 4290 se
774 4237 914 4303 decepiisc3
937 4237 977 4290 l‘cd
994 4239 1043 4289 hoc
1062 4249 1157 4289 tanturn
1175 4234 1279 4288 consule
1297 4233 1363 4288 scit:

176 4321 239 4370 Nam
257 4317 337 4370 nescit
354 4320 483 4384 quotnodo
502 4317 583 4371 sensus
601 4319 697 4372 fallant.
