2934 4900
366 321 423 389 De
463 315 691 389 Servitute
731 317 925 386 Humana.
1011 316 1013 321 ’
1179 334 1240 403 239

520 514 774 563 rcuoururt.
999 536 1001 541 ι

90 608 176 691 Quid
201 608 382 673 Arnimositee
409 610 460 686 fit,
487 611 537 673 vel
562 608 635 687 quid
661 626 715 685 per
741 606 832 684 ipsam
859 605 1036 687 intelligent,
1063 606 1093 669 in
1118 608 1239 671 scholio

53 720 140 797 Prop.
162 732 214 799 59.
241 740 271 798 p.
293 738 322 799 3.
341 720 480 799 exptuu
520 721 575 784 Per
600 718 761 799 periculum
790 734 887 782 autern
914 717 945 781 id
974 736 1061 781 omne
1088 718 1241 799 intelligo,

55 834 135 907 quod
164 832 264 909 potest
290 830 346 895 ed‘e
371 832 458 895 cause
486 830 611 910 alicujus
638 831 723 910 moli,
750 848 854 908 nempe
883 830 1040 908 Tristitie,
1068 830 1156 909 Odii,
1175 830 1241 893 Dis·

57 942 184 1022 cordiae,
203 960 261 1006 etc.

420 1088 750 1155 PROPOSITIO
790 1088 882 1151 LXX.

94 1203 187 1263 Hom
214 1202 305 1280 liber,
334 1206 387 1280 qui
417 1207 498 1268 inter
526 1202 682 1279 ignaros*
707 1204 802 1279 vivit,
831 1218 942 1279 eorum,
971 1214 1110 1280 quantum
1136 1203 1243 1283 potest,

59 1314 192 1395 beneficia
210 1316 355 1375 declinare
368 1315 474 1394 studet.

457 1476 853 1521 uenenorunrro

97 1569 309 1649 Unusquisque
337 1590 375 1633 ex
401 1570 455 1635 suo
476 1569 596 1651 ingenio
613 1570 748 1648 judicat,
768 1571 840 1650 quid
861 1572 972 1634 bonum
994 1570 1028 1633 su
1050 1570 1131 1652 (vide
1152 1570 1243 1634 Sestos.

60 1683 148 1763 Prop.
170 1700 219 1761 39.
235 1695 267 1763 p.
289 1685 350 1764 3.);
371 1680 487 1764 ignarur
506 1679 613 1763 igitur,
634 1682 685 1762 qui
706 1683 737 1745 in
759 1682 884 1762 aliquem
897 1682 1078 1746 'beneficium
1098 1684 1244 1761 contulit,

60 1794 89 1855 id
116 1815 155 1857 ex
184 1796 237 1859 suo
263 1796 383 1877 ingenio
415 1794 584 1872 estimabit,
610 1810 642 1857 et
668 1794 689 1856 fi
717 1794 838 1857 minoris
860 1799 896 1857 ab
918 1814 972 1873 eo,
993 1794 1041 1858 cui
1063 1798 1163 1858 datum
1186 1797 1243 1872 esi,

62 1906 192 1967 estimari
212 1906 313 1985 videt,
334 1906 555 1969 contristabitur
574 1906 648 1987 (per
667 1908 757 1988 Prop.
778 1926 827 1989 42.
850 1920 882 1989 p.
905 1906 959 1989 3.).
999 1909 1042 1970 At
1062 1908 1152 1969 homo
1173 1908 1248 1969 liber

61 2013 191 2093 reliquos
220 2014 354 2078 hominen
386 2014 514 2078 amicitia
544 2015 597 2078 sibi
625 2015 747 2097 jungere
776 2016 851 2097 (per
870 2018 960 2098 Prop.
982 2034 1030 2096 37.
1052 2016 1171 2098 hujus),
1192 2036 1246 2079 nec
1326 2066 1335 2087 „

62 2127 140 2203 paria
161 2127 330 2191 hominibus
350 2127 493 2191 beneficia
514 2147 551 2190 ex
569 2146 669 2190 eorum
686 2128 792 2191 affeetu
809 2128 933 2206 referre,
953 2129 1002 2191 sed
1021 2130 1050 2191 se
1068 2145 1099 2191 et
1116 2128 1245 2207 reliquos

62 2240 154 2303 libero
175 2238 317 2303 Rationis
330 2238 447 2319 judicio
467 2242 592 2319 ducere,
612 2256 644 2302 et
663 2258 698 2304 ea
718 2255 833 2303 tanturn
855 2258 939 2321 agere
961 2240 1072 2319 studet,
1095 2260 1161 2319 quae
1183 2240 1245 2319 ipse
1308 2284 1310 2289 .

63 2352 153 2427 prima
173 2350 231 2415 ess‘e
250 2351 352 2416 novit:
372 2352 453 2433 Ergo
473 2353 563 2416 homo
583 2352 671 2429 liber,
691 2371 729 2415 ne
749 2350 857 2433 ignaris
877 2352 950 2415 odio
971 2350 1021 2429 fit,
1042 2368 1126 2414 erne
1144 2369 1245 2415 eorum

64 2464 228 2543 appetitui,
254 2464 304 2530 sed
331 2465 387 2528 soli
412 2465 537 2529 Rationi
565 2465 760 2544 obsequatur,
788 2483 889 2528 eorum
916 2466 1077 2545 beneficia,
1103 2482 1246 2544 quantum

64 2577 176 2656 potest,
195 2577 340 2641 declinare
362 2578 527 2642 conabitur.
569 2579 603 2658 Q.
624 2580 661 2640 E.
684 2579 724 2641 D.

527 2741 730 2788 rcuouru
743 2743 779 2788 u.

100 2836 180 2899 Dico
209 2849 348 2916 quantum
372 2837 472 2917 potest.
511 2837 589 2898 Nem
619 2835 753 2914 quamvis
784 2835 919 2900 homines
948 2835 1042 2917 ignari
1073 2837 1146 2914 snt,
1177 2837 1271 2901 sunt·

67 2961 159 3008 tamen
179 2945 332 3024 nominee,
353 2947 405 3026 qui
425 2947 456 3009 in
477 2946 693 3010 neceffitatibus
712 2948 870 3010 humanum
892 2946 1047 3024 auxilium,
1065 2965 1125 3026 quo
1137 2949 1248 3011 nullum

68 3059 255 3134 panadium
281 3057 338 3136 est,
366 3061 478 3122 adfene
500 3076 631 3137 queunt;
651 3075 742 3138 atque
764 3063 838 3123 adeo
861 3060 935 3138 sepe
957 3061 1007 3136 sit,
1028 3076 1062 3122 ut
1083 3059 1250 3123 necessest

69 3175 101 3232 ab
131 3171 233 3237 iisdem
264 3171 437 3235 beneficium
468 3171 618 3248 accipere,
650 3185 681 3232 et
711 3168 926 3247 consequenter
955 3169 1056 3233 iisdem
1087 3185 1190 3233 contra
1211 3189 1249 3232 er

68 3303 165 3348 eorum
192 3284 312 3366 ingenio
339 3283 552 3364 congratular13
580 3286 618 3346 ad
639 3286 722 3362 quod
744 3281 875 3359 accedit,
896 3284 978 3360 quod
1000 3281 1088 3345 etiam
1108 3282 1138 3344 in
1158 3281 1249 3346 decli·
1316 3309 1328 3332 o

69 3399 170 3460 tondis
187 3395 340 3460 beneficiis
359 3396 460 3460 cautio
482 3394 537 3458 esse
558 3397 663 3472 debet,
685 3413 723 3456 ne
745 3393 896 3458 videamur
916 3391 1032 3457 eosdem
1053 3410 1250 3472 contemnere,

68 3511 113 3570 tel
143 3527 202 3587 prae
234 3509 369 3574 Avaritia
399 3509 663 3573 remunerationem
694 3507 817 3584 timere,
856 3522 945 3586 atque
977 3506 1019 3570 ito
1049 3510 1118 3571 dum
1149 3527 1249 3572 eorum

70 3621 174 3686 Odium
193 3619 339 3701 fugimus,
360 3639 398 3683 eo
419 3619 483 3698 ipso
504 3618 534 3682 in
555 3638 657 3683 eorum
678 3617 869 3682 offensonern
891 3617 1080 3693 incurrantur.
1101 3619 1198 3704 Quare
1219 3620 1248 3682 in

71 3728 247 3792 declinandis
266 3728 419 3792 beneficiio
439 3727 518 3791 ratio
538 3728 620 3791 utilis
641 3744 672 3791 et
691 3727 807 3790 honesti
827 3729 961 3792 habenda
982 3729 1031 3792 est.

425 3886 753 3951 PROPOSITIO
789 3885 895 3948 LXXI.

107 3998 166 4059 Soli
185 3998 310 4062 homines
330 3998 418 4059 liberi
437 4017 511 4076 erga
524 4001 561 4077 se
580 4003 704 4059 invicem
720 3997 877 4081 gratrffimi
890 3998 974 4077 sunt.

102 4227 115 4257 ⁸
148 4225 223 4280 Vens
247 4227 318 4296 deig.
342 4241 375 4279 ex
399 4223 510 4280 rudioris
536 4229 693 4296 rutogrrpbo
718 4228 783 4280 male
810 4225 891 4280 lediot
918 4227 1045 4294 ignaros,-
1068 4226 1100 4280 sc
1123 4225 1198 4278 etlrtn
1225 4225 1252 4280 in

71 4322 143 4377 bem.
159 4339 186 4377 et
203 4326 288 4378 stood.
