2934 4900
206 332 242 407 ¹4
557 357 559 365 ·
618 316 673 389 De
705 314 977 388 Intellectud

201 495 241 557 tia
271 494 436 574 objectiva,
467 514 532 575 quae
563 496 722 563 convenire
751 494 873 559 omnino
901 495 1022 557 deberet
1051 510 1117 555 eum
1153 488 1285 569 formali,
1313 488 1389 553 nibil

200 606 285 669 etiam
302 606 311 649 ¹
326 606 489 671 commercii
507 608 628 670 haberet
646 626 711 671 curn
730 606 793 669 aliia
806 606 937 683 ideia,id
948 607 1006 681 est,
1017 605 1089 667 nibil
1100 607 1137 667 de
1148 604 1211 682 ipsa
1219 603 1388 683 poterimus

199 719 391 795 concludere;
412 734 443 781 et
463 733 583 795 contra,
603 737 668 797 que
688 718 799 780 babent
820 718 1024 780 commercium
1044 736 1111 780 cum
1132 716 1197 779 aliie
1215 719 1321 790 rebrat,
1339 715 1387 777 uti

194 829 267 891 sunt
289 830 401 907 omnia,
423 848 489 907 que
509 830 540 893 in
560 831 672 891 Natura
695 828 840 905 existunt,
856 827 1076 908 intelligentur,
1096 843 1127 890 et
1147 827 1275 905 ipsorum
1296 827 1388 889 etiam

200 940 325 1003 eiientie
352 940 506 1019 obieftivae
528 942 602 1005 idem
624 942 775 1003 habebunt
795 940 1017 1011 commercium,
1037 940 1067 1003 id
1087 941 1145 1016 est,
1165 939 1229 1017 aliae
1249 939 1323 1002 ideae
1345 957 1386 1001 er

200 1054 242 1115 eia
269 1056 467 1133 deducentur,
494 1074 559 1133 quae
585 1054 689 1117 iterum
709 1056 861 1116 habebunt
883 1054 1087 1117 commercium
1107 1073 1173 1116 eum
1194 1053 1274 1130 aliia,
1295 1070 1326 1115 et
1346 1052 1387 1115 fic

199 1164 401 1242 instnrmenta,
432 1169 468 1228 ad
499 1170 715 1245 procedendum
745 1166 884 1243 ulterius,
913 1168 1052 1229 crescent.
1093 1169 1183 1250 Quod
1205 1170 1388 1229 conabamur

199 1279 402 1341 demonstrare.
422 1280 513 1342 Porro
534 1297 572 1341 ex
592 1279 650 1343 hoc
672 1280 794 1355 ultimo,
814 1283 897 1357 quod
917 1280 1062 1357 diximus,
1082 1279 1193 1343 scilieet
1214 1284 1297 1357 quod
1317 1280 1386 1343 idea

199 1390 320 1453 omnino
351 1410 417 1453 cum
448 1391 498 1453 sua
528 1390 646 1453 edentia
678 1392 791 1453 formali
823 1394 930 1455 debeat
960 1392 1136 1469 convenire,
1156 1408 1240 1471 patet
1260 1392 1387 1468 iterum,

199 1506 281 1580 quod
301 1502 333 1579 *,
364 1518 398 1565 ut
429 1522 510 1565 mens
540 1504 636 1565 nostra
668 1503 789 1565 omnino
821 1506 927 1565 referat
950 1506 1071 1567 Naturae
1093 1507 1256 1583 exemplar,
1276 1507 1386 1567 debeat

200 1632 300 1676 omnes
328 1614 393 1677 suaa
420 1615 500 1677 ideas
526 1618 689 1693 producere
710 1619 747 1677 ab
767 1634 822 1691 ea,
842 1635 907 1693 quae
929 1618 1017 1678 refert
1038 1615 1179 1697 originem
1207 1631 1238 1678 er
1269 1617 1384 1677 fontem

199 1726 294 1789 totius
310 1730 448 1804 Nature,
468 1743 502 1789 ut
522 1726 584 1804 ipsa
604 1727 691 1790 etiam
712 1728 747 1789 fit
768 1729 837 1789 fone
856 1743 1025 1791 caeterarum
1045 1728 1183 1791 idearum.

240 1842 296 1903 Hic
335 1843 412 1903 forte
451 1840 555 1919 aliquia
593 1841 760 1918 mirabitur,
798 1844 881 1918 quod
917 1860 990 1917 noa,
1020 1841 1072 1902 ubi
1103 1840 1245 1915 diximus,
1275 1841 1384 1901 bonam

200 1954 369 2018 methodum
396 1972 458 2016 eam
486 1953 558 2030 effe,
585 1974 651 2031 quae
679 1953 824 2029 ostendit,
844 1956 996 2031 quomodo
1018 1970 1100 2015 ment
1120 1952 1155 2013 iit
1175 1951 1325 2031 dirigenda
1346 1952 1384 2013 ad

199 2070 275 2129 dare
296 2084 372 2130 verae
393 2066 466 2129 ideae
487 2085 631 2143 normam,
645 2068 704 2129 hoc
725 2065 930 2129 ratiocinando
947 2068 1121 2143 probemur:
1138 2064 1170 2126 id
1187 2065 1269 2140 quod
1286 2063 1383 2125 osten-

199 2181 267 2241 dere
288 2178 421 2255 videtur,
442 2178 500 2240 hoc
520 2196 572 2255 per
592 2178 620 2239 se
642 2198 702 2241 non
724 2178 779 2241 effe
800 2195 915 2241 notum.
935 2180 1038 2255 Atque
1058 2180 1134 2239 adeo
1156 2175 1246 2254 quaeri
1267 2175 1382 2252 potest,

199 2308 295 2355 utrum
316 2310 373 2353 noe
392 2294 467 2354 bene
484 2292 713 2354 ratiocinemur?
734 2292 765 2353 Si
782 2293 857 2353 bene
868 2290 1075 2353 ratiocinamur
1080 2290 1242 2366 ,debemus
1251 2287 1382 2364 incipere

199 2407 306 2467 adata
337 2403 419 2481 idea,
448 2420 480 2466 et
511 2422 575 2467 cunr
607 2402 736 2480 incipere
764 2422 780 2464 a
807 2406 876 2466 data
906 2403 972 2464 idea
1002 2417 1089 2480 egeat
1118 2399 1382 2476 demonstratione,

198 2517 368 2578 deberemus
394 2516 498 2578 iterum
526 2516 653 2578 nostrum
680 2515 866 2578 ratiocinium
886 2517 1028 2592 probare,
1049 2530 1080 2577 et
1100 2531 1163 2576 tum
1182 2514 1287 2576 iterum
1309 2512 1382 2576 illud

198 2630 335 2705 alterum,
363 2644 393 2691 et
420 2628 458 2690 iic
484 2628 515 2689 in
543 2627 698 2691 infinitum.
738 2629 796 2690 Sed
824 2631 860 2690 ad
887 2627 946 2690 hoc
967 2627 1149 2705 respondeo:
1170 2628 1253 2704 quod
1272 2625 1293 2686 ii
1314 2625 1382 2702 quis

198 2743 261 2803 fato
283 2744 410 2818 quodam
438 2741 475 2803 src
496 2740 685 2818 processiffet,
705 2743 847 2803 Naturam
875 2738 1095 2818 investigando,
1115 2736 1226 2799 scilicet
1247 2739 1284 2798 ad
1304 2738 1381 2799 datae

197 2871 274 2916 verae
305 2853 377 2916 ideae
410 2871 537 2915 nonnam
567 2853 637 2914 aliar
665 2851 845 2929 acquirendo
866 2836 947 2912 ideas
968 2850 1070 2913 debito
1092 2849 1212 2926 ordine,
1232 2865 1382 2925 nunquam

199 2966 236 3026 de
264 2964 313 3028 sua
342 2963 467 3027 veritate
498 2968 510 3006 ²
539 2963 711 3040 dubitaffet,
732 2982 770 3025 eo
792 2966 874 3040 quod
903 2962 1028 3037 veritae,
1055 2961 1100 3024 uri
1127 2959 1324 3035 ostendimur,
1353 2959 1383 3020 se

199 3076 287 3153 ipsam
318 3076 476 3154 patefacit,
506 3091 537 3138 et
569 3076 656 3137 etiam
685 3075 791 3152 sponte
819 3073 916 3137 omnia
936 3074 989 3151 ipfi
1010 3071 1192 3136 affluxiffent.
1233 3073 1292 3134 Sed
1312 3071 1382 3149 quia

199 3188 257 3250 boc
278 3207 441 3266 nunquam,
468 3204 520 3251 aut
547 3205 610 3250 raro
639 3186 803 3267 contingit,
831 3187 900 3248 ideo
921 3189 1041 3249 cordus
1062 3185 1106 3247 fui
1125 3185 1174 3246 iila
1195 3183 1234 3246 iic
1253 3200 1383 3261 ponere,

200 3300 341 3377 utillud,
368 3302 450 3378 quod
477 3307 538 3362 non
566 3297 713 3376 possumus
740 3300 821 3373 fato,
847 3297 1051 3374 premeditato
1073 3313 1169 3358 tamen
1189 3295 1312 3358 confiiio
1333 3313 1383 3356 ae·

199 3410 361 3488 quiramus,
382 3425 412 3472 et
432 3411 530 3486 iimtrl,
551 3426 584 3471 ut
601 3425 769 3488 appareret,
787 3413 825 3471 ad
842 3410 1022 3486 probandam
1041 3406 1193 3471 veritatem
1218 3422 1249 3468 et
1269 3407 1383 3468 bonum

198 3521 383 3584 ratiocinium
405 3521 491 3584 nullia
511 3539 567 3583 noa
588 3539 672 3601 egere
693 3519 906 3597 instrumentis,
924 3520 976 3582 nisr
1000 3519 1062 3597 ipsa
1087 3519 1212 3583 veritate
1240 3533 1271 3580 et
1297 3520 1382 3581 bono

196 3633 370 3696 ratiocinio:
398 3635 474 3695 Nam
500 3635 611 3696 bonum
641 3631 828 3695 ratiocinium
848 3633 925 3693 bene
945 3631 1149 3694 ratiocinando
1170 3631 1382 3708 comprobavi,

197 3759 227 3806 et
257 3745 353 3808 adhuc
383 3747 506 3822 probare
537 3763 639 3806 conor.
680 3745 784 3819 Adde,
815 3746 897 3821 quod
928 3742 1016 3805 etiam
1046 3743 1105 3806 hoc
1134 3746 1226 3804 modo
1246 3742 1383 3804 hominen

196 3855 343 3919 affuerant
373 3855 615 3918 meditationibus
635 3855 693 3918 suia
714 3855 846 3918 internis.
887 3854 979 3917 Ratio
1000 3869 1114 3929 autem,
1135 3871 1187 3915 cur
1207 3851 1237 3914 in
1258 3854 1382 3914 Naturae

195 3967 383 4044 inquisitione
414 3984 478 4028 raro
509 3967 680 4044 contingat,
713 3983 746 4028 ut
777 3966 881 4028 debito
912 3965 1015 4028 ordine
1047 3984 1081 4026 ea
1112 3963 1319 4042 investigetur,
1342 3965 1382 4026 est

234 4172 239 4196 ¹
278 4160 462 4216 commercium
478 4163 568 4214 babere
582 4177 639 4213 cunr
653 4161 707 4213 aliis
722 4163 798 4212 rebus
811 4161 848 4212 eii
862 4159 968 4224 produci
983 4161 1014 4210 ab
1030 4158 1094 4222 aliis,
1108 4173 1151 4210 aut
1165 4158 1213 4210 alit
1230 4159 1382 4224 producere.

229 4247 241 4278 i
276 4247 349 4296 Vera.
366 4245 436 4312 belg.
451 4273 486 4284 -
502 4245 550 4296 Ed.
567 4245 624 4296 ΡΜ
641 4254 717 4311 parer
736 4245 846 4304 iterum,
864 4257 897 4294 ex
914 4257 941 4293 eo
960 4243 1034 4307 quid.

231 4333 240 4364 ⁸
278 4328 347 4380 Sicut
363 4327 438 4380 etiarn
456 4326 496 4379 hic
513 4341 565 4379 non
582 4327 725 4379 dubitamus
743 4327 775 4378 tie
792 4325 875 4377 nostra
892 4324 1009 4377 veritate.
