2934 4900
195 335 257 381 200
614 312 797 377 Ethicer
823 312 967 378 ranrv.

197 503 300 565 erunt;
327 503 418 567 atque
444 489 521 551 adeo
547 504 646 549 earum
666 486 714 550 via
738 502 768 549 et
789 485 999 549 incrementum
1029 487 1105 568 (per
1124 489 1215 573 Prop.
1237 499 1266 564 5.
1287 486 1394 567 iujos)
1449 482 1450 533 i

197 600 334 679 potentii
364 598 512 661 causamn
542 614 726 661 externarum
758 596 872 660 definiti
900 598 1008 675 debet,
1036 617 1122 676 quae,
1148 598 1170 658 fi
1198 618 1265 661 cum
1292 598 1393 661 nostra

198 726 398 788 comparetur,
417 710 542 773 nostram
562 709 728 786 potentiam
748 709 900 773 indefinite
917 709 1035 789 superat
1046 711 1118 791 (per
1130 713 1219 793 Prop.
1231 730 1259 789 3.
1270 710 1390 792 brajao:

198 840 289 903 atque
308 827 384 886 adeo
405 822 612 900 cupiditates,
639 840 706 900 quae
726 840 764 885 ex
784 821 922 883 finilibus
950 821 1105 885 affectibus
1126 822 1276 901 oriuntur,
1296 825 1391 887 vehe-

199 936 358 999 mentiores
388 934 444 997 eise
475 933 593 1012 possunt
623 934 688 1011 illa,
718 952 785 1011 quae
814 952 852 995 ex
880 952 949 997 vera
977 934 1051 997 boni
1071 950 1101 996 et
1121 935 1187 996 mali
1215 934 1391 1014 cognitione

199 1050 310 1126 oritur,
336 1066 370 1109 ac
396 1047 521 1124 proinde
542 1047 616 1127 (per
635 1048 726 1126 Prop.
747 1062 776 1123 7.
796 1044 898 1126 nujus)
921 1048 1043 1107 eandem
1064 1051 1198 1109 coircere
1218 1046 1267 1109 rel
1286 1046 1391 1109 restin-

198 1180 287 1243 guere
308 1176 460 1239 poterunt.
502 1162 536 1239 Q.
557 1160 595 1221 E.
614 1161 659 1222 D.

572 1317 903 1379 PROPOSITIO
941 1316 1024 1377 XVI.

244 1431 414 1512 Cupiditas,
441 1447 504 1509 qun
530 1450 567 1490 ex
592 1432 751 1506 cognitione
777 1428 843 1489 boni
870 1442 898 1489 et
923 1429 1010 1505 mali,
1032 1441 1172 1506 quatenus
1191 1426 1252 1491 lter
1270 1432 1396 1505 cognitio

195 1541 335 1621 futuram
354 1544 490 1623 respicit,
509 1545 617 1618 oritur,
631 1540 756 1617 facilius
777 1560 875 1602 rerunt
898 1540 1083 1620 Cupiditate,
1101 1557 1164 1619 qua
1183 1543 1215 1601 in
1230 1542 1396 1619 prasentia

195 1659 307 1736 suaves
320 1655 411 1734 funt,
431 1657 556 1716 coe'rceri
574 1655 624 1715 vei
641 1654 782 1732 restingui
798 1654 897 1734 potest.

604 1799 1002 1844 onnonsrnnrtu

243 1894 376 1959 Affeeius
397 1914 464 1976 erga
484 1914 561 1971 rem,
588 1914 676 1973 quam
697 1897 824 1956 futuram
846 1892 1051 1973 imaginamur,
1072 1894 1207 1955 remiffior
1227 1895 1283 1973 est,
1305 1914 1395 1973 quam

202 2025 270 2086 erga
290 2006 461 2084 praesentem
482 2009 556 2089 (per
579 2008 685 2069 Coroll.
705 2010 795 2086 Prop.
815 2025 845 2084 9.
866 2004 979 2086 hujus).
1010 2007 1053 2067 At
1073 2005 1247 2083 Cupiditas,
1267 2025 1335 2084 quae
1357 2026 1395 2068 ex

203 2136 272 2181 vera
293 2120 365 2181 boni
387 2136 418 2181 et
438 2120 505 2181 mali
526 2118 700 2199 cognitione
722 2117 834 2194 oritur,
861 2117 974 2179 tametsi
995 2117 1057 2179 haec
1079 2117 1213 2197 cognitio
1234 2117 1310 2180 circa
1331 2138 1397 2195 res,

204 2248 271 2307 quae
291 2229 321 2291 in
342 2230 495 2307 prasentia
523 2234 611 2293 bonae
641 2230 726 2307 sunt,
752 2229 897 2306 versetur,
921 2228 1058 2309 restingui
1078 2232 1127 2295 vel
1147 2229 1274 2291 coe'rceri
1296 2232 1398 2307 potest

205 2342 303 2420 aliqua
319 2344 470 2404 temeraria
487 2342 663 2420 cupiditate
682 2342 756 2422 (per
774 2342 863 2421 Prop.
878 2343 1017 2421 praeced„
1034 2342 1114 2417 eujus
1131 2343 1201 2402 dem.
1217 2346 1400 2421 universalis

204 2457 274 2535 esi);
294 2473 365 2536 ergo
386 2455 560 2532 Cupiditas,
581 2473 647 2533 quae
670 2473 707 2514 ex
729 2456 831 2515 eadem
852 2453 1043 2533 cognitione,
1063 2469 1209 2531 quatenus
1229 2453 1292 2515 haee
1314 2455 1399 2516 futu-

204 2585 267 2628 tum
288 2565 421 2644 respicit,
441 2567 549 2644 oritur,
566 2565 682 2628 facilius
701 2564 828 2628 coerceri
839 2566 887 2630 vel
896 2565 1033 2645 restingui
1044 2563 1238 2643 poterit,etc.
1261 2567 1295 2642 Q.
1307 2565 1345 2626 E.
1357 2567 1400 2628 D.

567 2727 900 2790 PROPOSITIO
939 2727 1037 2790 XVII.

245 2845 418 2924 Cupiditas,
446 2860 508 2921 qna
535 2847 635 2904 oritur
661 2863 699 2903 ex
726 2861 801 2903 vera
829 2844 895 2903 boni
921 2858 949 2904 et
974 2845 1046 2904 mali
1065 2848 1239 2934 cognitione,
1257 2859 1403 2924 quatenos

205 2955 266 3017 hec
295 2959 375 3016 circa
405 2975 452 3016 res
481 2960 673 3032 contingentes
703 2958 857 3034 versatur,
888 2957 974 3018 multo
1003 2955 1099 3018 adhuc
1122 2956 1246 3033 facilius
1275 2961 1405 3019 coe’rceri

201 3070 292 3148 potest
315 3071 482 3150 Cupidt'tate
503 3087 619 3145 rernm,
641 3086 703 3149 qua
720 3071 879 3149 presentes
893 3071 976 3149 sunt.

611 3215 1007 3268 onnonsnnnn1u

246 3309 414 3389 Propofitio
444 3311 521 3375 haec.
539 3314 643 3373 eodem
675 3312 765 3371 modo
799 3329 831 3370 ac
862 3310 949 3387 Prop.
977 3311 1101 3386 praeced.
1130 3309 1342 3372 demonstratur
1364 3329 1403 3372 ex

208 3424 320 3486 Coroli.
340 3423 428 3501 Prop.
454 3439 499 3485 ro.
518 3422 617 3500 hujus.

673 3555 688 3596 s
700 3555 720 3596 c
733 3555 755 3598 n
769 3555 788 3598 o
801 3555 821 3597 ι
834 3554 846 3597 1
859 3554 881 3597 υ
894 3553 931 3596 n.

250 3631 307 3693 Hie
325 3649 372 3692 me
392 3631 506 3693 causam
527 3631 678 3694 ostendiiie
700 3635 804 3710 credo,
826 3650 877 3694 cur
894 3631 1027 3693 homines
1046 3631 1188 3709 opinione
1205 3631 1296 3712 magia
1313 3653 1401 3710 quam

210 3762 279 3807 vera
310 3743 441 3804 Ratione
472 3761 731 3822 commoveantur,
763 3761 794 3806 et
825 3763 877 3807 cur
908 3761 977 3809 vera
1008 3744 1080 3806 boni
1112 3760 1143 3806 et
1170 3745 1237 3805 mali
1265 3747 1401 3824 cognitio

211 3971 290 4032 unde
310 3968 383 4030 illud
403 3969 504 4030 Poatae
524 3970 540 4004 *
561 3986 678 4047 natum,
702 3971 791 4031 Video
812 3972 930 4031 meliora
945 3970 1103 4051 proboque,
1123 3973 1270 4031 deteriora
1282 3973 1402 4050 sequor.

210 4083 303 4163 Quod
332 4079 409 4143 idem
441 4080 527 4142 etiam
558 4082 745 4144 Ecclessastes
766 4082 798 4117 **
829 4081 860 4142 in
891 4097 988 4143 mente
1019 4079 1148 4143 habuiiie
1179 4082 1315 4160 videtur,
1336 4103 1402 4146 cum

244 4253 258 4286 ⁸
292 4249 372 4304 ovid.
386 4253 491 4303 Metam·
507 4251 568 4304 vn.
584 4265 618 4304 to
634 4265 673 4316 sq.

245 4335 274 4368 *⁸
307 4334 387 4385 uro.
