2934 4900
537 312 594 373 De
635 313 787 372 Mente.
1200 319 1256 381 107

485 503 848 550 conoutnrttun.

102 603 185 664 Hinc
195 601 344 679 sequitur,
362 599 423 664 dari
443 599 580 678 quasdam
600 602 697 676 ideas,
718 599 779 662 five
800 597 955 673 notiones,
973 596 1110 659 omnibus
1129 594 1255 658 homini·

60 715 118 772 bus
150 729 341 789 communea;
369 713 446 772 Nam
478 711 549 790 (per
573 711 651 773 Lem.
672 711 716 790 a.)
749 710 846 773 omnia
878 727 1003 786 corpora
1027 708 1057 769 in
1084 706 1257 785 quibusdam

59 825 269 901 conveniunt,
291 843 357 902 quae
378 824 452 904 (prr
471 825 560 902 Prop.
577 823 716 903 proced.)
739 825 776 884 ab
798 822 936 884 omnibus
956 823 1066 884 debent
1085 823 1256 898 adaequate,

60 936 122 998 five
145 939 223 997 clare
245 953 276 996 et
297 935 431 998 distinete
452 935 574 1012 percipi.

408 1097 739 1158 PROPOSITIO
779 1095 915 1157 XXXIX.

99 1211 156 1284 Id,
178 1211 258 1286 quod
278 1212 402 1290 Corpori
422 1208 542 1270 humano
562 1222 590 1269 er
611 1208 783 1286 quibusdam
805 1207 971 1287 corporibus
992 1210 1137 1280 externis,
1154 1225 1174 1265 o
1191 1210 1255 1284 qui-

58 1321 113 1380 bus
137 1323 254 1402 Corpus
275 1320 428 1382 humanum
447 1320 525 1398 affici
538 1320 630 1399 soler,
650 1323 778 1399 quodque
798 1325 831 1380 r'n
848 1321 1037 1397 cujuscunque
1054 1317 1257 1398 irrumpam

59 1452 141 1510 aeque
171 1453 210 1494 ae
237 1439 271 1492 in
300 1446 357 1494 roto
388 1452 526 1494 commune
555 1435 593 1512 est
623 1447 651 1494 rr
675 1438 846 1514 proprium,
874 1432 934 1510 ejus
954 1436 1041 1492 etiam
1061 1433 1126 1492 idea
1147 1435 1205 1491 erit
1223 1435 1256 1490 in

60 1547 167 1606 Mente
187 1547 354 1623 adaquata.

467 1645 858 1690 ornonsnnnrto

100 1739 149 1800 Sit
170 1741 201 1800 A
223 1739 270 1816 id,
290 1741 373 1816 quod
393 1740 519 1816 Corpori
539 1741 667 1802 humano
685 1755 716 1802 et
733 1739 906 1817 quibusdam
926 1737 1101 1814 corporibus
1122 1734 1252 1798 externit
1336 1741 1343 1755 '

59 1870 221 1913 commune
243 1852 285 1912 est
305 1868 337 1912 et
357 1851 523 1928 proprium,
543 1855 685 1929 quodque
709 1869 792 1928 aeque
814 1851 843 1911 in
866 1850 993 1912 humano
1015 1848 1148 1924 Corpore
1170 1845 1254 1907 acin

60 1964 163 2026 iisdem
194 1963 371 2040 corporibus
398 1964 543 2039 externis,
571 1978 601 2024 et
630 1965 712 2040 quod
742 1962 870 2038 denique
897 1979 981 2038 aeque
1003 1961 1033 2021 in
1054 1959 1255 2036 cujuscunque
1301 2046 1304 2050 .

62 2077 199 2154 torporis
221 2075 336 2137 externi
356 2091 438 2152 parte
459 2093 493 2136 ac
513 2075 543 2135 in
566 2089 634 2136 toto
656 2074 706 2135 est.
747 2072 841 2149 lpstus
863 2073 891 2132 A
913 2069 1030 2133 dabitur
1050 2071 1079 2130 in
1101 2072 1168 2132 Deo
1189 2070 1255 2132 idea

62 2193 219 2266 adaequata
242 2189 313 2268 (per
335 2189 438 2250 Coroll.
460 2189 549 2267 Prop.
561 2201 589 2263 7.
607 2185 725 2265 hujus),
746 2201 805 2247 tam
827 2200 975 2262 quatenus
995 2182 1091 2244 ideam
1112 2182 1255 2259 Corporis

61 2299 200 2375 humani,
222 2317 309 2376 quam
330 2315 476 2377 quatenus
496 2299 656 2376 pofitorum
678 2317 834 2376 corporum
852 2313 1039 2360 externorum
1057 2296 1138 2358 ideat
1154 2297 1253 2357 habet.

63 2415 196 2475 Ponatur
212 2412 274 2491 jam
294 2412 451 2474 humanum
471 2403 589 2490 Corpus
611 2431 627 2474 a
648 2430 773 2490 corpore
793 2425 918 2473 externo
940 2409 1015 2472 affici
1037 2409 1153 2487 perid,
1172 2410 1254 2486 quod

62 2547 126 2588 cum
157 2546 196 2587 eo
226 2526 316 2587 habet
344 2544 513 2605 commune,
539 2525 598 2588 hoe
619 2526 660 2587 est
681 2528 717 2587 ab
739 2526 783 2585 A:
803 2524 893 2601 hujus
913 2522 1077 2586 offertionis
1097 2522 1163 2583 idea
1184 2540 1252 2598 pro-

62 2640 218 2715 prietatem
247 2638 276 2698 A
303 2636 440 2701 involvet
468 2638 540 2718 (per
561 2639 650 2717 Prop.
675 2640 719 2699 16.
742 2637 861 2717 nujus),
882 2653 970 2713 atque
992 2639 1066 2698 adeo
1089 2635 1160 2716 (per
1179 2637 1253 2695 idem

64 2751 169 2811 Coroll.
190 2751 282 2829 Prop.
304 2764 332 2825 7.
354 2748 455 2830 hujus)
477 2750 543 2811 idea
564 2748 651 2827 hujus
672 2748 853 2825 affestionit‚
875 2763 1020 2825 quatenus
1042 2746 1252 2824 proprietatem

63 2865 89 2923 A
116 2860 268 2937 invoivit,
296 2860 351 2923 erit
380 2860 409 2922 in
438 2864 504 2924 Deo
526 2864 695 2938 adaequata,
718 2876 865 2938 quatenus
886 2860 952 2922 ideo
971 2858 1114 2936 Corporis
1134 2858 1252 2920 humani

63 2974 186 3037 affeeius
206 2973 266 3048 est;
285 2972 343 3035 hoc
365 2972 405 3033 est
426 2974 501 3053 (per
521 2975 611 3053 Prop.
633 2990 677 3051 13.
696 2971 798 3053 hujus)
820 2988 967 3049 quatenus
987 2972 1100 3033 Mentis
1119 2973 1253 3032 humanae

63 3102 195 3147 naturam
218 3084 388 3161 constituit;
417 3088 551 3163 adeoque
581 3083 654 3164 (per
675 3085 779 3145 Coroll.
801 3086 890 3164 Prop.
914 3103 960 3145 ιι.
981 3082 1082 3163 ltujos)
1104 3082 1166 3143 hrec
1186 3083 1253 3144 idea

62 3198 102 3257 est
122 3196 214 3258 etiam
235 3196 266 3257 in
287 3197 390 3257 Mente
412 3197 537 3259 humana
558 3199 720 3281 adaequata.
765 3197 799 3273 Q.
820 3199 857 3258 Ε.
877 3198 918 3258 D.

475 3350 839 3395 cortoruntttuta.

103 3444 183 3505 liinc
212 3443 354 3521 sequitur,
374 3448 456 3522 quod
478 3448 566 3507 Mens
586 3465 622 3507 eo
645 3444 744 3523 aptior
764 3446 805 3507 est
826 3448 863 3507 ad
883 3446 965 3522 plura
985 3448 1136 3522 adaequate
1157 3445 1251 3523 perci-

63 3556 223 3632 piendum,
244 3574 305 3632 quo
327 3556 392 3633 ejus
413 3557 530 3634 Corpus
548 3559 630 3634 plura
640 3557 729 3619 habet
741 3576 806 3619 tum
818 3557 882 3619 aliis
893 3557 1067 3634 corporibus
1078 3556 1252 3619 communia.

445 3719 778 3781 PROPOSITIO
808 3720 872 3781 XL.

104 3832 284 3908 Quocunque
309 3831 380 3891 idea
406 3834 438 3889 in
466 3832 567 3893 Mente
587 3833 756 3910 sequuntur
779 3852 817 3893 ex
843 3835 931 3911 ideis,
960 3852 1023 3912 qua
1046 3837 1079 3893 in
1097 3835 1165 3915 ipsa
1178 3836 1253 3911 sunt
1355 3908 1358 3911 ⁴

63 3944 241 4021 adaquata,
253 3940 329 4019 sunt
349 3946 435 4003 etium
455 3942 624 4020 adaquato.

464 4100 846 4147 ueuonsrnnrto

101 4212 194 4273 patet.
236 4197 312 4258 Nam
332 4214 398 4257 cum
420 4195 561 4273 dicimur,
582 4196 611 4259 in
629 4197 735 4258 Mente
752 4197 876 4260 humana
893 4198 989 4262 ideam
1006 4199 1087 4277 sequi
1104 4220 1141 4262 ex
1158 4199 1251 4277 ideis,

63 4330 124 4388 quae
145 4310 176 4371 in
196 4308 257 4387 ipsa
276 4308 342 4369 sunt
360 4310 539 4388 adrequatae,
556 4308 628 4371 nihil
646 4309 725 4372 aliud
744 4307 867 4373 dicimus
884 4309 962 4392 (per
973 4312 1077 4373 Coroll.
1094 4313 1183 4392 Prop.
1204 4332 1250 4375 ιι.
1359 4339 1362 4350 ·
