2934 4900
209 318 270 396 456
683 311 925 372 Tractatus

210 491 356 565 adaptata
388 485 579 563 opinionibus
619 501 736 560 eorum,
768 484 819 560 qui
851 501 900 544 eas
932 481 1020 544 nobis
1050 499 1084 544 ut
1114 483 1153 544 iis
1182 485 1406 561 repraesentata

206 599 294 674 sunt,
314 617 417 674 nempe
438 613 472 659 ut
493 615 539 658 res
563 599 706 672 aduales,
726 597 917 657 tradiderunt.
946 597 1055 656 Omnes
1077 595 1170 669 enim,
1191 594 1243 673 qui
1263 597 1407 673 aliquan-

209 714 303 774 tulum
331 711 415 787 supra
455 713 572 790 vulgum
602 708 736 786 sapiunt.
763 708 874 782 sciunt,
906 709 1002 776 Deum
1033 724 1094 768 non
1125 707 1232 768 hahere
1263 711 1407 769 dextram

210 843 305 900 neque
326 823 479 898 sinistram,
507 841 602 898 neque
626 821 737 885 moveri
759 837 856 898 neque
878 817 1042 896 quiescere,
1070 837 1166 895 neque
1186 818 1216 878 in
1238 821 1328 894 loco,
1353 819 1407 881 sed

209 934 341 998 absolute
362 933 508 996 infinitum
536 932 608 1010 esse,
630 949 659 994 et
681 933 710 994 in
733 951 770 994 eo
792 950 894 993 omnes
915 930 1061 992 contineri
1082 930 1289 1006 perfectiones
1313 933 1404 1005 Haec,

210 1045 344 1122 inquam,
363 1045 384 1105 ii
406 1045 516 1120 sciunt,
538 1045 589 1121 qui
610 1061 656 1106 res
677 1064 714 1105 ex
737 1043 979 1120 perceptionibus
990 1042 1057 1118 puri
1067 1043 1232 1104 intellestus
1239 1042 1404 1119 judicant,

210 1173 240 1218 et
262 1175 321 1218 non
342 1172 433 1234 prout
453 1157 622 1236 imaginatio
645 1156 807 1218 aiensibus
828 1155 957 1216 externis
978 1155 1120 1230 allicitur;
1141 1170 1174 1216 ut
1185 1157 1294 1234 vulgus
1306 1155 1405 1228 solet,

210 1272 293 1348 quod
312 1268 380 1332 ideo
389 1271 489 1352 Deum
510 1287 700 1345 corporeum,
712 1284 743 1330 et
753 1267 904 1344 imperium
914 1266 1026 1346 regium
1037 1282 1194 1341 tenentem,
1205 1266 1405 1345 imaginatur,

209 1381 294 1459 cujus
321 1380 424 1443 solium
451 1381 481 1441 in
502 1381 695 1444 convexitate
716 1380 782 1442 coeli
809 1380 893 1457 supra
920 1380 1015 1440 stellas
1036 1378 1092 1438 esse
1113 1377 1214 1458 lingit,
1236 1395 1395 1454 quaruma

208 1509 283 1554 terra
304 1490 466 1554 distantiam
488 1511 548 1552 non
569 1495 725 1554 admodum
746 1493 862 1570 longam
883 1490 976 1552 credit
998 1489 1064 1550 else.
1085 1490 1125 1550 Et
1146 1488 1192 1550 his
1212 1505 1243 1550 et
1255 1488 1403 1550 similibus

209 1604 401 1682 opinionibus
429 1603 488 1682 (uti
514 1604 655 1684 diximus)
684 1604 852 1681 perplurimi
878 1603 1035 1680 Scriptura
1056 1602 1139 1664 casus
1158 1602 1291 1677 adaptari
1311 1600 1402 1676 sunt,

209 1717 261 1794 qui
281 1716 404 1794 proinde
425 1736 486 1778 non
508 1719 617 1780 debent
638 1733 672 1780 ut
693 1718 784 1778 reales
806 1736 822 1777 a
844 1716 1030 1792 Philosophia
1052 1715 1156 1791 accipi.
1184 1715 1289 1776 Refert
1311 1713 1400 1776 deni·

209 1849 267 1906 que
295 1833 331 1891 ad
359 1829 509 1906 miracula,
538 1845 570 1892 ut
591 1829 706 1892 realiter
726 1830 922 1910 contigerint,
943 1829 1180 1908 intelligendum,
1202 1828 1399 1887 Hebraeorum

209 1941 324 2018 phrases
346 1957 376 2002 et
396 1957 502 2019 tropos
522 1940 609 2018 scire;
631 1942 682 2019 qui
703 1941 780 2002 enim
801 1945 837 2003 ad
858 1941 938 2018 ipsos
959 1960 1019 2002 non
1037 1938 1401 2014 satisattenderit,multa

208 2053 363 2129 Scriptura
394 2053 512 2132 affinget
543 2053 694 2129 miracula,
726 2073 791 2130 quae
823 2053 888 2131 ejus
918 2053 1074 2129 scriptores
1094 2070 1243 2130 nunquam
1263 2069 1399 2112 enarrare

209 2164 431 2243 cogitaverunt;
460 2167 596 2241 adeoque
625 2183 684 2226 non
714 2180 851 2242 tanquam
881 2183 926 2225 res
954 2181 984 2224 et
1009 2163 1162 2238 miracula,
1182 2178 1272 2238 prout
1292 2179 1398 2224 revera

209 2276 403 2354 contigerint,
434 2276 482 2337 sed
510 2291 635 2338 mentem
668 2277 755 2338 etiam
787 2277 942 2338 authorum
974 2275 1118 2337 sacrorum
1148 2275 1285 2336 codicum
1306 2274 1397 2350 plane

208 2387 364 2469 ignorabit.
391 2388 426 2450 E.
447 2409 474 2469 g.
499 2389 653 2451 Zacharias
681 2408 745 2467 cap.
774 2406 819 2470 14.
847 2389 888 2452 vs.
914 2404 942 2466 7.
964 2391 1000 2450 de
1027 2390 1154 2466 quodam
1182 2388 1261 2446 bello
1289 2388 1396 2449 futuro

208 2504 349 2578 loquens,
380 2502 422 2563 ait
462 2490 539 2575 aas
567 2492 624 2575 teht
659 2519 710 2576 nn
739 2492 783 2576 ub
814 2492 913 2573 aab
939 2518 1013 2579 una
1044 2516 1396 2574 stainahamma

208 2618 269 2673 aare
302 2618 377 2674 satra*
410 2620 475 2681 333
506 2593 572 2679 npb
606 2620 683 2677 narrt
725 2618 754 2664 et
773 2605 834 2663 dies
854 2608 913 2664 erit
932 2608 1049 2678 unicus,
1070 2604 1131 2665 Deo
1152 2616 1267 2663 tantum
1286 2616 1397 2675 notus,-

207 2736 261 2777 non
288 2716 363 2777 enim
393 2718 446 2779 erit
474 2722 533 2779 dies
558 2739 646 2797 neque
672 2740 745 2795 noe,
774 2734 898 2802 tempore
924 2734 1019 2780 autem
1049 2717 1213 2798 vespertino
1242 2721 1295 2778 tue
1324 2723 1396 2777 erit.

207 2828 324 2909 Quibus
356 2829 454 2891 verbis
486 2849 619 2910 magnum
652 2831 820 2894 miraculum
852 2831 1009 2908 praedicere
1030 2832 1165 2907 videtur,
1185 2846 1217 2891 et
1239 2845 1333 2890 tamen
1355 2829 1395 2890 iis
1453 2813 1454 2822 ἵ

208 2939 279 3001 nihil
300 2942 379 3003 aliud
400 2942 556 3021 fignificare
583 2946 664 3020 vult,
692 2964 779 3022 quam
801 2948 882 3022 quod
904 2946 1011 3006 bellum
1032 2960 1101 3005 toto
1122 2942 1170 3006 die
1192 2942 1248 3005 erit
1267 2960 1394 3017 anceps,

207 3052 326 3129 eiusque
359 3070 485 3117 eventus
516 3056 582 3117 Deo
615 3072 730 3118 tantum
762 3072 873 3132 notus,
895 3074 925 3118 et
946 3059 1028 3134 quod
1059 3073 1192 3132 tempore
1223 3054 1392 3132 vespertino

207 3161 358 3225 visioriam
387 3162 599 3240 adipiscentur;
627 3164 765 3227 similibus
794 3167 870 3227 enim
897 3165 1047 3243 phrafibus
1078 3166 1216 3229 victorias
1244 3180 1275 3226 et
1294 3166 1393 3225 clades

207 3271 359 3333 nationum
387 3274 543 3349 praedicere
572 3291 602 3337 et
631 3276 754 3337 scribere
783 3278 916 3340 solebant
936 3279 1101 3353 Propheta.
1143 3276 1237 3339 Sicuti
1259 3274 1391 3337 videmus

207 3383 336 3459 Esaiam,
365 3386 416 3461 qui
443 3404 507 3462 cap.
532 3403 577 3463 13.
599 3390 790 3451 vastationem
818 3390 978 3453 Babiloniae
1007 3389 1045 3451 fic
1069 3390 1220 3468 depingit,
1241 3402 1334 3461 *m
1355 3404 1389 3461 ³2

206 3489 251 3573 reb
282 3514 357 3571 nau
391 3516 498 3575 inas:
530 3520 640 3577 unum
672 3521 752 3602 nun
785 3521 871 3578 natu
904 3494 975 3577 aa
1007 3494 1051 3578 ab
1082 3494 1242 3577 naalma
1273 3520 1389 3577 ninum

208 3631 284 3690 aaa&
312 3632 377 3689 ,7³5
412 3623 539 3679 caroniam
560 3621 648 3697 stella
676 3622 736 3680 coeii
761 3621 877 3699 esiisque
898 3622 997 3699 fidere
1023 3642 1078 3681 non
1108 3622 1311 3682 illuminabunt
1330 3623 1389 3681 luce

200 3734 279 3809 sua‚·
300 3734 351 3809 sol
451 3747 501 3792 rtu
514 3734 570 3809 suo
591 3735 778 3812 tenebrescet,
799 3751 827 3796 et
846 3738 916 3797 iuna
935 3757 990 3797 non
1009 3742 1118 3798 emittet
1131 3739 1311 3817 splendorem
1324 3739 1388 3814 see

206 3846 289 3917 iareim
310 3862 374 3921 quae
397 3846 462 3905 i...:e
483 3844 626 3906 neminem
647 3850 765 3909 credere
786 3849 918 3910 existimo
939 3849 972 3909 in
993 3849 1155 3912 vastatione
1181 3847 1259 3911 illius
1279 3848 1388 3924 imperii

207 3954 375 4033 contigisse;
397 3972 429 4017 ut
452 3975 546 4033 neque
569 3957 656 4018 etiam
678 3977 728 4034 ea,
750 3978 816 4035 quae
837 3979 907 4022 mox
929 3961 1033 4035 addit,
1054 3979 1159 4037 nempe
1181 3976 1274 4035 D'Du’
1294 3978 1326 4049 12
1347 3966 1386 4039 *pp

207 4089 346 4164 mulsam)
374 4090 469 4165 P'llffl
498 4091 612 4154 livini
642 4091 730 4148 ΡΜ
757 4089 915 4155 propterea
935 4079 1013 4136 coeim
1032 4077 1246 4154 contremiscere
1259 4078 1387 4154 faciam,

206 4202 234 4248 et
254 4202 338 4250 terra
358 4210 373 4248 e
381 4192 436 4267 suo
447 4193 502 4249 ioco
523 4192 722 4251 dimovebitur.
744 4191 791 4252 Sic
803 4191 890 4251 etiam
901 4191 1001 4252 Esaias
1012 4210 1076 4268 cap.
1087 4192 1137 4271 48.
1148 4192 1189 4253 vs.
1206 4189 1312 4274 [paen-]
1327 4196 1386 4269 ult,

207 4314 239 4368 ut
260 4300 370 4385 Judaeis
391 4300 578 4380 significaret,
600 4322 653 4364 eos
674 4303 826 4366 Babilonia
855 4303 1086 4386 Hierosolymam
1109 4304 1207 4365 secure
1228 4304 1386 4381 redituros,
