2934 4900
365 344 679 407 Emendatione
709 345 958 406 Tractatum
1235 362 1262 421 p

56 520 249 597 eandemque
274 536 336 581 rear
362 522 401 583 acl
428 536 558 599 mnam
585 519 749 582 distantiam
777 518 918 581 minorem
939 517 1109 593 videamus,
1127 518 1254 595 quamsi

60 648 123 693 cam
156 632 299 695 commus
327 631 512 708 mtueemur3
543 632 611 695 inde
642 630 847 695 concludimus
884 631 982 692 Solem
1011 629 1149 707 majorem
1181 626 1256 703 elle,

63 762 152 819 quam
184 760 326 821 apparet,
356 760 387 807 et
418 743 472 807 alia
500 744 545 807 his
566 744 675 806 finilia.
716 744 771 805 Per
789 743 879 805 solam
900 741 1027 819 denique
1047 741 1089 803 rei
1109 738 1255 802 essentiam

64 872 111 916 rer
138 856 320 933 percipitur3
347 858 468 933 quando
495 874 533 917 ex
562 874 618 933 eo,
646 859 728 933 quod
755 856 866 933 aliquid
893 853 1085 929 novi,scio,
1105 852 1255 930 quidhoc

68 967 103 1029 fit
124 968 238 1045 aliquid
268 968 366 1045 nolle,
395 970 443 1031 vel
465 987 503 1030 err
525 986 580 1042 eo,
601 971 684 1046 quod
712 968 785 1031 nori
805 966 953 1029 essentiam
973 966 1092 1041 animae,
1111 965 1172 1028 scio
1192 971 1256 1025 caris

71 1080 189 1157 corpori
219 1078 276 1144 esse
307 1081 428 1143 unium.
469 1081 578 1143 Eadem
609 1079 783 1160 cognitione
804 1078 944 1142 nonnus
970 1081 1032 1141 duo
1060 1094 1091 1140 et
1118 1076 1174 1139 tria
1201 1076 1256 1138 esse

71 1190 223 1269 qmnqrre,
253 1208 301 1269 et,
329 1192 351 1253 fi
382 1195 489 1255 dentem
517 1193 583 1255 duae
613 1191 698 1253 since
728 1190 780 1253 uni
801 1189 895 1252 tertiae
916 1190 1077 1267 parallelae,
1096 1206 1146 1250 eas
1166 1186 1254 1249 etiam

70 1302 148 1363 inter
176 1302 237 1364 sese
267 1304 431 1380 panuclae
457 1318 515 1365 etc.
555 1304 598 1363 Ea
619 1316 733 1378 nmen,
754 1320 820 1379 quac
839 1300 991 1378 hucusque
1010 1300 1063 1362 tali
1084 1299 1256 1381 cognitione

72 1412 159 1489 potui
178 1413 359 1493 intelligere,
381 1432 526 1491 perpauca
548 1416 678 1477 firmuirt.

112 1526 159 1588 Ut
188 1540 286 1587 autem
316 1526 380 1588 hec
410 1524 508 1587 omnia
539 1526 642 1588 melius
672 1525 888 1606 intelligantur,
919 1526 1008 1588 unico
1039 1539 1154 1587 tanttnn
1192 1530 1259 1585 uta'r

71 1638 225 1713 exemplo,
255 1637 313 1698 lroc
343 1636 463 1699 scilicet.
502 1639 618 1700 Dantur
645 1653 705 1700 tres
725 1637 853 1713 numeri;
884 1637 989 1715 quaerit
1009 1637 1076 1714 quis
1105 1652 1257 1715 quartum,

72 1746 125 1823 qui
145 1747 180 1809 fit
201 1750 239 1809 ad
258 1747 396 1823 tertium,
416 1762 452 1811 ut
468 1747 614 1811 sccundus
634 1752 671 1811 ad
693 1748 826 1825 primum.
866 1748 979 1811 Dicunt
998 1746 1047 1810 hic
1067 1750 1164 1825 paslim
1184 1765 1258 1809 mer-

72 1875 188 1921 catores
195 1904 206 1935 ,
236 1860 267 1921 se
298 1860 387 1935 scire,
417 1860 490 1937 quid
520 1860 554 1923 stt
586 1864 747 1941 agendum,
777 1876 812 1923 ut
843 1876 965 1939 quartus
992 1860 1169 1936 inveniatur,
1189 1858 1258 1936 quia

70 1990 177 2048 nempe
198 1990 262 2033 eam
283 1972 484 2049 operationem
506 1975 637 2035 nondum
659 1973 805 2035 oblivioni
826 1972 1025 2046 tradiderunt,
1043 1990 1130 2049 quam
1151 1973 1258 2033 nudam

70 2084 131 2145 sane
158 2084 408 2147 demonstratione
428 2104 444 2147 a
465 2085 525 2147 suis
551 2084 690 2164 magistris
715 2084 908 2160 audiverunt3
935 2084 984 2146 alii
1009 2102 1082 2148 vcro
1110 2086 1147 2146 ab
1167 2102 1259 2161 erpe-

68 2196 179 2259 rientia
209 2196 380 2273 simplicium
412 2196 524 2259 sariunt
555 2198 670 2259 axioma
701 2196 884 2271 universale,
915 2194 1025 2258 scilicet
1055 2196 1107 2258 ubi
1137 2210 1259 2273 quartus

68 2326 213 2371 numerare
229 2309 327 2385 perse
347 2324 448 2385 patet,
468 2326 503 2371 ur
524 2308 554 2371 in
574 2309 631 2385 hia,
652 2328 688 2384 s,
708 2328 745 2389 4,
766 2326 801 2387 3,
820 2312 858 2385 ⁶3
879 2308 930 2371 ubi
950 2308 1157 2385 experiuntur,
1177 2310 1259 2385 quod

67 2422 163 2484 elusio
195 2419 323 2484 secundo
355 2419 385 2483 in
416 2420 552 2496 tertium,
582 2436 613 2483 et
633 2422 779 2498 proruero
800 2419 906 2483 deinde
927 2438 979 2498 per
999 2419 1122 2500 primum
1143 2418 1259 2496 diviso,

67 2533 123 2594 siat
145 2531 287 2610 quomens
302 2535 324 2594 6
330 2552 340 2609 ;
357 2549 388 2594 er
406 2551 472 2595 eum
493 2533 596 2596 vident
617 2537 742 2596 eundem
761 2551 911 2595 numerum
932 2531 1073 2608 produci,
1093 2549 1180 2608 quem
1200 2530 1259 2592 sine

66 2645 128 2704 hec
156 2643 330 2719 operatione
358 2661 502 2706 nouerant
523 2643 579 2706 csl'e
600 2645 868 2722 proportionalem,
894 2643 963 2706 inde
983 2645 1165 2721 concludunt
1185 2658 1258 2720 ope·

69 2755 220 2815 radonem
245 2753 300 2817 effe
327 2757 434 2816 bonam
462 2758 498 2818 ad
525 2769 660 2834 quartum
689 2775 839 2819 numerum
866 2756 1117 2834 proportionalem
1147 2755 1258 2832 semper

70 2865 294 2932 inveniendum.
334 2869 392 2929 Sed
414 2867 617 2930 Mathematici
640 2868 672 2932 vi
701 2869 956 2931 demonstrationis
983 2868 1070 2946 Prop.
1094 2868 1260 2947 19.1ib.7.

71 2976 212 3040 Euclidia
237 2977 350 3054 sciunt,
378 2980 478 3055 quales
505 2979 616 3042 nsrmeri
644 2979 721 3041 inter
747 2979 777 3041 se
799 2979 856 3042 int
876 2980 1131 3058 proportionales,
1151 2980 1262 3044 scilicet

71 3109 112 3152 en
135 3105 240 3152 natura
267 3089 486 3167 proportionis,
514 3089 636 3167 citusque
663 3089 862 3166 proprietate,
881 3093 965 3168 quod
984 3105 1089 3168 nempe
1109 3108 1263 3166 numerus,

67 3202 123 3282 qui
144 3203 181 3264 lit
203 3219 238 3264 ex
260 3201 354 3280 primo
383 3217 414 3264 ct
435 3217 559 3279 quarto,
588 3200 709 3278 equalis
728 3201 763 3262 lit
784 3220 922 3277 numero,
949 3201 1000 3280 qui
1020 3204 1054 3264 sit
1075 3221 1112 3263 ex
1132 3203 1261 3266 secundo

66 3335 99 3377 et
121 3314 233 3391 tertio;
252 3331 381 3376 attamen
400 3317 583 3391 adaquatum
602 3314 908 3390 proportionalitatem
925 3317 1060 3378 datorum
1077 3333 1262 3378 numerorum

67 3447 131 3492 non
159 3427 281 3502 vident,
308 3441 340 3488 et
367 3425 388 3486 li
416 3425 555 3500 videam,
583 3443 644 3485 non
673 3423 777 3486 vident
801 3442 863 3485 eam
884 3424 915 3487 vi
935 3424 1013 3486 illius
1033 3424 1261 3503 propositionis3

68 3541 120 3602 sed
142 3537 301 3616 intuitive,
322 3538 428 3600 nullam
450 3535 655 3614 operationem
676 3535 829 3598 facientes.
869 3538 915 3602 Ut
936 3552 1034 3600 autem
1054 3557 1092 3600 ex
1112 3538 1159 3600 his
1179 3539 1260 3617 opti·

70 3669 136 3714 mus
156 3651 283 3730 eligerem
301 3651 407 3712 modus
427 3648 628 3726 percipiendi,
650 3647 822 3726 requiritur,
842 3664 875 3711 ut
895 3648 1024 3712 breviter
1043 3667 1261 3726 enumeremus,

73 3781 139 3842 que
155 3763 213 3826 lint
232 3759 386 3824 necessaria
406 3763 517 3838 medis,
538 3775 571 3822 ut
591 3761 718 3822 nostrum
738 3761 825 3822 linem
846 3759 1040 3838 assequamur,
1059 3764 1122 3826 hec
1139 3763 1259 3827 scilicet.

115 3877 138 3936 l
178 3873 314 3936 Nostram
344 3889 492 3949 naturam,
523 3893 610 3952 quam
642 3873 776 3950 cupimus
805 3876 960 3952 perlicere,
990 3879 1092 3940 exaeie
1112 3877 1209 3954 nosse,
1228 3895 1260 3941 et

80 3985 163 4048 simul
178 3999 296 4048 tantum
316 3987 354 4048 ‹ie
373 4001 467 4046 rerum
488 4001 606 4062 natura,
627 4001 770 4064 quantum
790 3987 825 4048 sit
845 3987 964 4049 necesse.

118 4099 155 4158 ll.
197 4095 244 4161 Ut
274 4095 343 4158 inde
373 4113 466 4160 rerum
498 4095 695 4174 differentias,
724 4097 964 4174 convenientias,
992 4115 1022 4161 et
1044 4102 1260 4182 oppugnantias

82 4211 155 4272 reste
175 4205 356 4288 coligrmue.
777 4290 779 4293 Ι

120 4322 171 4390 Ill.
211 4323 258 4391 Ut
277 4323 353 4388 rcere
374 4320 574 4404 concipiatur,
596 4322 793 4406 quid·pollitr't
814 4323 894 4401 pati,
913 4325 985 4404 quid
1005 4345 1075 4389 non.
