2934 4900
324 359 822 453 Theologic'o·Politici
854 374 927 455 Cap.
952 369 1003 444 XI.
1204 394 1262 464 5¹5

74 559 153 621 mus,
174 547 308 608 dubitare
329 548 493 628 poliumus,
513 570 581 612 num
602 553 741 628 Apostoli
762 569 901 632 tanquam
920 557 1075 635 Prophetae
1096 579 1134 622 ert
1150 567 1262 627 revela-

74 657 157 718 tione
190 673 220 718 et
252 660 385 736 exprello
417 664 571 739 mandato,
603 681 638 725 ut
669 664 788 741 Moses,
817 669 973 749 Jeremias,
994 688 1025 732 et
1046 673 1111 750 alii,
1131 693 1167 735 an
1189 694 1262 738 vero

73 782 211 848 tanquam
233 772 341 847 privati
362 775 409 836 vel
429 775 565 838 dodores
586 777 731 854 Epistolas
755 777 935 858 scripserint3
963 784 1120 859 praesertim
1142 787 1210 864 quin
1230 789 1261 849 in

73 882 164 959 Epist.
187 886 224 945 ad
245 884 380 946 Corinth.
405 903 430 947 r.
452 907 515 965 cap.
541 905 585 969 14
605 889 679 952 vers.
689 891 719 950 6.
741 889 850 952 Paulus
871 893 932 953 duo
953 894 1131 970 praedicandi
1156 911 1263 976 genera·

73 994 200 1071 indicat,
232 1015 268 1056 ex
300 999 481 1060 revelatione
511 1020 617 1078 unum,
646 1020 683 1062 ex
712 1003 884 1081 cognitione
905 1005 1043 1082 alterum;
1064 1021 1153 1084 atque
1175 1008 1262 1087 ideo,

72 1108 207 1186 inquam,
234 1111 442 1188 dubitandum,
472 1132 509 1174 an
536 1115 565 1176 in
591 1113 729 1190 Epistolis
751 1115 948 1194 prophetent,
969 1137 1005 1178 an
1026 1136 1099 1181 vero
1123 1123 1262 1184 doceant.

72 1223 182 1285 Verum
203 1222 223 1283 li
245 1227 281 1286 ad
303 1244 398 1287 earum
419 1227 523 1304 stylum
544 1229 695 1288 attendere
718 1229 874 1304 volumus,
895 1231 1075 1310 eumastylo
1096 1233 1261 1310 prophetiae

72 1337 266 1397 alienillimum
295 1337 486 1400 inveniemus.
526 1339 603 1398 Nam
633 1339 791 1415 Prophetis
822 1339 1029 1403 ufitatiffimum
1049 1359 1130 1421 erat,
1150 1347 1262 1424 ubique

72 1449 186 1527 testari,
212 1449 241 1510 se
270 1469 306 1511 ex
334 1450 391 1512 Dei
419 1452 515 1514 edidio
543 1453 646 1529 loqui,
674 1471 796 1531 nempe,
818 1453 860 1531 fic
888 1456 961 1514 dicit
986 1455 1084 1533 Deus,
1110 1463 1157 1518 uit
1181 1459 1262 1520 Deus

71 1567 266 1639 exercituum,
294 1564 413 1623 edilium
432 1566 507 1641 Dei,
524 1579 595 1637 etc.,·
616 1580 705 1641 atque
725 1565 785 1627 hoc
805 1584 866 1626 non
889 1581 1003 1628 tantum
1024 1568 1143 1631 videtur
1162 1572 1260 1632 locum

71 1675 202 1737 habuih'e
223 1677 252 1737 in
274 1677 401 1753 publicis
422 1677 631 1754 Prophetarum
653 1677 865 1756 concionibus,
886 1679 937 1740 sed
958 1680 1046 1742 etiam
1061 1681 1090 1743 in
1107 1683 1262 1760 Epistolie,

71 1807 137 1864 quae
158 1789 354 1852 revelationes
377 1789 586 1866 continebant,
609 1805 643 1851 ut
664 1809 702 1851 ert
722 1791 771 1852 illu
791 1791 865 1852 Eliae
883 1792 1040 1873 Jehoramo
1060 1793 1166 1870 scripta
1177 1810 1261 1871 patet

71 1899 157 1978 (vide
167 1900 230 1960 libr.
242 1918 270 1960 2.
281 1901 372 1962 Paral.
384 1920 447 1978 cap.
459 1902 592 1965 envers.
605 1903 763 1981 12.),quae
784 1903 871 1964 etiam
892 1903 997 1981 incipit
1018 1921 1097 1980 Γῃῃι
1119 1923 1191 1982 703<
1211 1924 1260 1983 ῃ)

64 2017 108 2094 fic
128 2019 200 2077 dicit
218 2019 307 2078 Deus.
349 2018 391 2078 At
413 2019 443 2078 in
463 2017 602 2094 Epistolis
623 2018 834 2095 Apostolorum
855 2019 929 2080 nihil
948 2020 1037 2083 limile
1057 2023 1193 2103 legimus,
1209 2024 1259 2086 sed

71 2145 175 2190 contra
206 2130 236 2190 in
271 2146 296 2190 1.
318 2133 355 2192 ad
376 2130 511 2193 Corinth.
533 2151 598 2208 cap.
620 2148 647 2208 7.
678 2132 752 2196 vers.
774 2151 822 2212 40.
854 2133 962 2196 Paulus
992 2134 1150 2198 secundum
1181 2136 1260 2200 suam

70 2243 244 2304 sententiam
272 2243 412 2320 loquitur.
445 2243 507 2305 lmo
538 2244 721 2322 perplurimis
742 2246 772 2307 in
793 2246 868 2307 locis
888 2246 976 2308 animi
995 2249 1123 2327 ambigui
1143 2265 1173 2311 et
1193 2269 1259 2326 per·

72 2355 154 2431 plexi
176 2356 255 2417 modi
276 2357 418 2432 loquendi
448 2373 620 2434 occurrunt;
648 2373 682 2419 ut
704 2357 809 2436 (Epist
830 2360 868 2419 ud
888 2361 976 2421 Rom.
998 2379 1062 2437 cap.
1083 2379 1111 2438 3.
1132 2363 1173 2425 vs.
1194 2363 1259 2442 all.)

69 2468 283 2530 arbitramur*
302 2472 407 2546 igitur,
430 2484 458 2530 et
481 2470 559 2549 (cap.
572 2471 599 2531 8.
620 2470 662 2533 vs.
678 2470 738 2551 18.)
759 2470 894 2532 arbitror
913 2476 987 2533 enirn
1006 2493 1071 2550 ego,
1092 2490 1123 2535 et
1133 2476 1170 2536 ad
1180 2476 1259 2537 hunc

70 2584 190 2643 modum
211 2583 302 2659 plura.
323 2582 430 2643 Praeter
450 2581 512 2643 haec
534 2582 582 2643 alii
602 2582 794 2645 inveniuntur
814 2585 894 2646 modi
914 2585 1073 2663 loquendi,
1093 2589 1130 2647 tb
1150 2588 1257 2649 autho·

70 2695 157 2755 ritate
179 2695 353 2772 prophetica
373 2696 459 2771 plane
480 2696 602 2771 remoti,
623 2714 747 2773 nempe,
766 2695 818 2757 huc
836 2712 931 2759 autern
951 2701 1011 2759 dico
1031 2718 1100 2776 ego,
1120 2714 1259 2779 tanquam

68 2808 217 2887 infirmus,
237 2828 291 2869 non
310 2822 404 2869 autem
425 2828 461 2868 ex
481 2812 614 2871 mundato
636 2809 719 2888 (vide
740 2809 863 2886 Epistol.
884 2813 922 2871 ad
942 2810 1078 2873 Corinth.
1102 2828 1126 2874 1.
1148 2832 1214 2890 cap.
1227 2830 1257 2890 7.

69 2920 145 2981 vers.
166 2922 229 3001 6.);
263 2922 402 3000 confilium
423 2924 457 2980 do
478 2936 615 3000 tanquam
635 2926 697 2998 uir,
718 2925 790 2999 quia
808 2924 867 2986 Dei
883 2926 990 2997 gratia
1005 2923 1101 3002 fidelis
1119 2927 1158 3005 est
1174 2925 1257 3003 (vide

69 3033 197 3110 ejusdem
227 3054 291 3110 cap.
312 3050 340 3111 7.
369 3032 442 3097 vers.
464 3034 546 3114 25.),
574 3050 604 3094 et
632 3034 670 3095 src
699 3034 754 3095 elia
779 3035 888 3110 multa,
907 3049 939 3095 et
960 3037 1138 3113 notandum,
1157 3040 1257 3115 quod,

68 3164 135 3207 cum
166 3148 196 3209 in
224 3146 364 3223 predicto
393 3166 456 3225 cap.
478 3148 535 3222 ait,
564 3146 593 3207 se
615 3161 793 3222 praeceptum
815 3147 873 3208 Dei
893 3147 942 3207 vel
962 3150 1129 3210 mandatum
1149 3150 1256 3212 habere

69 3260 118 3322 vel
140 3278 199 3321 non
219 3261 342 3338 habere,
369 3280 430 3322 non
458 3260 594 3339 intelligit
622 3275 801 3335 preceptum
822 3261 871 3323 vel
890 3262 1057 3323 mandatum
1077 3260 1129 3323 libi
1150 3283 1166 3324 a
1187 3264 1255 3325 Deo

66 3372 245 3449 revelatum,
272 3371 322 3433 sed
350 3387 463 3433 tantum
493 3356 597 3433 Christi
619 3373 813 3449 documenta,
835 3392 901 3450 quae
923 3372 1083 3450 discipulos
1103 3376 1134 3436 in
1154 3393 1255 3438 monte

67 3482 182 3544 docuit.
222 3485 379 3560 Praeterea,
400 3484 421 3544 li
442 3486 478 3545 ad
500 3486 618 3547 modurn
640 3485 727 3545 etiam
750 3486 953 3561 attendamus,
983 3504 1043 3563 quo
1066 3486 1095 3548 in
1117 3486 1162 3548 his
1182 3488 1254 3564 Epi-

66 3594 149 3655 stolis
176 3596 313 3671 Apostoli
341 3596 499 3657 doetrinam
528 3596 735 3675 Euangelicam
763 3598 901 3675 tradunt,
929 3616 995 3659 eum
1016 3598 1104 3658 etiarn
1126 3616 1142 3658 a
1164 3602 1253 3661 modo

65 3705 277 3782 Prophetarum
309 3708 393 3769 valde
425 3708 570 3770 discedere
603 3708 778 3771 videbimus.
820 3687 957 3786 Apostoli
987 3729 1112 3787 namque
1143 3711 1254 3788 ubique

66 3820 289 3899 ratiocinantur,
310 3821 350 3881 itn
372 3837 405 3882 ut
426 3840 488 3883 non
510 3822 685 3899 prophetare
707 3821 757 3884 sed
776 3821 922 3898 disputare
934 3821 1103 3899 videantur3
1123 3824 1253 3901 Prophe·

66 3932 116 3992 tiae
137 3950 210 3994 vero
233 3946 334 3993 contra
356 3951 432 3995 mera
454 3948 568 3995 tanturn
589 3937 726 4014 dogmata
749 3950 779 3995 et
800 3936 916 3995 decreta
939 3935 1113 4011 continent,
1133 3937 1203 4013 quia
1223 3936 1253 3997 in

65 4044 102 4105 lis
123 4043 205 4106 Deus
226 4044 306 4122 quast
326 4046 452 4123 loquens
473 4046 680 4126 introducitur,
702 4048 753 4124 qui
775 4064 834 4108 non
857 4048 1058 4125 ratiocinatur,
1075 4046 1125 4109 sed
1143 4066 1180 4109 en
1202 4050 1252 4109 ab·

64 4156 165 4218 soluto
188 4155 244 4219 suae
267 4173 376 4219 naturae
397 4159 520 4237 imperio
542 4160 682 4223 decemit.
710 4159 751 4219 Et
772 4158 859 4219 etiam
881 4158 950 4236 quia
970 4160 1126 4237 Prophetae
1147 4160 1253 4222 autho·

65 4286 347 4302 -na—

98 4359 112 4388 *
148 4356 190 4407 cf.
206 4360 303 4410 Annos.
320 4359 414 4411 XXVl·
