2934 4900
201 347 258 406 166
615 340 795 401 Etbices
822 337 891 399 Pars
911 337 962 397 Ill.

197 539 256 597 tur,
275 523 357 598 quod
378 519 466 595 ipsius
487 518 591 598 agendi
611 517 776 594 potentiam
798 514 899 592 ponit,
918 516 966 577 bic
988 514 1052 591 ejus
1073 530 1198 575 conatus
1219 518 1383 588 coircetun

198 632 257 696 live
278 633 352 711 (per
371 630 462 692 Sclrol.
482 632 571 709 Prop.
596 645 640 689 ιι.
661 627 763 707 liujus)
785 630 866 705 quod
887 627 948 703 ipsa
970 626 1165 689 contristatur.
1207 628 1241 704 Q.
1263 628 1299 687 E.
1321 626 1361 688 D.

612 830 975 875 COROLLARIUM.

239 962 311 1021 Haec
342 959 473 1021 Tristitia
504 958 594 1037 magis
623 975 657 1018 ac
688 956 779 1036 magia
810 958 947 1031 fovetur,
974 956 995 1017 li
1024 956 1052 1018 se
1081 958 1117 1019 ab
1139 958 1202 1019 aliis
1224 956 1385 1033 vituperari

198 1072 386 1151 imaginatum
414 1073 496 1147 quod
523 1071 626 1131 eodem
655 1072 745 1131 modo
774 1068 1002 1143 demonstratur,
1031 1086 1064 1130 ac
1094 1068 1206 1131 Coroll
1227 1070 1315 1145 Prop.
1337 1080 1385 1145 53.

200 1182 297 1260 hujus.

664 1295 920 1339 scuorruu.

240 1424 312 1483 Haec
341 1422 473 1484 Tristitia
503 1422 723 1483 concomitante
754 1422 819 1483 idea
851 1421 954 1482 nostrae
986 1420 1194 1482 imbecillitatis
1225 1421 1387 1481 Humilitas

199 1535 376 1610 appellatur;
406 1533 527 1595 Laetitia
557 1548 674 1608 autem,
705 1552 773 1610 quae
803 1552 841 1593 ex
873 1533 1124 1608 contemplatione
1155 1532 1244 1593 nostri
1275 1533 1386 1609 oritur,

197 1646 369 1723 Phr‘lauta'a,
399 1647 446 1711 vel
477 1647 696 1723 Aequiefcenta'a
723 1650 756 1705 in
777 1646 814 1723 se
842 1644 904 1725 ipso
925 1658 1059 1708 vocatur.
1100 1644 1141 1705 Et
1161 1644 1302 1721 quoniam
1323 1646 1387 1705 haec

198 1760 290 1821 toties
310 1759 471 1835 repetitur,
492 1759 612 1836 quoties
631 1758 722 1820 homo
746 1758 810 1820 suas
831 1759 958 1821 virtutes
979 1758 1039 1820 live
1058 1759 1136 1820 luam
1155 1760 1259 1837 agendi
1278 1774 1386 1835 poten-

201 1873 270 1934 tiam
301 1873 530 1948 contemplatur,
559 1871 627 1931 binc
659 1889 729 1949 ergo
762 1871 849 1931 etiam
879 1870 929 1947 fit,
958 1885 992 1931 ut
1020 1871 1219 1949 unusquisque
1240 1872 1315 1935 faria
1337 1872 1388 1933 sua

201 2001 330 2052 narrare.
356 1982 459 2059 suique
485 1999 543 2043 tam
571 1982 704 2059 corporis
731 2000 818 2059 quam
840 1984 929 2044 animi
950 1984 1028 2046 vires
1050 1984 1193 2046 ostentare
1214 1984 1333 2065 gestiat,
1356 2002 1387 2047 et

201 2112 235 2159 ut
254 2097 388 2159 homines
408 2096 463 2157 bac
484 2098 521 2157 de
541 2094 626 2155 causa
646 2094 699 2155 iibl
720 2094 845 2157 invicem
866 2095 977 2159 molesti
997 2096 1062 2158 srnt.
1083 2097 1130 2157 Ex
1151 2098 1259 2175 quibua
1280 2099 1386 2160 iterum

202 2209 348 2286 sequitur,
368 2208 502 2269 homines
522 2224 626 2268 natura
646 2205 703 2267 elle
724 2206 844 2268 invidos
865 2206 940 2285 (vid.
961 2206 1053 2267 Schol.
1073 2210 1163 2288 Prop.
1179 2228 1226 2289 24
1247 2225 1275 2270 et
1294 2209 1386 2271 Sclrol.

202 2322 291 2399 Prop,
314 2338 361 2396 32.
382 2319 500 2399 hujus),
527 2318 587 2381 five
615 2321 655 2379 ob
682 2318 799 2379 luorum
822 2319 974 2394 equalium
996 2320 1222 2382 imbecillitatem
1243 2324 1388 2401 gatrdere,

202 2449 233 2496 et
254 2449 355 2494 contra
376 2446 497 2509 propter
517 2434 675 2494 eorundem
696 2432 836 2494 virtutem
858 2432 1030 2496 contristari.
1058 2434 1134 2494 Nam
1155 2434 1274 2510 quoties
1296 2455 1386 2497 unus-

202 2545 324 2623 quisque
356 2544 422 2606 suas
453 2545 582 2607 afflones
612 2543 785 2622 imaginatur
797 2589 807 2619 ,
837 2544 929 2604 toties
960 2545 1078 2607 Laetitia
1112 2547 1186 2626 (prr
1216 2548 1305 2628 Prop.
1338 2559 1388 2624 53.

202 2655 302 2734 lausus)
329 2654 472 2729 afficitur,
499 2672 528 2715 et
549 2672 586 2716 eo
608 2653 737 2731 majore,
757 2673 818 2730 quo
840 2656 971 2717 actiones
992 2657 1058 2732 plus
1080 2658 1269 2732 perfertionis
1289 2659 1388 2734 expri-

203 2786 295 2842 mere,
326 2783 357 2828 et
387 2766 500 2829 easdem
531 2767 693 2830 distinctius
724 2767 914 2845 imaginatur;
945 2767 1002 2830 boc
1030 2769 1070 2830 est
1091 2769 1164 2849 (per
1183 2771 1252 2846 illa,
1273 2788 1336 2848 qua
1356 2775 1388 2829 in

203 2877 292 2940 Sclaol.
317 2896 342 2938 1.
372 2880 461 2958 Prop.
482 2896 531 2958 ια
558 2891 592 2957 p.
612 2895 641 2940 2.
673 2878 750 2937 droa
775 2879 879 2958 sunt),
910 2897 971 2957 quo
1001 2881 1090 2958 magis
1117 2881 1230 2943 easdem
1260 2883 1295 2942 ab
1323 2881 1388 2944 aliis

202 2992 382 3072 distinguere·
399 3007 429 3051 et
451 3006 484 3052 ut
504 3009 550 3052 res
570 2990 726 3070 singulares
747 2993 939 3069 contemplari
955 2993 1061 3070 potest.
1075 2994 1173 3075 Quare
1189 2993 1386 3070 unusquisque

203 3125 240 3168 ea
267 3104 519 3181 contemplatione
546 3103 589 3164 stri
618 3119 690 3164 tunc
712 3104 837 3164 maxime
859 3105 1015 3183 gaudebit,
1036 3109 1155 3183 quando
1177 3106 1287 3183 aliquid
1307 3107 1337 3166 in
1359 3105 1387 3166 se

203 3220 432 3295 contemplatur,
453 3220 535 3295 quod
556 3220 591 3279 de
613 3217 733 3294 reliquis
755 3232 852 3296 negat.
873 3217 930 3279 Sed
950 3217 969 3278 sr
988 3217 1033 3292 id,
1051 3220 1133 3294 quod
1151 3220 1187 3278 de
1205 3216 1233 3278 se
1252 3215 1388 3292 affirmat,

203 3335 239 3393 ad
269 3331 459 3394 universalem
489 3329 616 3391 bominis
646 3332 695 3392 vel
726 3330 858 3390 animalis
889 3330 982 3392 ideam
1011 3331 1116 3404 refert,
1144 3348 1203 3392 non
1231 3345 1388 3406 tantopere

203 3445 358 3523 gaudebit;
378 3458 409 3503 et
430 3458 533 3503 contra
554 3442 790 3516 contristabitur,
811 3440 832 3502 sr
854 3442 935 3518 suas,
956 3446 993 3504 ed
1014 3443 1135 3503 aliorum
1156 3443 1286 3505 aciiones
1307 3461 1388 3503 com-

203 3571 334 3633 paratas,
363 3555 566 3617 imbecilliores
594 3553 649 3616 ell'e
677 3555 866 3634 imaginetur;
888 3574 974 3631 quam
996 3555 1113 3632 quidem
1134 3555 1292 3616 Tristitiam
1314 3555 1389 3634 (per

203 3668 464 3748 Prop.a8.lrujus)
486 3685 620 3729 amovere
642 3667 814 3743 conabitur,
835 3667 923 3744 idque
945 3667 1061 3729 suorum
1083 3667 1235 3744 aequalium
1257 3668 1388 3729 alliones

204 3799 352 3858 perperam
373 3781 611 3856 interpretando,
631 3781 680 3842 vel
700 3780 765 3841 luas
787 3796 929 3856 quantum
948 3781 1044 3856 potest
1062 3783 1241 3842 adornando.
1254 3783 1388 3856 Apparet

123 3883 128 3892 ’
203 3892 302 3971 igitur,
322 3891 457 3953 homines
478 3907 580 3952 natura
602 3892 748 3967 proclives
770 3889 825 3952 eise
847 3893 883 3953 ad
904 3891 1011 3953 Odium
1034 3907 1064 3952 er
1084 3891 1388 3968 Invidiam,adquam

95 4011 103 4037 ²
203 4005 317 4066 accedit
337 4001 399 4079 ipsa
419 4004 566 4064 educatio.
599 4004 673 4064 Nam
695 4019 830 4080 parentes
851 4003 915 4064 solo
935 4003 1057 4065 honoris
1078 4019 1108 4064 et
1130 4003 1251 4066 Invidia·
1272 4003 1388 4066 stimulo

201 4117 310 4178 liberos
331 4117 369 4176 ad
388 4115 526 4177 virtutem
549 4116 697 4177 concitare
725 4116 830 4177 solent.
871 4117 929 4178 Sed
949 4115 1100 4192 scrupulus
1122 4116 1217 4177 forsan
1239 4133 1391 4194 remanet,

203 4231 286 4306 quod
317 4247 378 4289 non
408 4245 473 4289 raro
503 4228 653 4290 hominum
684 4227 811 4292 virtutes
843 4229 1035 4305 admiremur,
1065 4228 1174 4306 eosque
1206 4247 1387 4291 veneremur.

205 4343 292 4402 Hunc
313 4357 382 4420 ergo
403 4355 437 4401 ut
457 4358 623 4416 amoveam,
643 4340 767 4418 sequens
788 4343 890 4404 addam
912 4339 1114 4401 Corollarium.
