2934 4900
213 351 273 417 550
687 339 926 400 Tractatus

213 515 352 594 quoniam
383 515 536 591 videmus,
567 515 730 592 Prophetas
760 511 940 578 Charitatem
970 529 1002 575 et
1028 513 1174 594 Justitiam
1196 513 1282 590 supra
1305 515 1404 576 omnia
1455 521 1456 578 l

214 629 433 703 commendare,
461 644 492 688 et
518 627 590 688 nihil
617 627 696 689 aliud
723 627 894 702 intendere,
921 625 990 687 hinc
1019 625 1239 702 concludimus,
1266 645 1323 688 eos
1345 645 1404 688 non

214 741 285 802 dolo
305 741 399 816 malo,
427 740 476 801 sed
497 759 534 800 ex
556 758 627 803 vero
648 738 746 799 animo
780 737 926 813 docuisse,
946 737 1081 798 homines
1102 735 1274 799 obedientia
1296 752 1327 798 et
1349 739 1404 797 lide

213 854 318 913 beatos
345 852 423 928 sieri;
451 867 482 912 et
510 852 579 929 quia
607 852 666 912 hoc
693 851 810 927 insuper
830 849 917 929 signis
939 850 1201 925 confirmaverunt,
1222 849 1295 910 hinc
1317 851 1405 911 nobis

213 963 435 1044 persuademus,
457 982 510 1025 eos
530 982 592 1025 non
613 978 721 1025 temere
742 963 772 1024 id
794 960 913 1034 dixille,
941 981 1037 1040 neque
1059 960 1220 1026 deliravisse
1242 963 1315 1023 dum
1337 981 1404 1038 pro-

213 1077 392 1154 phetabant;
412 1077 443 1137 in
465 1096 525 1153 quo
546 1076 634 1138 etiam
655 1076 746 1155 magis
767 1077 988 1152 confirmamur,
1010 1077 1078 1137 dunt
1100 1075 1300 1152 attendimus,
1321 1079 1403 1152 quod
1454 1051 1456 1136 f

214 1190 287 1252 nihil
306 1191 414 1251 morale
436 1192 619 1267 docuerunt,
640 1191 723 1267 quod
744 1209 810 1250 cum
832 1187 962 1250 Ratione
983 1188 1139 1264 planissime
1151 1207 1210 1248 non
1222 1188 1405 1265 conveniat;

214 1321 280 1364 nam
301 1321 361 1363 non
382 1319 491 1364 temere
511 1302 568 1378 est,
589 1304 671 1379 quod
691 1302 814 1364 verbum
834 1299 892 1362 Dei
914 1301 944 1362 in
966 1299 1122 1376 Prophetis
1142 1319 1209 1362 cum
1230 1299 1298 1376 ipso
1310 1303 1405 1363 verbo

214 1413 271 1474 Dei
291 1414 322 1474 in
343 1414 431 1474 nobis
449 1415 591 1491 loquente
613 1413 734 1475 omnino
756 1412 926 1476 conveniat.
966 1413 1069 1489 Atque
1090 1411 1169 1487 haec,
1191 1411 1330 1488 inquam,
1350 1431 1405 1472 nos

215 1545 298 1603 aeque
319 1527 391 1587 certi
411 1545 449 1587 ex
468 1525 586 1605 Bibliis,
608 1545 643 1588 ac
663 1526 732 1588 olim
753 1525 848 1607 Judai
870 1543 907 1585 ex
928 1525 998 1589 viva
1017 1541 1093 1588 voce
1111 1523 1326 1601 Prophetarum
1343 1525 1404 1583 haec

215 1639 315 1698 eadem
335 1638 561 1698 concludebant.
603 1639 679 1698 Nam
701 1637 786 1713 supra
807 1635 837 1697 in
859 1637 916 1697 fine
944 1636 1018 1712 Cap.
1043 1653 1089 1696 12.
1110 1635 1308 1712 ostendimus,
1329 1637 1403 1697 Scri·
1455 1645 1456 1708 1

214 1763 329 1824 pturam
355 1748 469 1809 ratione
497 1749 636 1811 dodrinae
657 1766 689 1810 et
709 1749 921 1825 praecipuarum
941 1748 1122 1810 historiarum
1143 1748 1345 1825 incorntptam
1367 1752 1403 1810 ad
1455 1709 1456 1796 i

214 1861 325 1922 nostras
345 1879 448 1923 manus
468 1860 639 1937 pervenisse.
679 1863 778 1944 Quare
798 1862 857 1922 hoc
878 1861 974 1922 totius
994 1859 1169 1940 Theologiae
1191 1876 1223 1920 et
1242 1860 1403 1936 Scriptura

215 1973 453 2046 fundamentum,
474 1971 608 2048 quamvis
628 1972 834 2033 mathematica
854 1973 1100 2034 demonstratione
1121 1973 1234 2035 ostendi
1256 1990 1406 2051 nequeat,

213 2083 285 2144 sano
306 2099 403 2145 tamen
420 2083 536 2161 judicio
558 2085 765 2161 amples'timur.
804 2088 881 2147 Nam
903 2085 1016 2146 inscitia
1037 2087 1154 2164 quidem
1176 2086 1233 2161 est,
1254 2088 1303 2164 id,
1321 2091 1405 2164 quod

214 2212 263 2259 tot
293 2196 505 2272 Prophetarum
535 2197 709 2259 testimoniis
736 2199 939 2259 confirmatum
967 2199 1024 2276 est,
1052 2214 1083 2259 et
1111 2218 1149 2261 ex
1176 2217 1237 2276 quo
1266 2218 1404 2279 magnum

214 2307 340 2369 solamen
363 2306 413 2386 iis,
434 2307 485 2385 qui
505 2308 637 2370 Ratione
658 2328 719 2371 non
742 2309 783 2370 ita
805 2311 931 2386 pollent,
954 2309 1060 2388 oritur,
1081 2326 1114 2371 et
1134 2311 1321 2387 Reipublicae
1344 2331 1404 2373 non
1453 2247 1456 2372 i

213 2419 369 2482 mediocris
390 2420 503 2483 utilitas
523 2422 657 2499 sequitur
664 2437 715 2500 ,et
726 2427 809 2500 quod
829 2423 963 2485 absolute
985 2421 1043 2485 stne
1065 2423 1196 2500 periculo
1218 2439 1271 2485 aut
1291 2427 1401 2486 damno

215 2536 331 2595 credere
351 2534 514 2612 pollumus,
535 2537 613 2597 nolle
634 2552 730 2597 tamen
753 2536 900 2613 amplecti,
923 2536 1013 2614 idque
1031 2554 1064 2597 ea
1081 2536 1143 2597 sola
1160 2539 1196 2599 de
1215 2537 1317 2615 causa,
1336 2538 1405 2615 quia

215 2643 418 2705 mathematice
438 2644 626 2707 demonstrari
647 2644 767 2723 nequit:
790 2644 868 2722 quast
891 2662 963 2707 vero
986 2647 1022 2707 ad
1043 2645 1133 2709 vitam
1155 2645 1302 2722 sapienter
1324 2648 1405 2708 inlli-
1455 2676 1456 2683 κ

214 2758 353 2818 tuendam
370 2755 443 2816 nihil
460 2771 598 2834 tanquam
616 2773 717 2819 verum
737 2756 940 2832 admittamus,
958 2760 1040 2834 quod
1051 2758 1108 2818 ulla
1120 2758 1274 2819 dubitandi
1285 2760 1404 2820 ratione

215 2867 245 2928 in
272 2866 395 2928 dubium
421 2866 553 2929 revocari
580 2883 687 2944 queat,
715 2883 767 2929 aut
789 2872 871 2944 quod
894 2870 1040 2945 pleraeque
1061 2868 1165 2930 nostrae
1186 2869 1319 2931 actiones
1341 2889 1402 2930 non

214 2980 371 3040 admodum
391 2979 509 3039 incertae
529 2977 602 3055 sint,
623 2994 654 3040 et
674 2980 736 3040 alea
757 2980 860 3055 plenae.
901 2980 1046 3057 Equidem
1074 2981 1187 3057 fateor,
1215 2980 1267 3059 qui
1294 2998 1402 3058 putant

214 3089 431 3165 Philosophiam
453 3104 484 3150 et
503 3089 699 3169 Theologiam
720 3089 772 3151 libi
794 3090 920 3153 invicem
950 3091 1168 3165 contradicere,
1193 3107 1224 3153 et
1244 3109 1402 3170 propterea

214 3203 380 3263 alterutram
399 3221 415 3263 e
433 3202 486 3264 suo
504 3220 595 3282 regno
614 3205 824 3265 deturbandam
842 3202 1023 3279 existimant,
1045 3219 1077 3264 et
1095 3203 1165 3265 huic
1187 3220 1239 3265 aut
1259 3206 1301 3265 illi
1324 3209 1400 3269 vale·
1455 3248 1456 3271 a

215 3314 388 3391 dicendum,
415 3333 468 3375 eos
495 3333 556 3376 non
585 3314 694 3392 absque
714 3316 829 3377 ratione
850 3317 981 3393 studere,
1001 3316 1175 3396 Theologiae
1196 3318 1276 3377 firma
1297 3320 1400 3380 sunda-

214 3442 313 3487 menta
329 3425 445 3502 jacere,
465 3444 586 3503 eamque
608 3428 811 3489 mathematice
840 3427 1031 3489 demonstrare
1060 3429 1170 3490 conari.
1211 3430 1287 3513 Quis
1308 3432 1401 3507 enim,

214 3539 267 3601 nisi
298 3540 468 3615 desperatus
500 3556 531 3601 et
561 3540 695 3618 insanus,
725 3542 849 3603 Rationi
881 3558 989 3603 temere
1020 3543 1184 3605 valedicere
1215 3546 1324 3621 vellet,
1357 3550 1400 3609 vel

215 3670 291 3714 artes
313 3669 344 3714 et
364 3652 500 3714 scientias
522 3668 725 3731 contemnere,
747 3670 777 3715 et
798 3655 937 3717 Rationis
963 3656 1167 3717 certitudinem
1188 3658 1319 3737 negare?
1361 3663 1401 3719 At

214 3764 330 3825 interim
347 3782 399 3825 eos
416 3765 550 3827 absolute
567 3766 705 3827 excusare
722 3785 784 3827 non
802 3766 967 3843 possumus,
984 3768 1224 3845 quandoquidem
1242 3769 1400 3831 Rationem

214 3876 245 3937 in
267 3876 406 3938 auxilium
427 3895 535 3939 vocare
555 3878 663 3940 volunt
690 3880 727 3939 ad
755 3880 875 3940 eandem
904 3880 1114 3955 repellendam,
1136 3896 1167 3941 et
1187 3896 1267 3942 certa
1287 3883 1401 3943 ratione
1455 3954 1456 3965 χ

215 3990 335 4049 eandem
356 3989 495 4051 incertam
517 3991 635 4051 reddere
664 4005 819 4051 conantur.
860 3990 924 4051 Imo
946 3992 1014 4052 dum
1035 3990 1167 4066 student,
1190 3992 1400 4054 mathematicis

215 4101 509 4164 demonstrationibus
529 4102 704 4183 Theologiae
726 4103 880 4167 veritatem
902 4118 933 4164 et
946 4104 1161 4166 authoritatem
1180 4104 1351 4181 ostendere,
1372 4123 1399 4167 et

215 4212 338 4274 Rationi
350 4229 381 4274 et
391 4214 508 4275 Lumini
529 4215 664 4276 Naturali
684 4216 891 4278 authoritatem
914 4216 1055 4293 adimere,
1077 4216 1148 4277 nihil
1169 4216 1249 4278 aliud
1270 4218 1398 4296 faciunt,

215 4338 301 4399 quam
332 4319 421 4396 ipsam
452 4322 647 4400 Theologiam
678 4323 731 4385 sub
763 4324 902 4386 Rationis
934 4324 1085 4402 imperium
1114 4327 1242 4403 trahere,
1263 4343 1296 4389 et
1316 4331 1397 4405 plane
