2934 4900
375 332 432 399 De
470 332 699 403 Servitute
740 332 932 403 Humana.
1186 352 1246 421 uos

419 517 749 581 PROPOSITIO
780 518 889 582 XXIlI.

100 628 202 704 Hom,
221 641 364 705 quatenus
382 630 426 689 ad
439 631 556 708 aliquid
571 633 713 708 agendum
731 632 943 693 determinatur
959 652 997 691 ex
1014 652 1058 710 eo,
1076 634 1153 710 quod
1165 634 1247 695 ideas

64 738 148 801 habet
171 742 393 819 inadequatas,
419 762 474 803 non
500 744 588 823 potest
614 745 743 823 abfhlute
770 746 843 823 dici,
870 764 907 805 ex
933 748 1047 806 virtute
1072 764 1160 822 agere
1166 770 1178 819 ,·
1192 747 1252 823 sed

65 866 174 913 tantum
193 867 336 932 quatenus
353 854 565 915 determinatur
583 876 621 915 ex
639 876 685 934 eo,
706 857 783 935 quid
799 858 947 934 intelligit.

458 1019 853 1065 nuuouenunuuu

103 1112 258 1195 Quatenus
277 1113 369 1176 homo
389 1118 426 1176 ad
446 1117 590 1193 agendum
610 1115 821 1177 determinatur
840 1134 878 1177 ex
898 1134 953 1192 e0,
981 1120 1063 1193 quod
1083 1117 1250 1195 inadaequa·

66 1240 109 1285 tau
135 1226 227 1287 habet
253 1226 351 1304 ideae,
377 1242 497 1289 eatenus
518 1226 592 1306 (per
611 1228 701 1308 Prop.
726 1246 752 1289 1.
769 1241 802 1309 p.
825 1229 866 1308 3.)
888 1228 1016 1305 patitur,
1037 1228 1095 1291 hoc
1116 1230 1157 1290 est
1177 1228 1251 1311 (per

65 1338 157 1417 Defin.
170 1356 197 1399 1.
218 1353 248 1399 et
267 1358 296 1400 2.
312 1353 345 1419 p.
357 1339 400 1420 3.)
422 1340 534 1418 aliquid
555 1341 631 1419 agit,
652 1343 735 1418 quod
756 1359 808 1418 per
829 1340 918 1402 solam
940 1338 1004 1416 ejus
1022 1339 1169 1402 essentiam
1190 1360 1250 1403 non

67 1452 159 1527 potest
179 1452 311 1529 percipi,
329 1452 389 1513 hoe
410 1454 451 1514 est
478 1454 552 1534 (per
571 1452 666 1534 Desin.
688 1454 716 1515 8.
739 1450 844 1535 hujus)
870 1456 952 1530 quod
972 1472 1009 1513 ex
1030 1452 1119 1530 ipfius
1141 1452 1251 1516 vittute

66 1580 121 1623 non
142 1562 286 1639 sequitur.
326 1566 370 1626 At
390 1582 536 1642 quatenus
557 1568 594 1627 ad
614 1565 725 1644 aliquid
746 1567 890 1645 agendum
912 1564 1121 1627 determInatur
1141 1584 1177 1625 ex
1199 1584 1252 1643 eo,

67 1676 144 1749 quud
169 1676 330 1755 iutelligit,
356 1692 478 1739 eatenus
507 1678 581 1758 (per
608 1679 724 1738 eandem
751 1678 841 1757 Prop.
867 1694 891 1738 1.
915 1691 947 1757 p.
970 1678 1013 1757 3.)
1035 1676 1112 1757 agit,
1132 1676 1190 1738 hoc
1211 1676 1252 1737 est

66 1788 136 1866 (per
153 1788 254 1868 Defin.
275 1807 304 1849 2.
320 1802 353 1869 p.
374 1790 417 1869 3.)
445 1790 555 1867 aliquid
583 1790 662 1869 agit,
689 1792 771 1867 quod
800 1808 852 1866 pet
879 1789 967 1851 solam
996 1788 1084 1865 ipstus
1106 1788 1251 1850 essentiam

67 1900 241 1978 percipitur,
267 1898 326 1964 five
355 1902 428 1981 (per
453 1901 550 1981 Defin.
571 1903 600 1964 8.
621 1901 723 1981 hujus)
752 1904 833 1979 quud
861 1918 899 1961 ex
927 1898 1015 1977 ipfius
1043 1900 1154 1963 virtute
1176 1903 1252 1963 adae-

70 2028 153 2087 quate
173 2011 318 2091 sequitur.
361 2014 395 2091 Q.
416 2016 454 2075 E.
474 2016 515 2076 D.

425 2175 754 2237 PROPOSITIO
786 2174 896 2237 XXIV.

105 2301 154 2361 Ex
180 2305 296 2363 virtute
321 2302 449 2380 absolute
471 2322 560 2381 agere
580 2302 658 2365 nihii
674 2306 759 2367 aliud
777 2309 809 2365 in
828 2304 908 2365 nobis
927 2304 981 2383 est,
1003 2322 1089 2382 quam
1109 2324 1146 2365 ex
1165 2306 1251 2365 dulia

70 2413 200 2476 Rationis
221 2433 323 2493 agere,
342 2418 457 2493 vivere,
470 2417 559 2495 suum
585 2417 637 2496 effe
656 2419 829 2496 conservare
853 2415 927 2496 (lm
954 2421 1018 2478 tria
1044 2418 1117 2478 idem
1140 2416 1252 2497 fignifi-

71 2530 167 2608 cant),
186 2550 227 2590 ex
238 2529 429 2608 fundamento
445 2536 601 2611 proprium
620 2534 692 2593 utile
712 2535 869 2611 quarendi.

463 2693 860 2738 uuuonsunnnun

106 2783 152 2845 Ex
178 2786 293 2849 virtute
319 2786 454 2848 absolute
480 2804 581 2866 agere,
609 2786 681 2847 nihil
710 2787 789 2848 aliud
816 2787 856 2847 est
878 2787 952 2866 (per
970 2785 1066 2866 Defin.
1088 2786 1116 2846 8.
1137 2785 1256 2864 lustjus),

75 2915 154 2972 quant
173 2918 215 2960 ex
234 2899 348 2978 legibue
368 2899 492 2975 propriae
513 2914 625 2960 naturae
646 2916 741 2977 agere.
769 2900 812 2959 At
833 2917 889 2960 nos
910 2913 1031 2960 eatenus
1051 2899 1256 2959 tantummodo

76 3011 196 3089 egimus,
218 3027 365 3091 quatenus
385 3011 574 3090 intelligimus
596 3011 670 3091 (per
690 3012 780 3090 Prop.
803 3027 830 3087 3.
849 3025 880 3090 p.
902 3011 962 3090 3.);
987 3009 1066 3088 Ergo
1088 3027 1126 3070 en
1146 3007 1256 3072 virtute

76 3141 168 3202 agere,
199 3123 274 3186 nihil
303 3124 383 3186 aliud
413 3123 444 3186 in
474 3125 563 3186 nobis
596 3122 653 3200 est,
685 3142 773 3201 quam
804 3141 842 3184 ex
870 3125 960 3184 dutiu
988 3120 1128 3182 Rationis
1155 3137 1257 3200 agere,

78 3234 190 3314 vivere,
219 3236 301 3299 suum
329 3235 384 3298 effe
413 3237 603 3313 conservare,
630 3237 719 3313 idque
748 3237 823 3316 (per
852 3235 955 3295 Coroll.
976 3234 1065 3313 Prop.
1086 3251 1134 3294 22.
1155 3231 1256 3312 hujus)

78 3361 110 3403 ex
128 3348 321 3410 fundamento
341 3347 424 3409 suum
446 3347 518 3409 utile
540 3347 698 3425 quaerendi.
743 3345 776 3424 Q.
798 3348 836 3407 Ε.
858 3345 898 3408 D.

440 3525 764 3588 PROPOSITIO
795 3524 891 3586 XXV.

114 3653 202 3716 Nemo
215 3657 303 3733 suum
321 3654 374 3732 effe
391 3653 515 3714 alterius
534 3657 580 3713 rei
599 3653 688 3732 causa
707 3653 880 3730 conservare
899 3665 1030 3714 conatur.

471 3815 869 3860 unuonsunnutu

114 3911 264 3985 Connus,
293 3929 356 3988 quo
387 3927 571 3988 unaqueque
602 3929 648 3971 ree
681 3910 711 3971 in
740 3910 794 3972 suo
823 3905 878 3970 elle
907 3907 1088 3986 perseverate
1117 3923 1260 3984 conatur,

82 4020 134 4084 ioli
153 4023 241 4101 iplius
262 4023 302 4084 rei
323 4019 444 4086 effentii
464 4023 602 4085 definitur
624 4022 697 4101 (per
714 4023 804 4102 Prop.
816 4035 844 4098 7.
852 4034 884 4100 p.
898 4021 940 4100 3.)
947 4040 957 4098 ;
979 4023 1071 4098 elque
1093 4020 1153 4081 solu
1173 4021 1261 4096 dati,

83 4151 136 4195 nun
154 4151 251 4198 auten
271 4155 309 4198 ex
329 4136 448 4200 alterius
468 4137 511 4198 rei
532 4135 670 4212 ellentia,
690 4131 850 4196 necessario
871 4131 1003 4210 sequitur
1024 4131 1098 4212 (per
1117 4131 1208 4210 Prop.
1228 4132 1259 4192 6.

81 4257 109 4322 P·
127 4249 185 4329 3.),
205 4267 240 4313 ut
260 4249 458 4327 unusquisque
478 4247 561 4310 suum
582 4245 638 4308 elie
659 4246 832 4310 conservare
853 4259 987 4306 conetur.
1014 4244 1099 4306 Patet
1121 4257 1260 4320 praetetea

84 4355 139 4420 hec
157 4360 323 4439 leopoldo
341 4379 381 4424 ex
399 4361 512 4424 Coroll.
532 4359 620 4436 Prop.
640 4377 690 4420 αα.
710 4359 800 4436 liujus
821 4357 924 4419 Partis.
945 4359 1021 4418 Nan
1038 4354 1061 4416 ss
1078 4355 1168 4416 hono
1186 4355 1258 4416 alte·
