2934 4900
233 327 271 403 78
656 325 835 388 Ethices
864 325 934 386 Pars
954 324 992 384 11.

234 503 292 564 Dei
313 519 441 565 naturam
463 517 545 566 cetto
567 519 597 564 et
618 502 812 566 determinato
833 504 923 563 modo
944 498 1112 578 exprimunt
1128 497 1200 578 (per
1212 499 1424 576 comaturop.

235 627 283 690 25.
300 629 332 696 p.
356 617 407 696 n).
448 616 599 693 Competit
631 632 701 695 ergo
731 616 799 676 Deo
830 612 903 695 (per
927 602 1022 692 Deflet.
1043 623 1072 688 5.
1095 625 1127 692 p.
1151 612 1192 692 r.)
1224 611 1427 684 attributum,

235 725 319 804 cujus
347 744 524 805 conceptum
545 727 700 807 fingulares
720 743 822 788 omnes
842 723 1041 804 cogitationes
1062 723 1242 800 involvunt,
1261 741 1314 800 per
1335 725 1425 799 quod

235 838 321 900 etiam
342 839 558 918 concipiuntur.
586 839 636 900 Est
657 839 747 920 igitur
767 837 921 917 Cogitatio
941 854 1031 898 unum
1051 853 1090 896 ex
1111 833 1232 896 infinitis
1253 834 1311 895 Dei
1334 833 1426 895 attri-

234 953 330 1029 butis,
352 957 433 1031 quod
453 954 511 1016 Dei
533 969 668 1016 aetentam
689 969 719 1014 et
740 951 882 1015 infinitam
903 949 1053 1013 effentiam
1074 949 1212 1026 exprimit
1232 949 1424 1028 (nid.Defin.

233 1065 263 1126 6.
281 1078 312 1145 p.
337 1065 393 1146 1.),
414 1064 473 1128 stve
494 1065 577 1136 Deus
597 1065 637 1126 est
658 1081 703 1126 res
724 1064 868 1142 cogitans.
911 1064 944 1140 Q.
968 1064 1005 1124 Ε.
1026 1063 1067 1124 D.

698 1225 951 1270 scnoutunt.

274 1320 358 1381 Patet
380 1319 467 1381 etiam
487 1321 549 1381 haec
571 1319 736 1398 Proposttio
758 1339 796 1380 ex
816 1321 890 1396 hoc,
912 1321 994 1397 quod
1015 1337 1070 1380 nos
1091 1315 1240 1394 possumus
1260 1333 1313 1376 ens
1334 1315 1424 1393 cogi·

235 1449 300 1492 tans
321 1431 464 1495 infinitum
487 1432 652 1509 concipere.
692 1434 768 1493 Nam
797 1450 858 1509 quo
882 1431 966 1509 plura
987 1449 1040 1493 ens
1060 1430 1195 1510 cogitans
1216 1428 1313 1505 potest
1334 1427 1422 1505 cogi·

234 1560 311 1620 tate,
339 1563 375 1605 eo
398 1547 462 1621 pius
483 1545 625 1606 realitatis
644 1544 703 1607 sive
725 1543 915 1621 perfetiionis
937 1543 1011 1606 idem
1034 1542 1186 1604 continere
1215 1538 1424 1618 concipimus;
1462 1521 1463 1528 ἵ

235 1673 303 1733 ergo
326 1674 393 1731 cns,
415 1656 496 1732 quod
517 1655 628 1717 infinita
650 1655 772 1717 infinitis
794 1656 889 1718 modis
912 1656 1042 1736 cogitare
1064 1653 1178 1732 potest,
1200 1651 1241 1713 est
1258 1649 1424 1712 neceiiario

235 1768 344 1830 vinnte
376 1768 526 1847 cogitandi
557 1768 710 1830 infinitum.
760 1768 834 1830 Cum
866 1767 966 1845 itaque
978 1813 988 1845 ,
1019 1772 1056 1829 ad
1087 1767 1175 1828 solam
1206 1762 1424 1844 cogitationem

234 1881 431 1953 attendendo,
452 1880 513 1940 Ens
535 1878 678 1941 infinitum
700 1879 918 1956 concipiamus,
939 1881 980 1940 est
1002 1877 1160 1940 necessario
1183 1877 1258 1956 (per
1275 1874 1373 1954 Defin.
1393 1895 1424 1953 4.

233 2004 261 2050 er
280 1993 309 2052 6.
317 2005 348 2070 p.
364 1993 403 2072 1.)
425 1991 577 2070 Cogitatio
600 2011 688 2054 unum
710 2009 748 2053 ex
769 1992 891 2053 infinitis
912 1990 970 2052 Dei
993 1989 1159 2067 attributis,
1182 2004 1215 2049 ut
1236 1989 1424 2048 volebamus.

627 2153 959 2215 Pnouoslulo
989 2153 1027 2214 11.

273 2265 406 2344 Extensso
425 2265 599 2326 attributum
620 2267 678 2326 Drt'
697 2266 751 2343 est,
767 2265 829 2343 stne
848 2268 932 2327 Deus
950 2266 991 2345 est
1010 2285 1060 2325 ret
1081 2264 1209 2342 extensa.
1312 2331 1316 2338 ,

618 2427 999 2473 unuonannnaro

273 2521 361 2598 hujus
382 2525 484 2585 eodem
505 2525 594 2583 modo
616 2522 767 2599 procedit,
788 2541 822 2583 ac
843 2522 1050 2585 demonstratio
1079 2520 1272 2599 praecedentis
1302 2520 1421 2595 Propo-

233 2632 356 2695 fitionis.

618 2716 946 2777 PROPOSITIO
977 2718 1029 2778 111.

272 2824 309 2883 In
336 2825 400 2883 Deo
427 2826 516 2885 datur
543 2826 693 2906 neceffarr'o
718 2829 801 2905 idea,
829 2842 888 2888 tam
915 2829 976 2905 es'us
1003 2828 1140 2906 effentt'ae,
1169 2843 1254 2904 quant
1279 2830 1423 2897 amantem,

234 2954 296 3013 qnae
316 2956 353 2997 ex
371 2936 458 3016 t‘pſsus
477 2937 593 3016 effetatio
612 2940 763 3019 neceffart'o
778 2943 955 3019 sequuntur.

630 3103 1022 3149 Demonsannalo.

232 3309 291 3372 five
323 3310 414 3387 (quod
440 3311 513 3369 idem
542 3310 596 3389 est,
622 3323 678 3389 per
707 3312 797 3390 Prop.
821 3313 867 3373 16.
883 3325 915 3391 p.
941 3310 982 3392 1.)
1011 3309 1106 3371 ideam
1134 3309 1191 3371 suae
1219 3308 1366 3385 essentiae,
1388 3326 1420 3369 et

234 3420 378 3496 omnium,
409 3440 474 3499 quae
506 3419 661 3482 necessario
693 3440 731 3482 ex
762 3440 796 3482 ea
827 3421 1004 3499 sequuntur,
1025 3422 1151 3482 formare
1172 3420 1278 3497 potest.
1318 3422 1420 3497 Atqui

233 3550 318 3595 omne
346 3532 393 3607 id,
421 3536 502 3609 quod
529 3533 559 3593 in
586 3532 645 3593 Dei
672 3534 817 3611 potestate
844 3532 901 3609 est,
922 3531 1077 3595 necessario
1098 3534 1140 3595 est
1160 3532 1234 3611 (per
1253 3536 1343 3613 Prop.
1370 3546 1419 3610 35.

228 3658 259 3723 p.
285 3645 342 3722 t.);
364 3661 433 3721 ergo
455 3646 541 3704 datur
563 3642 717 3713 necessario
740 3643 806 3705 talis
826 3644 908 3719 idea,
930 3659 960 3706 et
981 3644 1054 3726 (per
1074 3646 1163 3724 Prap.
1185 3656 1230 3719 15.
1245 3658 1276 3724 p.
1291 3645 1332 3721 r.)
1355 3664 1420 3705 non

231 3756 282 3816 nisa
304 3756 334 3817 in
356 3756 433 3818 Deo.
477 3758 510 3834 Q.
533 3758 569 3818 E.
592 3759 632 3819 D.

702 3888 903 3931 sctrontu
916 3888 953 3930 nt.

181 3978 185 3996 ¹
270 3980 386 4059 Vulgus
406 3999 458 4057 per
477 3981 536 4043 Dei
557 3980 720 4058 potentiam
741 3982 878 4059 intelligit
899 3982 958 4043 Dei
978 3982 1096 4043 liberam
1112 3982 1357 4055 voiuntatem,et
1367 3982 1418 4058 jos
1462 4026 1463 4029 ,

230 4092 259 4153 in
282 4092 396 4170 omnia,
424 4114 489 4171 qnae
510 4094 592 4170 sunt,
619 4113 744 4172 quaeque
764 4111 919 4172 propterea
941 4094 1133 4156 communiter
1154 4110 1188 4155 ut
1208 4093 1415 4171 contingentia
1462 4124 1463 4129 κ

230 4206 456 4268 considerantur.
475 4208 570 4267 Deum
589 4206 664 4267 enim
682 4207 856 4283 potestatem
874 4208 972 4268 omnia
989 4206 1153 4269 destruendi
1171 4207 1276 4267 habere
1291 4205 1414 4279 dicunt,

228 4336 260 4381 et
282 4319 312 4379 in
333 4318 453 4381 nihilum
474 4318 633 4397 redigendi.
674 4318 732 4377 Dei
753 4336 842 4394 pono
863 4318 1027 4395 potentiam
1049 4336 1115 4379 cunt
1137 4318 1272 4394 potentia
1293 4320 1412 4396 Regum
