2934 4900
321 325 819 413 Theologico·Politici
856 332 1031 415 capxrx.
1077 298 1082 308 ¹
1213 349 1277 419 595

88 508 176 570 licum
197 509 336 573 Rationis
358 514 566 574 documentum
586 512 686 574 haberi
706 512 853 591 potuisse3
874 514 1031 592 Rationis,
1054 514 1191 593 inquam,
1211 535 1277 578 nam

89 620 244 682 Catholica
265 621 383 702 Religio
405 626 536 685 nondum
557 643 595 685 ex
617 625 799 689 revelatione
820 626 1000 689 innotuerat.
1020 628 1166 690 Absolute
1188 628 1279 709 igitur

89 735 309 811 concludimus,
339 736 542 816 Religionem,
573 736 633 800 five
662 756 696 798 ea
717 737 842 800 Lumine
861 740 997 801 Naturali
1017 740 1077 804 live
1097 740 1277 817 Prophetico

88 848 218 910 revelata
242 846 294 925 lit,
322 850 381 912 vim
411 850 539 912 mandati
568 851 699 927 accipere
728 870 766 913 ex
788 851 851 913 solo
880 869 980 915 eorum
1002 855 1139 930 decreto,
1159 854 1212 930 qui
1227 854 1278 930 jus

88 960 248 1036 imperandi
277 960 402 1039 habent;
434 978 466 1023 et
494 964 590 1025 Deum
622 965 732 1025 nullum
763 963 905 1044 srngulare
935 983 1056 1045 regnum
1085 966 1116 1028 in
1144 966 1278 1029 homines

88 1070 212 1149 habere,
243 1071 295 1133 nisa
327 1092 378 1149 per
408 1092 478 1151 eos,
510 1073 561 1151 qui
592 1074 744 1151 imperium
776 1091 889 1138 tenent.
930 1077 1070 1155 Sequitur
1090 1076 1150 1139 hoc
1171 1077 1277 1156 etiam,

89 1202 119 1247 et
150 1185 254 1247 clarius
286 1188 374 1248 etiam
405 1186 596 1267 intelligitur,
627 1207 664 1249 ex
695 1188 781 1251 dictis
802 1188 833 1250 in
855 1190 929 1266 Cap.
949 1209 995 1269 43
1016 1189 1059 1250 ibi
1082 1190 1159 1251 enim
1181 1190 1278 1253 osten·

89 1300 201 1376 dimus,
227 1300 284 1361 Dei
312 1302 428 1362 decreta
459 1315 594 1362 aetemam
615 1300 772 1364 veritatem
793 1316 824 1362 et
845 1303 1039 1364 neceffitaten
1061 1301 1159 1363 omnia
1180 1303 1277 1366 invol-

89 1428 175 1487 vere,
202 1429 257 1472 nec
284 1410 365 1488 polle
394 1412 514 1489 concipi
541 1413 636 1475 Deum
664 1428 805 1491 tanquam
833 1414 995 1490 principem
1016 1414 1065 1477 vel
1085 1412 1276 1493 legissatorem
1361 1398 1365 1404 ’

87 1524 167 1603 leges
196 1523 365 1586 hominibus
396 1526 546 1586 ferentem.
586 1526 776 1608 Quapropter
807 1524 908 1588 divina
940 1528 1138 1601 documenta,
1168 1525 1276 1587 lumine

88 1636 213 1697 naturali
233 1638 282 1699 vel
301 1636 477 1714 prophetico
499 1638 647 1719 revelata,
668 1636 729 1700 vim
749 1636 881 1698 mandati
901 1654 918 1695 a
937 1636 1006 1697 Deo
1028 1634 1194 1698 immediate
1214 1655 1276 1698 non

89 1748 254 1825 accipiunt,
274 1750 323 1811 sed
344 1748 499 1811 necellario
521 1750 558 1810 ab
579 1748 631 1824 iis,
654 1749 702 1812 vel
723 1748 921 1810 mediantibus
931 1746 968 1810 iis
974 1747 1047 1825 ,qui
1055 1747 1105 1824 jus
1116 1748 1277 1824 imperandi

88 1878 119 1923 et
140 1862 307 1925 decretandi
327 1863 456 1939 habent;
485 1866 620 1939 adeoque
641 1879 721 1939 non,
743 1860 796 1922 nili
816 1858 1015 1922 mediantibus
1035 1858 1154 1937 iisdem,
1175 1860 1276 1920 conci-

88 1991 157 2049 pere
179 1972 345 2049 pollumus‚
365 1975 461 2034 Deum
482 1972 510 2033 in
532 1972 667 2033 homines
688 1990 825 2051 regnare,
845 1971 949 2049 resque
966 1971 1107 2033 humanas
1118 1971 1275 2033 secundum

84 2085 227 2163 justitiam
248 2102 279 2147 et
300 2086 470 2163 aequitatem
490 2084 623 2164 dirigere.
644 2084 736 2167 Quod
756 2084 818 2160 ipsa
839 2083 926 2145 etiam
948 2082 1129 2159 experientia
1139 2101 1275 2160 compro·

85 2199 190 2273 batur;
219 2216 283 2259 nam
312 2197 390 2259 nulla
414 2195 521 2259 divinae
539 2194 659 2272 justitiae
686 2194 808 2273 vestigia
835 2194 1037 2272 reperiuntur,
1061 2194 1113 2255 nifi
1134 2195 1187 2257 ubi
1205 2195 1275 2272 justi

86 2325 227 2390 regnant;
255 2310 325 2371 alias
354 2310 403 2389 (ut
431 2308 596 2371 Salomonis
624 2310 714 2371 verba
735 2308 841 2369 iterum
861 2308 1008 2387 repetam)
1030 2310 1156 2369 eundem
1177 2307 1274 2369 casum

82 2422 165 2500 justo
186 2442 220 2484 ac
241 2421 365 2500 injust0,
386 2440 461 2499 puro
482 2440 515 2483 ac
537 2421 652 2498 impuro
675 2418 847 2500 contingere
868 2418 1023 2495 videmus;
1050 2421 1134 2496 quod
1155 2417 1274 2496 quidem

86 2535 247 2612 plurimos,
267 2535 318 2613 qui
339 2537 434 2596 Deum
457 2534 487 2596 in
507 2533 642 2595 homines
664 2531 830 2594 immediate
851 2550 987 2611 regnare,
1008 2547 1039 2593 et
1060 2547 1155 2595 totam
1176 2535 1273 2594 Natu·

85 2667 146 2709 ram
157 2647 187 2708 in
199 2665 298 2709 eorum
320 2646 402 2710 usum
423 2645 545 2725 dirigere
566 2646 727 2721 putabant,
748 2646 786 2705 de
807 2643 908 2706 divina
929 2643 1118 2719 providentia
1139 2643 1274 2705 dubitare

84 2759 169 2822 fecit.
210 2759 285 2821 Cum
305 2759 405 2837 itaque
426 2773 485 2819 tam
507 2757 686 2834 experientia
716 2775 803 2834 quam
825 2755 957 2817 Ratione
978 2756 1108 2831 constet,
1125 2755 1175 2831 jus
1197 2755 1274 2818 divi-

84 2891 157 2935 num
178 2892 194 2934 a
215 2873 278 2934 solo
299 2875 419 2934 decreto
440 2871 611 2932 summarum
631 2870 809 2945 potestatum
831 2870 976 2944 pendere,
996 2867 1143 2944 sequitur,
1160 2866 1274 2930 easdem

85 2985 174 3047 etiam
196 2983 323 3068 ejusdem
344 2983 398 3046 esse
419 2983 604 3060 interpretes.
646 2982 713 3064 Qua
734 2995 833 3042 autern
862 2980 993 3056 ratione,
1011 2980 1070 3057 jam
1091 2980 1275 3058 videbimus;

84 3115 153 3158 nam
175 3112 290 3173 tempus
311 3095 365 3172 est,
386 3109 420 3156 ut
441 3094 641 3169 ostendamus,
662 3095 775 3156 cultum
796 3091 947 3171 religionis
965 3107 1175 3169 externum,et
1187 3111 1273 3156 omne

83 3207 207 3286 pietatis
235 3207 425 3282 exercitium,
451 3205 618 3283 reipublicae
648 3206 715 3284 paci
737 3221 769 3267 et
788 3203 1007 3268 conservationi
1029 3205 1136 3266 debere
1157 3221 1272 3266 accom-

83 3321 214 3396 nodari,
237 3319 257 3380 sr
277 3322 353 3382 recte
374 3321 441 3381 Deo
464 3322 665 3396 obtemperare
687 3319 821 3383 velimus.
861 3320 930 3380 Hoc
951 3333 1050 3380 autem
1075 3318 1272 3381 demonstrato

82 3431 171 3494 facile
193 3431 404 3511 intelligemus,
425 3450 483 3509 qua
503 3432 618 3494 ratione
639 3431 755 3492 summae
776 3430 939 3508 potestates
959 3430 1135 3508 interpretes
1154 3429 1272 3508 religio·

82 3544 132 3606 nis
153 3557 184 3604 et
205 3541 324 3618 pietatis
344 3539 409 3604 srnt.

124 3655 246 3716 Certum
274 3655 331 3730 eil,
359 3657 441 3731 quod
468 3653 564 3730 pietas
593 3672 660 3734 erga
687 3653 812 3716 Patriam
841 3655 949 3716 summa
978 3653 1029 3731 lit,
1058 3673 1145 3732 quam
1166 3654 1272 3733 aliquis

81 3769 216 3847 praestare
249 3767 362 3844 potest;
390 3786 473 3844 nam,
494 3767 609 3829 sublato
631 3767 770 3845 imperio,
798 3767 872 3829 nihil
892 3766 965 3828 boni
986 3766 1084 3844 potest
1104 3767 1272 3844 consistere,

80 3883 134 3944 sed
156 3879 254 3943 omnia
275 3881 305 3941 in
327 3879 478 3942 discrimen
500 3879 641 3958 veniunt,
660 3895 690 3942 et
708 3881 768 3942 sola
790 3881 831 3942 ira
853 3895 884 3942 et
905 3880 1040 3956 impietas
1061 3880 1187 3942 maximo
1208 3899 1272 3942 om·

81 3993 164 4057 nium
186 4009 267 4054 metu
286 4007 404 4072 regnat3
426 3995 503 4054 unde
525 3991 666 4069 sequitur,
688 3991 761 4053 nihil
781 3991 918 4069 proximo
935 3991 1016 4068 pium
1034 3991 1159 4067 praestari
1176 3989 1273 4068 posse,

81 4106 166 4182 quod
189 4122 250 4165 non
271 4103 391 4180 impium
411 4103 463 4179 fit,
484 4102 504 4163 li
524 4103 592 4165 inde
615 4106 750 4165 damnum
771 4101 867 4164 totius
887 4101 1055 4178 reipublicae
1076 4101 1224 4179 sequatur,
1241 4115 1272 4162 et

79 4228 188 4275 contra
210 4211 283 4273 nihil
301 4211 330 4273 in
349 4215 473 4273 eundem
491 4211 611 4290 impium
631 4211 793 4287 committi,
810 4214 893 4288 quod
909 4211 1015 4287 pietati
1035 4229 1096 4272 non
1117 4211 1272 4287 tribuatur,

78 4325 103 4388 sr
124 4340 249 4402 propter
270 4323 437 4401 reipublicae
460 4323 714 4387 conservationem
735 4325 796 4385 fiat.
837 4323 894 4384 Ex.
914 4340 956 4402 gr.
978 4322 1058 4399 pium
1079 4323 1137 4401 cst,
1157 4322 1202 4401 ei,
1219 4321 1271 4400 qui
