2934 4900
390 342 448 403 De
486 335 716 403 Servitute
756 336 950 399 Humana.
1204 352 1261 401 aot

65 518 167 595 dixit,
191 520 251 598 Qus·
268 531 358 595 auget
371 519 544 596 sciendam,
567 527 657 591 auget
680 514 811 575 dolorem
851 514 954 592 Atque
978 512 1042 577 haec
1063 532 1125 577 non
1145 532 1212 577 eum
1232 514 1263 576 in

65 634 160 694 finem
179 632 266 707 dico,
285 646 321 693 ot
340 630 409 693 inde
430 630 617 705 concludam,
638 624 829 703 praestabilius
847 624 902 687 elie
919 626 1053 707 ignorare
1071 645 1157 705 quam
1178 625 1263 703 scire,

69 746 123 806 vel
143 745 227 821 quod
245 743 336 806 stulto
356 741 521 821 intelligens
542 740 573 802 in
594 738 780 801 moderandis
802 738 954 803 affestibus
975 738 1048 802 nihil
1065 738 1195 819 intersit,
1212 739 1262 803 sed

69 858 143 918 ideo
171 856 242 933 quia
268 854 381 917 necesse
402 854 459 931 est,
479 853 583 915 nostrae
604 868 717 914 naturae
738 866 797 913 tam
818 852 985 929 potentiam
1006 870 1093 930 quam
1114 852 1262 931 impoten-

70 968 144 1030 tiam
174 968 312 1045 noscete,
343 982 376 1028 ut
407 964 598 1028 determinare
628 965 782 1041 possmus,
812 964 884 1043 quid
912 964 1004 1028 Ratio
1026 964 1056 1026 in
1077 965 1263 1029 moderandis

70 1072 228 1143 affenibus
245 1081 348 1159 poffit,
369 1077 494 1155 etquid
514 1094 576 1139 non
597 1078 698 1153 poliit;
719 1093 751 1138 et
772 1076 802 1138 in
824 1076 878 1138 hac
899 1077 983 1141 Parte
1005 1080 1041 1139 de
1062 1077 1122 1140 sola
1137 1078 1262 1141 humana

70 1192 251 1273 impotentia
277 1210 323 1254 ne
349 1193 479 1255 adiutum
505 1189 578 1253 dixi.
617 1189 694 1253 Nam
715 1191 752 1252 de
774 1188 914 1253 Rationis
934 1188 965 1253 in
986 1190 1106 1253 affalius
1127 1192 1264 1268 potentia

69 1302 228 1384 separatim
248 1322 333 1385 agere
353 1302 504 1365 constitui.

429 1476 760 1539 PROPOSITIO
801 1474 911 1535 XVIII.

114 1592 290 1673 Cupiditas,
317 1610 381 1670 quae
400 1611 437 1651 ex
457 1591 580 1651 Laett'u‘a
601 1592 710 1666 oritur,
729 1590 841 1649 caetert's
857 1586 1000 1668 parisus,
1013 1586 1128 1663 sortior
1148 1585 1185 1663 est
1207 1584 1263 1644 Cu·

68 1708 219 1785 piditate,
238 1722 302 1783 qus
320 1724 359 1763 ex
384 1703 520 1781 Tristitia
539 1705 646 1762 oritur.

470 1864 866 1909 nunonsrnnutu

115 1961 274 2039 Cupiditas
305 1961 346 2021 est
376 1960 437 2037 ipsa
466 1958 595 2020 hominis
627 1957 746 2019 edentia
775 1958 850 2038 (per
880 1973 905 2019 1.
925 1956 1029 2036 Affed.
1059 1958 1187 2038 Basta),
1205 1958 1265 2019 hoc

75 2074 116 2135 est
145 2072 223 2152 (per
253 2074 342 2152 Prop.
363 2087 392 2149 7.
419 2085 451 2152 p.
474 2072 517 2151 3.)
548 2086 695 2148 conatus,
723 2088 785 2147 quo
816 2070 907 2131 homo
937 2070 968 2132 in
998 2069 1052 2131 suo
1083 2068 1138 2129 elle
1169 2068 1265 2147 perse·

76 2202 180 2249 verare
218 2198 351 2245 conatur.
391 2185 490 2266 Quare
525 2182 703 2259 Cupiditas,
739 2200 805 2258 quae
837 2200 874 2243 ex
905 2181 1025 2243 Laetitia
1056 2179 1168 2257 oritur,
1200 2181 1264 2257 ipso

76 2294 207 2357 Laetitiae
235 2295 342 2357 affeltu
369 2295 443 2375 (per
469 2295 564 2373 Defin.
586 2294 730 2371 Latitiae,
750 2312 837 2372 quam
856 2296 924 2353 uide
943 2299 976 2353 in
994 2292 1085 2355 Schol.
1106 2295 1195 2374 Prop.
1220 2312 1265 2355 11.

72 2422 105 2488 p.
127 2408 173 2487 3.)
199 2406 324 2484 juvatur
353 2408 403 2473 vel
433 2421 573 2488 augetur3
604 2425 670 2485 qua
698 2423 796 2469 autem
825 2423 928 2469 contra
949 2424 986 2467 ex
1006 2405 1137 2468 Tristitia
1158 2405 1267 2484 oritur,

75 2521 141 2599 ipso
161 2520 301 2581 Tristitia
322 2519 429 2582 affeetu
451 2520 524 2602 (per
540 2521 615 2580 idem
625 2519 736 2600 Sahal.)
758 2519 899 2583 minuitur
919 2521 967 2585 vel
988 2526 1155 2598 coercetun
1177 2536 1266 2598 atque

75 2637 152 2696 adeo
175 2633 222 2697 vis
242 2631 442 2710 cupiditatis,
463 2653 529 2711 quae
551 2652 589 2694 ex
609 2632 729 2695 Latitia
751 2633 864 2710 oritur,
884 2634 1021 2712 potentia
1040 2633 1166 2697 humana
1185 2633 1266 2696 simul

74 2765 105 2809 et
128 2746 268 2824 potentii
296 2747 391 2809 causa
421 2763 567 2824 externa,
598 2765 665 2824 qua
696 2763 793 2808 autem
825 2765 862 2808 ex
893 2747 1041 2826 Tristitia,
1060 2746 1122 2809 soll
1141 2747 1266 2809 humani

77 2858 217 2939 potentii
236 2858 349 2922 deliniri
370 2861 477 2936 debet3
497 2877 530 2920 ac
551 2857 676 2936 proinde
696 2857 751 2919 hac
772 2857 821 2919 illa
842 2859 948 2922 fortior
968 2860 1018 2922 est.
1061 2861 1095 2937 Q.
1117 2861 1154 2921 E.
1173 2860 1215 2922 D.

545 3020 751 3065 scuoutu
765 3021 830 3064 tu·

116 3115 176 3176 His
205 3114 307 3191 paucis
338 3113 473 3176 humana
504 3114 689 3191 impotentia
720 3129 751 3176 et
782 3113 983 3177 inconstantia
1014 3113 1131 3191 causas,
1158 3129 1189 3176 et
1216 3134 1268 3177 cut

77 3228 215 3290 homines
245 3225 385 3289 Rationis
421 3243 568 3304 pracepta
598 3245 659 3289 non
690 3228 827 3300 servent,
857 3227 995 3305 explicui.
1025 3227 1160 3305 superest
1187 3229 1246 3306 jam
1257 3275 1267 3306 ,

79 3356 112 3402 ut
141 3339 310 3416 ostendam,
336 3339 408 3416 quid
438 3339 469 3402 id
496 3340 548 3412 stt,
579 3342 662 3416 quod
682 3340 774 3402 Ratio
795 3340 882 3403 nobis
902 3339 1079 3418 praescribit,
1099 3356 1128 3402 et
1150 3341 1267 3419 quinam

79 3452 203 3516 assessus
233 3471 300 3514 cum
331 3451 472 3514 Rationis
501 3451 635 3514 humanae
666 3452 773 3532 tegulis
804 3453 1001 3529 conveniant,
1027 3454 1145 3530 quinam
1166 3468 1269 3516 contra

80 3565 182 3628 iisdem
210 3563 348 3626 contrarii
374 3564 439 3626 sint.
480 3566 538 3627 Sed
559 3580 715 3642 antequam
736 3566 798 3627 haec
819 3565 937 3643 prolixo
957 3565 1055 3627 nostro
1077 3565 1268 3628 Geometrico

80 3677 186 3740 ordine
207 3677 403 3738 demonstrate
424 3674 580 3755 incipiam,
600 3677 683 3738 lubet
703 3677 764 3754 ipsa
786 3675 924 3739 Rationis
944 3676 1098 3740 didamina
1118 3677 1166 3740 hic
1187 3677 1268 3754 prius

79 3789 212 3854 brevitet
232 3790 401 3865 ostendere,
420 3805 455 3852 ut
476 3808 510 3850 ea
520 3833 531 3865 ,
553 3808 619 3866 quae
640 3788 736 3850 sentio
746 3833 756 3864 ,
779 3787 892 3850 facilius
913 3791 949 3849 ab
970 3806 1153 3868 unoquoque
1173 3789 1267 3869 perci-

79 3904 210 3981 piantur.
251 3902 328 3963 Cum
356 3901 449 3964 Ratio
477 3899 549 3963 nihil
577 3917 680 3963 contra
707 3901 850 3962 Naturam
879 3901 1022 3979 postulet,
1048 3903 1177 3980 postulat
1198 3921 1267 3985 ergo

80 4017 160 4094 ipsa,
189 4029 223 4076 ut
252 4012 453 4092 unusquisque
485 4011 608 4090 seipsum
637 4029 730 4089 amet,
759 4013 840 4075 suum
863 4012 952 4089 utile,
973 4015 1055 4091 quod
1075 4033 1174 4078 revera
1195 4015 1268 4078 utile

81 4127 139 4204 est,
168 4140 298 4203 quaint,
326 4139 358 4186 et
385 4124 416 4188 id
443 4143 547 4201 omne,
575 4128 657 4202 quod
677 4125 824 4187 hominem
845 4127 881 4188 ad
902 4123 1039 4204 majorem
1059 4125 1268 4205 perfectionem

83 4257 185 4303 revera
206 4237 307 4314 ducit,
326 4252 466 4315 appetat,
486 4254 517 4298 et
538 4236 687 4314 absolute,
708 4255 743 4300 ut
763 4237 961 4317 unusquisque
982 4239 1064 4304 suum
1085 4238 1155 4316 esse,
1175 4259 1267 4318 quan-

83 4368 145 4414 tum
172 4350 204 4414 in
232 4350 262 4412 se
289 4351 347 4428 est,
374 4351 547 4414 conservare
574 4365 708 4414 conetur.
749 4353 840 4436 Quod
871 4351 990 4431 quidem
1020 4368 1079 4416 tant
1110 4351 1267 4418 necessario
