2934 4900
176 334 239 405 554
649 324 890 383 Tractatut

177 518 207 562 et
235 503 317 578 quod
344 518 431 561 nenro
455 499 569 576 potest,
590 499 762 575 prohibere3
783 516 844 559 non
866 498 1098 575 contentiones,
1118 516 1178 559 nort
1201 496 1290 573 odia,
1311 514 1373 557 non

177 612 261 688 iram,
283 631 342 673 non
365 613 468 687 dolos,
489 630 543 672 nec
563 610 696 672 absolute
719 610 830 688 aliquid
848 613 930 688 quod
941 610 1107 687 Appetitus
1116 609 1220 673 suadet
1231 608 1371 671 aversari.

177 728 241 785 Nec
271 724 389 800 mirum,
422 742 487 784 nam
518 726 632 785 Natura
662 741 721 784 non
742 722 858 802 legibus
885 724 1018 785 humanae
1040 722 1196 799 Rationis,
1218 740 1287 799 quae
1309 741 1371 783 non

177 834 228 897 niii
248 836 398 897 hominum
421 853 522 898 verum
543 835 617 896 utile
641 849 671 895 et
690 834 943 898 conservationem
960 833 1375 910 intendunt,intercludinrr,

177 952 227 1013 sed
258 950 380 1013 infinitis
411 950 492 1027 aliis,
524 970 590 1028 quae
622 950 719 1012 totius
750 952 889 1026 Naturae,
921 950 1006 1027 cujus
1036 950 1127 1011 homo
1148 948 1295 1025 particula
1316 948 1374 1025 est,

178 1078 317 1125 aeternum
345 1062 476 1124 ordinem
504 1060 680 1138 respiciunt3
702 1081 740 1123 ex
760 1062 846 1139 cuius
867 1062 927 1124 sola
948 1062 1113 1123 necessitate
1135 1060 1234 1123 omnia
1260 1060 1374 1123 indivi-

178 1180 235 1238 dua
254 1190 336 1237 certo
358 1178 447 1237 modo
477 1174 706 1237 determinantur
735 1177 772 1236 ad
800 1174 982 1235 existendum
1000 1190 1032 1235 et
1053 1176 1243 1251 operandum.
1276 1172 1372 1256 Quic-

179 1290 250 1368 quid
271 1307 340 1369 ergo
361 1288 448 1351 nobis
469 1288 500 1349 in
520 1290 634 1349 Natura
655 1287 828 1363 ridiculum,
849 1287 1020 1363 absurdum,
1042 1303 1093 1349 aut
1113 1289 1219 1348 malum
1240 1286 1374 1361 videtur,

179 1404 209 1465 id
229 1403 297 1464 inde
318 1402 419 1477 venit,
440 1403 522 1478 quod
542 1418 589 1461 res
609 1416 723 1461 tanturn
746 1419 784 1461 ex
806 1416 888 1476 parte
906 1401 1058 1476 novimus,
1077 1400 1229 1477 totiusque
1247 1402 1373 1461 Naturae

179 1514 309 1577 ordinem
331 1528 361 1574 et
382 1513 586 1575 cohaerentiam
606 1512 730 1573 maxima
751 1532 789 1572 ex
810 1528 893 1589 parte
915 1512 1099 1591 ignoramus,
1120 1529 1151 1574 et
1169 1514 1253 1589 quod
1270 1512 1372 1573 omnia

179 1646 216 1687 ex
237 1624 290 1687 usu
318 1625 421 1687 nostrae
442 1622 582 1686 Rationis
609 1622 693 1703 dirigi
715 1626 869 1700 volumus;
897 1643 964 1685 cum
984 1641 1081 1685 tamen
1102 1624 1151 1700 id,
1171 1626 1256 1701 quod
1277 1625 1373 1685 Ratio

179 1738 282 1798 malum
304 1736 358 1799 esse
379 1736 487 1812 didat,
508 1754 568 1797 non
590 1737 694 1797 maium
717 1735 753 1796 fit
774 1736 907 1812 respedu
927 1736 1039 1798 ordinis
1059 1752 1090 1797 et
1110 1737 1207 1815 legum
1224 1736 1373 1798 universa

177 1852 315 1925 Naturae,
336 1851 385 1911 sed
404 1864 519 1911 tantum
540 1848 630 1910 solius
651 1850 755 1911 nostrae
777 1865 887 1911 naturae
908 1850 1005 1929 legum
1024 1850 1164 1926 respedu.

219 1964 328 2023 Verum
360 1961 436 2021 eninr
457 1979 551 2037 vero,
572 1976 684 2037 quanto
715 1960 751 2022 fit
771 1960 940 2023 hominibus
967 1961 1087 2036 utilius,
1108 1962 1268 2022 secundum
1290 1963 1373 2040 leges

177 2088 210 2134 et
240 2089 319 2134 certa
350 2074 453 2135 nostrae
485 2072 623 2134 Rationis
656 2072 810 2135 didiamina
831 2073 950 2150 vivere,
971 2092 1053 2150 quae,
1074 2073 1119 2133 uti
1140 2072 1290 2149 diximus,
1313 2092 1374 2134 nou

179 2184 231 2246 nist
253 2203 352 2247 vemm
373 2184 524 2246 hominurn
546 2185 618 2247 utile
639 2185 815 2261 intendunt,
836 2202 922 2246 nemo
942 2185 1041 2261 potest
1061 2184 1206 2246 dubitare.
1228 2186 1375 2246 Praeterea

179 2297 277 2357 nullus
306 2296 364 2372 est,
392 2298 443 2374 qui
473 2316 532 2358 non
561 2297 662 2373 cupiat
682 2296 782 2358 secure
803 2312 886 2359 extra
905 2313 1032 2373 metum,
1053 2300 1152 2374 quoad
1172 2297 1236 2358 fieti
1257 2299 1374 2374 potest,

179 2406 298 2484 vivere;
329 2410 411 2485 quod
442 2425 539 2471 tamen
570 2408 686 2472 minime
707 2410 806 2487 potest
835 2410 1022 2491 contingere,
1043 2410 1182 2488 quamdiu
1207 2412 1374 2490 unicuique

181 2520 217 2580 ad
237 2517 362 2580 lubitum
381 2519 478 2580 omnia
499 2521 595 2581 facere
616 2521 701 2596 licet,
722 2540 777 2583 nec
798 2523 865 2598 plus
882 2521 956 2598 joris
977 2521 1119 2598 Rationi,
1139 2540 1228 2598 quam
1250 2523 1327 2583 odio
1344 2539 1374 2582 et

179 2631 228 2692 irae
249 2631 436 2708 conceditur;
458 2651 522 2693 nam
543 2635 640 2695 nullus
660 2635 717 2710 est,
739 2634 790 2711 qui
811 2634 888 2694 inter
909 2633 1093 2709 inimicitias,
1114 2633 1183 2696 odia
1190 2678 1200 2709 ,
1229 2634 1321 2712 iram,
1344 2652 1374 2695 et

180 2743 266 2804 dolos
296 2763 356 2805 non
388 2743 474 2805 anxie
506 2743 612 2820 vivat,
644 2763 770 2821 quaeque
801 2748 894 2822 adeo,
925 2760 1068 2821 quantum
1098 2744 1128 2805 in
1145 2747 1188 2822 ¹se
1218 2745 1281 2822 est,
1313 2767 1372 2808 non

180 2869 304 2916 conetur
331 2855 434 2918 vitare.
475 2857 567 2938 Quod
595 2855 615 2916 sr
644 2855 731 2918 etiam
761 2856 991 2933 confideremus,
1019 2856 1153 2918 homines
1175 2858 1290 2935 absque
1311 2879 1372 2921 mu·

180 2983 234 3028 tuo
256 2967 366 3029 auxilio
396 2967 547 3029 miserrime
571 2983 600 3029 et
622 2968 730 3046 absque
753 2969 892 3031 Rationis
913 2971 997 3031 cultu
1016 2968 1173 3031 neceiiario
1194 2969 1320 3047 vivere,
1341 2987 1373 3032 ut

180 3080 211 3141 in
232 3079 305 3157 Cap.
334 3092 362 3155 5.
391 3081 587 3157 ostendimus,
615 3081 761 3142 clarissime
787 3082 969 3158 videbimus,
996 3082 1133 3144 homines
1161 3084 1197 3143 ad
1219 3082 1324 3145 secure
1344 3101 1374 3144 et

182 3191 293 3268 optime
314 3191 473 3254 vivendum
494 3192 652 3255 neceffario
673 3193 702 3253 in
726 3213 815 3256 unum
837 3194 1000 3270 conspirare
1021 3192 1169 3269 debuiffe,
1189 3213 1225 3255 ac
1246 3197 1374 3270 proinde

182 3303 323 3380 effeciffe,
354 3321 387 3366 ut
414 3305 481 3381 jus,
513 3309 595 3382 quod
628 3305 825 3384 unusquisque
857 3325 894 3367 ex
915 3308 1028 3368 Natura
1049 3310 1087 3368 ad
1107 3305 1206 3368 omnia
1226 3307 1374 3381 habebat,

183 3417 337 3478 collediive
356 3417 513 3494 haberent,
534 3436 630 3494 neque
653 3417 776 3492 amplius
798 3434 835 3477 ert
856 3417 887 3479 vi
909 3434 939 3479 et
967 3417 1104 3494 appetitu
1123 3418 1374 3496 uniuscujusque,

181 3530 230 3590 sed
262 3549 299 3590 ex
331 3529 460 3590 omnium
491 3527 572 3591 srmul
600 3529 736 3606 potentia
758 3546 788 3590 et
809 3532 965 3591 voluntate
985 3530 1238 3592 determinaretur.
1280 3532 1375 3614 Quod

181 3657 277 3702 tamen
300 3642 399 3703 frustra
421 3640 594 3718 tentaffent,
615 3641 653 3718 sr,
673 3640 724 3702 nifi
747 3643 830 3717 quod
851 3642 1003 3717 appetitus
1024 3642 1143 3718 suadet,
1163 3641 1247 3720 sequi
1259 3645 1373 3706 veilent

182 3751 234 3834 (ex
260 3751 374 3831 legibus
402 3753 478 3813 enim
508 3753 658 3831 appetitus
688 3752 885 3830 unusquisque
915 3755 1029 3828 diverse
1055 3755 1214 3834 trahitur);
1235 3759 1374 3834 adeoque

182 3862 329 3924 firmiffime
358 3863 482 3925 statuere
511 3879 541 3926 et
570 3863 675 3940 pacisci
704 3866 885 3941 debuerunt,
906 3883 943 3926 ex
965 3866 1028 3926 solo
1050 3864 1190 3927 Rationis
1215 3867 1375 3930 didamine

184 3975 247 4052 (cui
266 3993 352 4037 nemo
375 3993 474 4052 aperte
495 3995 655 4056 repugnare
677 3979 784 4055 audet,
804 3996 841 4039 ne
863 3993 960 4039 mente
981 3997 1077 4040 carere
1099 3979 1251 4060 videatur)
1274 3983 1376 4043 omnia

183 4087 321 4166 dirigere,
342 4103 371 4149 et
394 4090 574 4166 appetitum.
596 4105 743 4167 quatenus
771 4089 801 4150 in
823 4092 958 4152 damnum
980 4091 1100 4152 alterius
1117 4090 1231 4168 aliquid
1251 4093 1378 4168 suadet,

183 4201 319 4274 fraenare,
340 4201 507 4280 neminique
538 4204 651 4279 facere,
673 4205 755 4280 quod
776 4202 829 4264 srbi
849 4203 909 4264 fieri
930 4221 992 4264 non
1012 4205 1093 4281 vult,
1111 4204 1221 4282 iusque
1243 4207 1376 4283 denique

184 4306 302 4369 alterius
333 4323 470 4386 tanquam
501 4312 583 4374 suum
614 4314 780 4374 defendere.
821 4314 888 4395 Qua
919 4329 1016 4375 autem
1037 4313 1152 4377 ratione
1173 4318 1291 4392 paetum
1312 4317 1376 4378 hoc
