2934 4900
188 315 247 376 608
665 309 901 373 Tractatus

188 490 300 553 tionem
320 489 405 550 facile
425 488 456 549 in
476 488 585 549 rabiem
605 502 733 563 mutare,
762 503 792 548 et
812 488 843 548 in
864 505 942 565 quos
964 486 1071 550 volunt
1091 487 1225 568 instigare
1246 487 1384 564 poii'unt.

188 605 232 664 At
253 617 366 680 quanto
386 601 476 663 satius
496 602 589 677 foret,
610 600 692 679 vulgi
712 601 782 661 irarn
803 615 835 662 et
855 601 983 662 furorem
1012 600 1166 678 cohibere,
1188 621 1277 678 quam
1297 603 1384 682 leges

188 714 308 776 inutiles
335 712 477 789 statuere,
504 731 570 788 quae
599 711 705 775 violari
732 730 794 774 non
823 711 940 788 poliunt
968 713 1019 774 nisr
1046 716 1081 774 ab
1103 714 1155 790 iis,
1177 715 1229 791 qui
1249 715 1381 778 virtutes

189 843 219 887 et
250 841 327 887 artes
357 841 471 900 amant,
503 840 533 886 et
566 825 789 902 Rempublicam
810 827 840 887 in
862 843 971 889 tantam
992 828 1149 908 angustiam
1169 828 1324 907 redigere,
1346 843 1379 889 ut

187 942 269 1005 viros
299 942 444 1022 ingenuos
475 941 613 1004 sustinere
644 960 704 1003 non
736 942 847 1018 poiht?
874 943 956 1025 Quid
976 944 1053 1004 enim
1073 943 1166 1019 majus
1188 942 1378 1018 Reipublicae

188 1056 292 1116 malurn
321 1054 483 1132 excogitari
511 1053 625 1130 potest,
647 1071 734 1129 quam
755 1056 837 1130 quod
859 1053 914 1116 viri
936 1054 1066 1130 honesti,
1088 1053 1156 1130 quia
1177 1053 1291 1116 diversa
1313 1053 1378 1114 sen·

187 1166 283 1243 tiunt,
304 1181 335 1226 et
355 1165 485 1227 {imulare
513 1164 663 1241 nesciunt,
693 1180 833 1242 tanquam
854 1164 979 1241 improbi
1001 1166 1031 1227 in
1054 1165 1172 1227 exilium
1196 1165 1378 1226 mittantur?

189 1279 277 1356 quid,
298 1277 434 1354 inquam,
460 1279 551 1356 magis
579 1276 794 1354 perniciosum,
822 1296 908 1354 quam
929 1281 1011 1355 quod
1031 1278 1181 1356 homines,
1202 1280 1242 1337 ob
1265 1279 1376 1339 nullum

188 1391 282 1453 scelus
312 1409 407 1467 neque
438 1390 568 1466 facinus,
600 1389 650 1450 sed
681 1390 750 1467 quia
777 1389 903 1451 liberalis
931 1390 1041 1470 ingenii
1062 1390 1129 1452 sunt
1136 1435 1145 1465 ,
1167 1408 1221 1467 pro
1241 1390 1377 1452 hostibus

188 1504 365 1577 habeantur,
396 1516 427 1563 et
457 1503 495 1562 ad
526 1519 626 1562 necem
658 1503 821 1578 ducantur,
852 1517 883 1562 et
905 1504 987 1578 quod
1007 1501 1132 1579 catasta,
1152 1503 1295 1563 malorum
1317 1504 1375 1562 for-

189 1615 285 1692 mido,
313 1613 536 1691 pulcherrimum
554 1615 606 1674 fiat
628 1614 773 1675 theatrum
795 1617 831 1676 ad
859 1614 997 1676 summum
1019 1615 1182 1676 tolerantia
1202 1631 1234 1675 et
1255 1615 1376 1678 virtutis

187 1728 351 1803 exemplum
372 1745 438 1787 curn
459 1725 562 1804 insrgni
584 1725 741 1803 majestatis
770 1727 933 1803 opprobrio
955 1727 1184 1789 ostentandam?
1215 1728 1276 1808 Qui
1299 1727 1375 1788 eninr

189 1840 218 1901 se
244 1840 384 1902 honestos
411 1853 538 1915 norunt,
564 1855 687 1900 mortem
716 1854 750 1900 ut
771 1839 879 1900 scelesti
901 1859 961 1901 non
983 1840 1104 1918 timent,
1126 1859 1179 1901 nec
1200 1839 1375 1916 supplicium

189 1954 401 2029 deprecantur;
439 1969 539 2012 eorum
577 1951 689 2029 quippe
720 1951 833 2013 animus
865 1954 943 2013 nulla
974 1952 1069 2029 turpis
1099 1953 1168 2014 fabii
1200 1952 1376 2026 penitentia

189 2067 321 2146 angitur,
352 2065 402 2126 sed
433 2079 536 2126 contra
565 2063 735 2141 honestum,
767 2082 827 2125 non
859 2064 1032 2141 supplicium
1064 2079 1187 2141 putant,
1219 2081 1272 2140 pro
1296 2066 1374 2124 bona

188 2176 273 2238 causa
310 2176 403 2252 mori,
433 2192 464 2238 et
494 2193 548 2252 pro
579 2175 715 2236 libertate
747 2174 914 2254 gloriosum.
955 2175 1037 2257 Quid
1067 2193 1136 2255 ergo
1170 2174 1271 2237 talium
1304 2193 1376 2236 nece

188 2290 314 2365 exempli
344 2289 495 2364 statuitur,
527 2286 612 2364 cujus
644 2287 757 2349 causant
789 2287 896 2349 inertes
919 2303 948 2348 et
970 2287 1067 2348 animo
1088 2287 1268 2364 impotentes
1291 2287 1377 2366 igno·

187 2417 268 2479 rant,
298 2399 425 2463 seditiosr
457 2401 600 2476 oderunt,
630 2415 661 2462 et
691 2399 805 2461 honesti
837 2401 958 2463 amant?
990 2419 1075 2463 nemo
1108 2400 1174 2463 sane
1206 2419 1244 2461 ex
1276 2403 1377 2463 eadem

188 2514 351 2590 exemplum
370 2531 472 2589 capere
490 2512 604 2589 potest,
616 2512 667 2573 nisr
678 2516 715 2574 ad
732 2512 921 2591 imitandum,
933 2513 1088 2577 velsaltem
1100 2516 1136 2576 ad
1147 2516 1323 2576 adulandum
1347 2516 1377 2575 *.

227 2629 275 2687 Ne
306 2626 406 2703 itaque
437 2622 608 2699 assentati0,
638 2624 688 2685 sed
720 2640 754 2686 ut
785 2626 856 2685 fides
888 2625 919 2685 in
950 2625 1047 2701 pretio
1079 2626 1131 2701 stt,
1152 2642 1182 2687 et
1204 2642 1238 2688 ut
1260 2626 1377 2687 summa

188 2740 348 2817 potestates
369 2738 518 2815 imperium
540 2738 653 2815 optime
674 2738 836 2815 retineant,
858 2758 911 2800 nec
933 2738 1076 2800 seditioiis
1096 2742 1199 2802 cedere
1220 2758 1377 2820 cogantur,

91 2926 94 2934 1
184 2850 289 2928 judicii
319 2850 439 2910 libertas
469 2848 627 2911 necessario
660 2852 849 2912 concedenda
881 2850 938 2928 est,
969 2866 999 2912 et
1029 2851 1163 2913 homines
1194 2853 1236 2913 ita
1256 2854 1376 2932 regendi

187 2962 270 3038 sunt,
301 2976 353 3037 ut,
380 2962 514 3038 quamvis
543 2961 656 3024 diversa
684 2977 714 3022 et
744 2961 888 3023 contraria
910 2964 1002 3039 palam
1024 2962 1167 3041 sentiant,
1189 2964 1378 3026 concorditer

187 3090 285 3135 tamen
314 3074 429 3136 vivant.
459 3076 524 3135 Nec
556 3074 690 3135 dubitare
722 3074 888 3151 poiiumus,
922 3075 992 3152 quin
1024 3076 1086 3136 haec
1118 3076 1194 3138 ratio
1215 3076 1376 3153 imperandi

188 3186 300 3262 optima
337 3184 389 3260 stt,
427 3200 458 3245 et
497 3186 608 3247 minora
645 3187 776 3275 patiatur
807 3187 1010 3264 incommoda;
1042 3189 1280 3265 quandoquidem
1310 3208 1374 3250 cum

186 3297 338 3359 hominnm
368 3312 471 3359 natura
508 3299 630 3359 mamma
661 3300 814 3362 convenit.
847 3300 878 3360 In
912 3299 1036 3376 imperio
1068 3300 1144 3360 enim
1175 3300 1375 3361 democratico

189 3411 285 3489 (quod
316 3410 439 3471 maxime
470 3413 506 3472 ad
536 3410 640 3472 statum
672 3414 832 3473 naturalem
864 3411 992 3491 accedit)
1026 3430 1128 3473 omnes
1151 3410 1257 3487 pacisci
1279 3410 1375 3471 osten-

187 3524 299 3599 dimus,
330 3542 367 3584 ert
398 3523 544 3585 communi
574 3527 693 3585 decreto
726 3542 826 3603 agere,
848 3540 960 3585 arnon
987 3525 1117 3603 judicare
1137 3540 1168 3585 et
1189 3523 1376 3600 ratiocinari;

187 3637 247 3698 hoc
268 3636 325 3712 est,
347 3638 415 3714 quia
437 3655 538 3697 omnes
558 3636 693 3698 homines
714 3654 774 3697 non
796 3636 915 3713 poiiunt
938 3656 1022 3715 aeque
1043 3639 1142 3698 eadem
1164 3636 1374 3713 sentire,pacii

188 3752 273 3827 sunt,
303 3766 337 3812 ut
367 3751 397 3812 id
428 3750 487 3812 vim
519 3750 629 3811 decreti
659 3750 796 3825 haberet,
829 3752 910 3826 quod
942 3750 1063 3826 plurima
1084 3749 1205 3812 haberet
1225 3748 1375 3827 suffragia,

189 3863 343 3925 retinendo
371 3863 485 3923 interim
514 3863 723 3923 authoritatem
752 3864 868 3939 eadem,
898 3862 950 3923 ubi
977 3862 1093 3922 meliora
1122 3861 1266 3936 viderint,
1288 3863 1374 3921 abro-

189 3976 286 4053 gandi.
327 3977 397 4057 Quo
427 3975 518 4054 igitur
547 3973 716 4034 hominibus
746 3973 865 4034 libertas
893 3970 1045 4050 judicandi
1066 3972 1162 4034 minus
1183 3973 1375 4049 conceditur,

195 4142 221 4153 h·-

225 4221 428 4273 ⁸Kirchmanna
451 4224 638 4274 admirandum.
659 4249 693 4259 —-
715 4223 769 4290 Jac.
793 4223 917 4285 Bernays,
941 4220 1002 4272 tciic
1025 4219 1239 4271 Schaarschrnidt:
1255 4222 1374 4271 amulan-

191 4320 257 4371 dum.
273 4347 307 4357 —
325 4322 358 4371 At
376 4322 435 4372 vide
453 4336 511 4387 pag.
527 4320 585 4386 607.
602 4319 640 4372 vs.
660 4336 682 4371 ι.
698 4332 724 4370 et
742 4337 767 4384 p.
785 4320 843 4371 ⁶10.
860 4319 897 4371 vs.
917 4336 956 4381 13.
