2934 4900
358 307 852 390 'l‘heologico-Politici
893 312 966 388 Cap.
989 311 1053 374 XX.
1243 317 1302 390 605

115 505 199 567 gare,
218 485 339 548 omnino
361 486 608 563 perturbatores
629 502 659 547 et
680 485 805 547 rebellis.
826 486 969 548 Videmus
987 487 1087 564 itaque
1094 506 1173 566 ,qua
1190 489 1304 550 ratione

116 598 336 676 unusquisque,
366 598 447 662 salvo
475 598 541 674 jure
574 613 604 659 et
635 597 817 660 authoritate
839 598 1010 660 summarum
1031 601 1226 677 potestatum,
1246 601 1305 662 hoc

115 710 158 771 est
178 709 256 773 saiva
277 710 461 786 Reipublicae
483 729 572 788 pace,
593 729 644 786 ea,
673 729 738 787 quae
760 709 867 788 sentit,
896 710 991 773 dicere
1013 727 1044 772 et
1064 714 1170 774 docete
1191 712 1305 789 potess3

115 841 222 900 nempe
241 820 262 881 fi
284 825 433 883 decretum
464 822 594 883 omnium
625 840 719 883 rerum
753 823 927 900 agendarum
960 821 1058 884 iisdem
1089 822 1253 900 relinquat,
1275 837 1304 884 et

115 934 188 994 nihil
218 949 322 995 contra
353 953 450 996 earum
482 937 631 996 decretum
663 949 747 1013 agat,
780 933 891 996 etiamst
924 934 1000 1011 saepe
1032 952 1134 998 contra
1156 936 1203 1014 id,
1224 938 1306 1014 quod

115 1050 228 1108 bonum
252 1046 384 1124 judicat,
411 1062 442 1107 et
469 1048 563 1122 palam
593 1046 699 1122 sentit,
728 1064 811 1125 agere
841 1048 964 1124 debeat;
986 1050 1067 1123 quod
1089 1048 1207 1124 quidem
1227 1048 1305 1111 salva

112 1160 226 1238 justitia
257 1175 288 1221 et
317 1160 430 1236 pietate
463 1161 558 1220 facere
588 1159 705 1235 potest,
737 1158 797 1221 imo
830 1161 934 1236 debet,
956 1158 976 1219 st
996 1159 1025 1220 se
1044 1159 1152 1236 justum
1173 1175 1204 1220 et
1222 1158 1304 1237 pium

115 1275 249 1352 praestare
276 1273 357 1336 vult:
385 1292 467 1350 nam,
494 1289 529 1334 ut
555 1272 614 1349 jam
644 1273 839 1349 ostendimus,
864 1271 976 1348 justitia
1001 1291 1017 1333 a
1042 1271 1106 1334 solo
1134 1272 1304 1334 summarum

115 1387 295 1464 potestatum
316 1389 436 1448 decreto
457 1389 582 1463 pendet,
604 1388 738 1462 adeoque
759 1402 860 1461 nemo,
882 1383 933 1445 nifi
955 1385 1005 1461 qui
1027 1384 1184 1447 secundum
1207 1403 1304 1448 earum

114 1515 234 1578 recepta
255 1502 371 1561 decreta
391 1499 487 1575 vivit,
504 1499 599 1575 justus
620 1498 675 1559 esse
695 1498 801 1574 potest.
843 1497 941 1558 Pietas
962 1513 1059 1558 autem
1081 1496 1147 1575 (per
1167 1515 1219 1572 ea,
1238 1516 1303 1574 quas

115 1613 147 1673 in
168 1614 351 1688 precedente
382 1611 488 1687 Capite
521 1610 714 1689 ostendimus)
747 1609 853 1670 summa
886 1608 943 1686 est,
968 1627 1033 1686 quae
1055 1607 1130 1668 circa
1151 1626 1252 1684 pacem
1274 1623 1305 1668 et

114 1716 357 1800 tranquillitatem
375 1721 559 1798 Reipublicae
578 1737 746 1795 exercetur3
764 1719 848 1797 atqui
865 1721 927 1782 haec
945 1719 1110 1782 conservari
1122 1738 1182 1780 non
1193 1720 1304 1796 potest,

114 1833 309 1910 siunicuique
330 1852 367 1894 ex
388 1833 445 1894 suae
466 1833 574 1894 mentis
594 1833 715 1894 arbitrio
738 1833 897 1895 vivendum
920 1831 1006 1907 esset3
1028 1834 1162 1908 adeoque
1183 1831 1303 1908 impium

115 1947 205 2007 etiam
225 1945 276 2021 est,
297 1963 334 2005 ex
355 1944 408 2006 suo
429 1945 550 2010 arbitrio
572 1945 683 2022 aliquid
704 1961 808 2006 contra
830 1947 979 2006 decretum
1001 1943 1116 2004 summae
1137 1943 1303 2019 potestatis,

115 2057 202 2135 cujus
228 2057 363 2120 subditus
384 2057 441 2133 est,
469 2058 582 2133 sacere3
608 2056 864 2134 quandoquidem,
884 2055 905 2116 ss
925 2055 984 2118 hoc
1005 2056 1164 2134 unicuique
1184 2055 1302 2132 liceret,

115 2172 231 2250 imperii
251 2170 335 2232 ruina
356 2170 424 2232 inde
445 2169 602 2231 necessario
623 2170 801 2247 sequeretur.
823 2168 964 2249 Quinimo
986 2169 1059 2230 nihil
1080 2185 1182 2231 contra
1204 2171 1303 2230 decre·

114 2301 178 2347 tum
199 2299 230 2346 et
250 2283 393 2346 distamen
420 2283 546 2359 propriae
574 2282 713 2344 Rationis
741 2299 825 2361 agere
854 2281 967 2358 potess,
987 2282 1128 2358 quamdiu
1144 2280 1231 2359 juxta
1253 2284 1304 2343 de-

116 2412 197 2458 creta
227 2395 342 2457 summae
372 2393 527 2471 potestatis
558 2392 635 2473 agit;
666 2393 728 2470 ipsa
757 2393 832 2455 enim
861 2392 992 2455 Ratione
1019 2392 1160 2455 suadente
1182 2393 1303 2456 omnino

115 2508 265 2584 decrevit,
292 2506 342 2583 jus
371 2505 470 2582 suurn,
499 2504 622 2568 vivendi
652 2524 689 2566 ex
720 2505 841 2582 proprio
873 2505 926 2567 suo
954 2505 1087 2583 judicio,
1119 2506 1149 2567 in
1182 2509 1303 2568 eandem

116 2620 279 2682 transferre.
309 2617 405 2695 Atqui
429 2618 487 2679 hoc
508 2617 568 2695 ipsa
590 2617 678 2679 etiam
698 2618 782 2695 praxi
804 2620 973 2680 confirmate
995 2618 1157 2696 possumus;
1179 2620 1208 2680 in
1231 2638 1302 2680 con·

116 2731 192 2792 ciliis
213 2748 352 2806 namque,
372 2744 431 2789 tam
452 2726 622 2789 summatum
643 2746 730 2805 quam
751 2727 895 2789 minorum
913 2727 1180 2806 potestatum,tar0
1192 2728 1303 2807 aliquid

115 2844 152 2904 fit
181 2861 219 2903 ex
246 2841 393 2903 communi
421 2840 550 2901 omniun
577 2842 769 2901 membrorum
797 2840 951 2920 suffragiu,
979 2856 1126 2902 ettamen
1148 2842 1244 2903 omnia
1266 2861 1303 2903 ex

117 2954 267 3016 communi
288 2953 417 3015 omnium
438 2955 576 3030 decreto,
597 2968 656 3013 tam
677 2952 788 3014 scilicet
810 2970 927 3029 eorum,
948 2953 999 3030 qui
1020 2968 1137 3030 contra,
1155 2973 1241 3031 quam
1253 2955 1304 3034 qui

112 3082 173 3148 pro
192 3066 356 3146 suffragium
384 3068 531 3141 tulerunt,
557 3067 642 3128 fiunt.
664 3068 721 3128 Sed
742 3068 779 3127 ad
801 3084 896 3127 meum
917 3065 1098 3142 propofitum
1126 3082 1258 3130 revertor
1278 3069 1304 3129 *.

116 3181 187 3261 Qua
213 3179 327 3240 ratione
354 3178 554 3255 unusquisque
579 3178 689 3258 Judicii
709 3178 864 3253 libertate,
884 3176 965 3241 salvo
986 3177 1155 3241 summarum
1176 3182 1304 3257 potesta-

117 3308 183 3353 tum
200 3291 266 3369 jure
273 3337 283 3369 ,
302 3290 348 3353 uti
368 3290 481 3367 potest,
502 3310 540 3351 ex
560 3291 759 3352 fundamentis
782 3289 965 3367 Reipublicae
987 3290 1124 3354 vidimus.
1145 3295 1187 3354 At
1209 3312 1245 3353 ex
1267 3293 1304 3355 iis

118 3421 182 3464 non
201 3403 297 3464 minus
317 3402 401 3462 facile
422 3402 612 3463 determinare
634 3400 798 3479 possumus,
818 3419 951 3479 quaenam
972 3400 1129 3478 opiniones
1150 3402 1180 3463 in
1201 3406 1304 3479 Repu·

118 3515 197 3577 blica
224 3513 369 3576 seditiose
396 3512 469 3589 stnt;
497 3531 539 3574 eae
567 3512 718 3589 nimirum,
739 3532 805 3590 quae
825 3514 907 3575 srmul
927 3532 961 3574 ac
982 3531 1149 3592 ponuntur,
1170 3519 1305 3591 pastum,

119 3645 182 3704 quo
204 3624 402 3703 unusquisque
426 3624 492 3701 jure
520 3624 625 3703 agendi
646 3644 683 3685 ex
704 3626 825 3701 proprio
847 3625 900 3687 suo
922 3625 1043 3687 arbitrio
1066 3628 1160 3703 cessit,
1182 3626 1304 3689 tollitur.

118 3755 177 3816 Ex.
197 3773 238 3834 gr.
258 3753 280 3814 fi
300 3753 367 3831 quis
394 3752 517 3829 sentiat,
543 3752 678 3813 summam
706 3753 879 3829 potestatem
910 3752 954 3815 sui
978 3752 1052 3831 jutis
1080 3774 1139 3816 non
1162 3754 1235 3832 esse3
1257 3756 1305 3817 vel

118 3866 263 3927 neminem
291 3865 430 3941 promissis
456 3864 527 3925 stare
556 3866 679 3941 debere;
699 3866 749 3927 vel
777 3882 915 3942 oportere
936 3884 1171 3943 unumquemque
1193 3884 1230 3926 ex
1251 3865 1304 3927 suo

119 3979 241 4041 arbitrio
262 3978 379 4052 vivere;
402 3993 432 4038 et
452 3977 507 4038 asia
527 3975 709 4054 hujusmodi,
731 3997 796 4055 quae
818 3976 958 4054 pradisto
980 3981 1065 4054 pasto
1088 3979 1196 4041 diredto
1218 3996 1304 4055 tepu-

120 4108 228 4171 gnant;
256 4091 282 4151 ia
309 4090 464 4152 seditiosus
491 4090 548 4169 est,
576 4109 636 4152 non
665 4106 723 4151 tam
745 4091 862 4168 quidem
884 4106 1005 4168 propter
1021 4090 1165 4168 judicium
1186 4108 1217 4152 et
1238 4091 1303 4169 opi-

155 4322 168 4351 ⁸
203 4320 251 4371 ud.
268 4322 326 4370 ΡΜ
349 4329 462 4371 reverto.
