2934 4900
206 297 263 344 120
625 279 806 342 Ethiees
838 280 964 340 Parsll.

201 457 295 520 ideam
323 457 389 534 plus
417 457 576 532 realitatis,
605 455 663 518 five
691 454 900 532 perfeetionis,
927 473 1013 531 quarn
1034 453 1117 516 aliam
1136 453 1244 514 habere
1266 452 1403 529 pereipi-

159 571 169 652 .'
202 588 283 646 mus;
313 585 455 646 quantum
487 569 563 630 enirn
595 567 712 646 objefla
742 567 798 628 alia
829 566 893 628 aliis
924 566 1139 643 praestantiora,
1167 583 1282 628 tantum
1304 565 1403 627 etiam

202 698 302 742 eorum
334 680 406 742 ideae
438 680 501 742 aliae
534 681 598 742 aliis
629 679 818 756 perfefliores
851 679 935 754 sunt;
963 697 1001 738 ex
1021 677 1130 755 quibus
1151 677 1239 739 etiam
1260 678 1401 738 constare

201 793 321 854 videtur
351 792 515 855 differentia
547 792 622 854 inter
653 794 837 856 voluntatem
869 807 900 852 et
928 791 1115 853 intelleftum.
1159 793 1269 867 Quarto
1299 789 1400 867 objici

202 902 315 978 potest,
336 902 356 962 li
377 901 467 964 homo
489 922 549 965 non
571 919 710 980 operatur
731 922 769 964 ex
788 903 923 964 libertate
945 903 1126 979 voluntatis,
1147 903 1220 980 quid
1239 922 1309 982 ergo
1328 905 1400 977 liet,

203 1013 223 1074 st
245 1014 274 1075 in
297 1013 460 1091 aequilibrio
482 1013 534 1090 srt,
556 1031 588 1075 ut
609 1014 746 1075 Buridani
768 1014 868 1075 aina?
896 1015 1009 1076 famene
1030 1031 1061 1077 et
1082 1015 1128 1075 frti
1149 1015 1280 1092 peribit?
1310 1019 1399 1092 quod

203 1127 223 1189 sr
244 1131 420 1205 concedam,
440 1129 555 1192 viderer
575 1128 679 1191 asinam
700 1130 749 1190 vel
769 1129 897 1190 hominis
917 1129 1057 1203 statuam,
1074 1145 1135 1188 non
1153 1125 1301 1187 hominem
1321 1145 1397 1187 con-

205 1239 319 1317 cipere;
339 1240 359 1301 st
382 1256 478 1302 autem
500 1259 619 1320 negem,
639 1258 709 1320 ergo
732 1240 856 1316 seipsum
879 1239 1100 1316 determinabit,
1128 1255 1159 1300 et
1180 1239 1400 1316 consequenter

206 1463 301 1524 forsan
324 1461 441 1540 possunt
463 1463 571 1540 objiei;
599 1462 648 1524 sed
670 1462 740 1540 quia
761 1463 905 1526 inculeare
926 1482 987 1525 non
1009 1480 1130 1539 teneor,
1150 1463 1222 1540 quid
1242 1462 1398 1540 unusquis-

206 1594 264 1652 que
292 1573 432 1635 sonmiare
462 1574 574 1650 potest,
600 1577 638 1636 ad
657 1575 710 1636 has
732 1574 915 1652 objectiones
937 1591 1050 1637 tanturn
1071 1575 1247 1652 respondere
1267 1577 1379 1636 curabo
1387 1619 1397 1650 ,

205 1686 294 1763 idque
316 1705 402 1763 quam
427 1702 534 1763 potero
561 1685 699 1748 breviter.
739 1687 780 1747 Et
801 1687 919 1764 quidem
941 1690 979 1748 ad
995 1691 1127 1766 primam
1147 1686 1234 1762 dico,
1254 1705 1299 1746 me
1322 1705 1396 1747 con-

206 1802 324 1875 cedere,
346 1800 528 1862 voluntatem
557 1798 646 1859 latius
672 1799 700 1859 se
725 1801 883 1860 extendere
907 1818 994 1876 quam
1015 1799 1213 1874 intellectum,
1235 1798 1255 1859 st
1275 1816 1330 1876 per
1350 1800 1396 1860 in·

206 1912 351 1973 telleftum
380 1912 471 1972 claras
495 1913 701 1972 tantummodo
722 1927 753 1972 et
773 1910 920 1973 distinftas
942 1911 1022 1973 ideas
1043 1911 1226 1992 intelligant3
1247 1912 1297 1973 sed
1317 1931 1395 1991 nego

209 2026 393 2086 voluntatem
419 2023 512 2086 latius
536 2022 564 2084 se
593 2027 752 2086 extendere
772 2044 858 2102 quam
879 2025 1101 2101 perceptiones,
1124 2025 1182 2089 srve
1204 2024 1395 2100 concipiendi

208 2137 393 2211 facultatem;
422 2154 476 2196 nee
505 2135 572 2197 sane
599 2137 705 2212 video,
727 2155 779 2198 cur
800 2138 925 2198 facultas
945 2137 1066 2200 volendi
1088 2135 1190 2212 potius
1210 2135 1336 2196 dicenda
1356 2136 1396 2197 ell

210 2245 323 2307 infinita
354 2265 440 2323 quam
471 2247 616 2310 sentiendi
648 2250 789 2325 facultas;
822 2249 894 2310 frcut
925 2248 1001 2309 enim
1034 2247 1148 2308 infinita
1173 2248 1278 2326 (unum
1298 2262 1396 2309 tamen

210 2359 274 2435 post
295 2358 389 2434 aliud;
412 2379 476 2420 narn
499 2359 612 2420 infinita
631 2361 711 2422 stmul
728 2361 867 2422 affirmare
885 2379 946 2421 non
965 2360 1129 2439 possumus)
1158 2361 1257 2420 eadem
1276 2359 1397 2422 volendi

208 2472 348 2532 facultate
370 2470 518 2548 possumus
539 2471 693 2549 affirmare,
715 2471 752 2533 lic
774 2472 861 2534 etiarn
884 2472 996 2534 infinita
1017 2489 1143 2548 corpora
1164 2474 1269 2551 (unum
1291 2490 1396 2548 nempe

208 2583 273 2659 post
295 2582 387 2664 aliud)
410 2587 510 2645 eadem
532 2584 675 2647 sentiendi
698 2587 837 2647 facultate
858 2585 1008 2661 possumus
1027 2584 1135 2646 sentire
1156 2585 1214 2648 srve
1235 2584 1394 2661 percipere.

208 2696 298 2777 Quod
318 2695 338 2755 sr
360 2694 476 2771 dicant,
503 2696 618 2757 infinita
638 2697 715 2773 dari,
743 2716 809 2775 quae
830 2697 979 2775 percipere
1000 2716 1061 2758 non
1082 2696 1256 2773 possumus?
1276 2714 1395 2775 regern,

208 2825 264 2867 nos
284 2826 318 2867 ea
339 2806 400 2883 ipsa
421 2808 501 2869 nulla
521 2807 720 2888 cogitatione,
736 2826 768 2870 et
782 2810 996 2885 consequenter
1017 2811 1095 2870 nulls
1114 2808 1236 2870 volendi
1254 2809 1396 2870 facultate

208 2917 286 2994 posse
307 2916 424 2995 assequi.
466 2922 508 2980 At
529 2919 650 2995 dieunt,
671 2921 691 2981 st
712 2924 795 2983 Deus
816 2923 906 2983 vellet
927 2922 1062 2995 efficere,
1084 2935 1117 2981 ut
1138 2938 1172 2980 ea
1193 2919 1280 2981 etiam
1302 2918 1394 2995 perci-

208 3047 358 3105 peremus,
379 3030 514 3107 majorem
537 3030 654 3107 quidem
678 3035 847 3095 facultatem
868 3033 1049 3110 percipiendi
1069 3035 1189 3094 deberet
1207 3032 1296 3093 nobis
1313 3036 1395 3107 dare,

209 3142 258 3203 sed
286 3160 346 3202 non
374 3142 511 3220 majorem
541 3146 627 3221 quim
648 3145 731 3207 dedit
753 3145 874 3208 volendi
895 3147 1081 3221 facultatem3
1103 3145 1184 3221 quod
1205 3144 1281 3205 idem
1301 3144 1342 3205 est
1363 3165 1395 3205 ac

208 3253 228 3313 fi
250 3252 398 3328 dicerent,
420 3257 502 3330 quod
523 3254 542 3315 n
563 3257 645 3317 Deus
667 3256 740 3319 velit
762 3257 894 3331 efficere,
922 3272 956 3318 ut
977 3257 1091 3317 infinita
1112 3256 1167 3317 alia
1188 3255 1268 3316 entia
1289 3254 1395 3317 intelli-

208 3381 357 3443 geremus,
385 3362 496 3425 necesse
525 3365 642 3441 quidem
669 3366 755 3442 esset,
776 3383 810 3427 nt
832 3366 920 3429 nobis
941 3369 1023 3428 daret
1044 3367 1182 3444 majorem
1203 3368 1396 3445 intellefium,

209 3476 258 3535 fed
286 3494 346 3536 non
374 3475 610 3539 universaliorem
639 3478 716 3539 entis
744 3477 855 3555 ideam,
876 3483 962 3556 quam
984 3479 1083 3554 dedit,
1104 3483 1141 3541 ad
1163 3483 1263 3543 eadem
1284 3481 1396 3542 infinita

208 3586 288 3648 entia
316 3589 556 3663 ampleflendum.
597 3590 784 3651 Ostendimus
812 3591 888 3651 enim
917 3593 1103 3652 voluntatem
1130 3609 1182 3652 ens
1204 3591 1258 3653 else
1279 3591 1394 3654 univer·

208 3699 361 3773 sale,s1ve
383 3699 496 3776 ideam,
524 3719 581 3777 qua
604 3720 705 3762 omnes
726 3701 883 3780 singulares
905 3699 1086 3777 volitiones,
1105 3701 1164 3762 hoe
1185 3702 1293 3777 estid,
1314 3708 1394 3779 quod

207 3809 244 3869 iis
273 3810 409 3871 omnibus
439 3796 592 3873 commune
622 3813 679 3889 est,
708 3814 898 3890 explicamus.
940 3814 1016 3874 Cum
1043 3812 1144 3888 itaque
1171 3810 1245 3873 hanc
1266 3813 1394 3875 omnium

206 3919 384 3982 volitionum
406 3940 587 3983 communem
608 3922 665 3984 five
689 3924 879 3986 universalem
899 3923 993 3985 ideam
1013 3923 1184 3984 facultatem
1196 3922 1250 3983 esse
1261 3927 1394 3999 credant,

207 4030 323 4095 minime
351 4034 469 4110 mirum,
497 4035 516 4095 st
544 4036 620 4096 hanc
647 4037 817 4097 facultatem
840 4038 915 4098 ultra
936 4035 1042 4096 limites
1062 4035 1230 4097 intellectus
1249 4034 1279 4097 in
1300 4036 1393 4097 infini-

207 4161 270 4207 tum
292 4145 319 4205 se
340 4148 498 4207 extendere
519 4147 628 4209 dicant.
670 4148 844 4211 Universale
874 4148 950 4209 enim
972 4166 1056 4225 aeque
1078 4150 1114 4209 de
1136 4166 1197 4209 uno
1219 4166 1252 4209 ae
1274 4150 1311 4209 de
1331 4151 1393 4225 plu-

207 4256 305 4333 ribus,
332 4274 365 4317 ae
393 4260 429 4319 de
458 4256 579 4319 infinitis
609 4258 771 4321 individuis
798 4258 916 4321 dicitur.
956 4262 1006 4321 rid
1020 4260 1178 4337 sedandam
1199 4259 1392 4337 objeslionem
