<?xml version="1.0" encoding="UTF-8"?>
<!DOCTYPE html PUBLIC "-//W3C//DTD XHTML 1.0 Transitional//EN"
    "http://www.w3.org/TR/xhtml1/DTD/xhtml1-transitional.dtd">
<html xmlns="http://www.w3.org/1999/xhtml" xml:lang="en" lang="en">
 <head>
  <title>
</title>
<meta http-equiv="Content-Type" content="text/html;charset=utf-8" />
  <meta name='ocr-system' content='tesseract 3.04.00' />
  <meta name='ocr-capabilities' content='ocr_page ocr_carea ocr_par ocr_line ocrx_word'/>
</head>
<body>
  <div class='ocr_page' id='page_1' title='image "benedictidespin02landgoog_0117.png"; bbox 0 0 2934 4900; ppageno 0'>
   <div class='ocr_carea' id='block_1_1' title="bbox 561 337 1276 420">
    <p class='ocr_par' dir='ltr' id='par_1_1' title="bbox 561 337 1276 420">
     <span class='ocr_line' id='line_1_1' title="bbox 561 337 1276 420; baseline 0.01 -22"><span class='ocrx_word' id='word_1_1' title='bbox 561 337 616 398; x_wconf 79' lang='lat' dir='ltr'>De</span> <span class='ocrx_word' id='word_1_2' title='bbox 655 337 808 400; x_wconf 83' lang='lat' dir='ltr'>Mente.</span> <span class='ocrx_word' id='word_1_3' title='bbox 1237 359 1276 420; x_wconf 80' lang='lat'>93</span> 
     </span>
    </p>
   </div>
   <div class='ocr_carea' id='block_1_2' title="bbox 84 527 1277 1268">
    <p class='ocr_par' dir='ltr' id='par_1_2' title="bbox 84 527 1277 1268">
     <span class='ocr_line' id='line_1_2' title="bbox 498 527 892 576; baseline 0.005 -3"><span class='ocrx_word' id='word_1_4' title='bbox 498 527 892 576; x_wconf 76' lang='lat' dir='ltr'>oruonsrsnrro</span> 
     </span>
     <span class='ocr_line' id='line_1_3' title="bbox 130 619 1277 706; baseline 0.009 -25"><span class='ocrx_word' id='word_1_5' title='bbox 130 621 220 699; x_wconf 83' lang='lat' dir='ltr'>idea,</span> <span class='ocrx_word' id='word_1_6' title='bbox 239 639 307 699; x_wconf 77' lang='lat' dir='ltr'>que</span> <span class='ocrx_word' id='word_1_7' title='bbox 327 619 382 683; x_wconf 77' lang='lat' dir='ltr'>elie</span> <span class='ocrx_word' id='word_1_8' title='bbox 403 621 522 686; x_wconf 79' lang='lat' dir='ltr'>formale</span> <span class='ocrx_word' id='word_1_9' title='bbox 542 623 673 687; x_wconf 77' lang='lat' dir='ltr'>humane</span> <span class='ocrx_word' id='word_1_10' title='bbox 694 625 808 688; x_wconf 81' lang='lat' dir='ltr'>Mentis</span> <span class='ocrx_word' id='word_1_11' title='bbox 827 625 996 703; x_wconf 79' lang='lat' dir='ltr'>constituit,</span> <span class='ocrx_word' id='word_1_12' title='bbox 1016 627 1058 688; x_wconf 79' lang='lat' dir='ltr'>est</span> <span class='ocrx_word' id='word_1_13' title='bbox 1079 625 1144 690; x_wconf 80' lang='lat' dir='ltr'>idea</span> <span class='ocrx_word' id='word_1_14' title='bbox 1161 627 1277 706; x_wconf 90' lang='lat' dir='ltr'>Corpo-</span> 
     </span>
     <span class='ocr_line' id='line_1_4' title="bbox 84 732 1277 818; baseline 0.01 -25"><span class='ocrx_word' id='word_1_15' title='bbox 84 732 131 792; x_wconf 83' lang='lat' dir='ltr'>ris</span> <span class='ocrx_word' id='word_1_16' title='bbox 161 733 236 813; x_wconf 81' lang='lat' dir='ltr'>(per</span> <span class='ocrx_word' id='word_1_17' title='bbox 261 735 350 816; x_wconf 81' lang='lat' dir='ltr'>Prop.</span> <span class='ocrx_word' id='word_1_18' title='bbox 381 751 426 813; x_wconf 80' lang='lat'>¹3·</span> <span class='ocrx_word' id='word_1_19' title='bbox 455 735 574 816; x_wconf 63' lang='lat' dir='ltr'>Mus),</span> <span class='ocrx_word' id='word_1_20' title='bbox 601 740 684 815; x_wconf 88' lang='lat' dir='ltr'>quod</span> <span class='ocrx_word' id='word_1_21' title='bbox 713 738 788 818; x_wconf 84' lang='lat' dir='ltr'>(per</span> <span class='ocrx_word' id='word_1_22' title='bbox 814 739 890 818; x_wconf 80' lang='lat' dir='ltr'>Post.</span> <span class='ocrx_word' id='word_1_23' title='bbox 914 741 955 818; x_wconf 88' lang='lat' dir='ltr'>r.)</span> <span class='ocrx_word' id='word_1_24' title='bbox 982 757 1020 800; x_wconf 84' lang='lat' dir='ltr'>ex</span> <span class='ocrx_word' id='word_1_25' title='bbox 1041 740 1171 816; x_wconf 77' lang='lat' dir='ltr'><strong>plurimis</strong></span> <span class='ocrx_word' id='word_1_26' title='bbox 1190 745 1277 806; x_wconf 80' lang='lat' dir='ltr'>vaide</span> 
     </span>
     <span class='ocr_line' id='line_1_5' title="bbox 86 845 1277 933; baseline 0.011 -28"><span class='ocrx_word' id='word_1_27' title='bbox 86 845 265 923; x_wconf 74' lang='lat' dir='ltr'>compositis</span> <span class='ocrx_word' id='word_1_28' title='bbox 284 846 450 911; x_wconf 86' lang='lat' dir='ltr'>individuis</span> <span class='ocrx_word' id='word_1_29' title='bbox 468 849 666 927; x_wconf 81' lang='lat' dir='ltr'>componitur.</span> <span class='ocrx_word' id='word_1_30' title='bbox 695 851 738 912; x_wconf 79' lang='lat' dir='ltr'>At</span> <span class='ocrx_word' id='word_1_31' title='bbox 758 849 960 930; x_wconf 79' lang='lat' dir='ltr'>cujuscunque</span> <span class='ocrx_word' id='word_1_32' title='bbox 981 852 1148 932; x_wconf 83' lang='lat' dir='ltr'>individui,</span> <span class='ocrx_word' id='word_1_33' title='bbox 1168 872 1277 933; x_wconf 91' lang='lat' dir='ltr'>corpus</span> 
     </span>
     <span class='ocr_line' id='line_1_6' title="bbox 88 959 1277 1045; baseline 0.007 -24"><span class='ocrx_word' id='word_1_34' title='bbox 88 959 320 1036; x_wconf 85' lang='lat' dir='ltr'>componentis,</span> <span class='ocrx_word' id='word_1_35' title='bbox 346 963 433 1023; x_wconf 83' lang='lat' dir='ltr'>datur</span> <span class='ocrx_word' id='word_1_36' title='bbox 459 960 614 1024; x_wconf 81' lang='lat' dir='ltr'>ncceii&#39;rrio</span> <span class='ocrx_word' id='word_1_37' title='bbox 643 962 718 1043; x_wconf 84' lang='lat' dir='ltr'>(per</span> <span class='ocrx_word' id='word_1_38' title='bbox 747 964 851 1026; x_wconf 81' lang='lat' dir='ltr'>Coroll.</span> <span class='ocrx_word' id='word_1_39' title='bbox 879 965 969 1044; x_wconf 86' lang='lat' dir='ltr'>Prop.</span> <span class='ocrx_word' id='word_1_40' title='bbox 989 963 1019 1027; x_wconf 82' lang='lat'>8.</span> <span class='ocrx_word' id='word_1_41' title='bbox 1038 963 1139 1045; x_wconf 75' lang='lat' dir='ltr'>hujus)</span> <span class='ocrx_word' id='word_1_42' title='bbox 1159 967 1190 1028; x_wconf 91' lang='lat' dir='ltr'>in</span> <span class='ocrx_word' id='word_1_43' title='bbox 1210 969 1277 1031; x_wconf 91' lang='lat' dir='ltr'>Deo</span> 
     </span>
     <span class='ocr_line' id='line_1_7' title="bbox 86 1073 1277 1156; baseline 0.006 -22"><span class='ocrx_word' id='word_1_44' title='bbox 86 1073 178 1151; x_wconf 84' lang='lat' dir='ltr'>ides;</span> <span class='ocrx_word' id='word_1_45' title='bbox 204 1093 275 1155; x_wconf 83' lang='lat' dir='ltr'>ergo</span> <span class='ocrx_word' id='word_1_46' title='bbox 303 1076 374 1155; x_wconf 83' lang='lat' dir='ltr'>(per</span> <span class='ocrx_word' id='word_1_47' title='bbox 400 1077 489 1156; x_wconf 89' lang='lat' dir='ltr'>Prop.</span> <span class='ocrx_word' id='word_1_48' title='bbox 518 1091 546 1154; x_wconf 84' lang='lat'>7.</span> <span class='ocrx_word' id='word_1_49' title='bbox 565 1075 666 1156; x_wconf 75' lang='lat' dir='ltr'>hujus)</span> <span class='ocrx_word' id='word_1_50' title='bbox 694 1077 760 1138; x_wconf 83' lang='lat' dir='ltr'>idea</span> <span class='ocrx_word' id='word_1_51' title='bbox 788 1077 930 1154; x_wconf 76' lang='lat' dir='ltr'>Corporis</span> <span class='ocrx_word' id='word_1_52' title='bbox 949 1077 1070 1140; x_wconf 78' lang='lat' dir='ltr'>humani</span> <span class='ocrx_word' id='word_1_53' title='bbox 1089 1096 1126 1139; x_wconf 84' lang='lat' dir='ltr'>ex</span> <span class='ocrx_word' id='word_1_54' title='bbox 1147 1078 1277 1153; x_wconf 80' lang='lat' dir='ltr'>plurimis</span> 
     </span>
     <span class='ocr_line' id='line_1_8' title="bbox 86 1183 1126 1268; baseline 0.004 -22"><span class='ocrx_word' id='word_1_55' title='bbox 86 1183 171 1247; x_wconf 82' lang='lat' dir='ltr'>hisce</span> <span class='ocrx_word' id='word_1_56' title='bbox 192 1185 317 1262; x_wconf 68' lang='lat' dir='ltr'>partium</span> <span class='ocrx_word' id='word_1_57' title='bbox 338 1188 581 1264; x_wconf 82' lang='lat' dir='ltr'>componentium</span> <span class='ocrx_word' id='word_1_58' title='bbox 602 1187 676 1250; x_wconf 89' lang='lat' dir='ltr'>ideis</span> <span class='ocrx_word' id='word_1_59' title='bbox 698 1187 739 1250; x_wconf 91' lang='lat' dir='ltr'>est</span> <span class='ocrx_word' id='word_1_60' title='bbox 760 1187 930 1266; x_wconf 81' lang='lat' dir='ltr'>composita.</span> <span class='ocrx_word' id='word_1_61' title='bbox 973 1191 1007 1268; x_wconf 84' lang='lat' dir='ltr'>Q.</span> <span class='ocrx_word' id='word_1_62' title='bbox 1027 1191 1065 1252; x_wconf 84' lang='grc' dir='ltr'>Ε.</span> <span class='ocrx_word' id='word_1_63' title='bbox 1084 1190 1126 1251; x_wconf 91' lang='lat' dir='ltr'>D.</span> 
     </span>
    </p>
   </div>
   <div class='ocr_carea' id='block_1_3' title="bbox 88 1346 1277 1651">
    <p class='ocr_par' dir='ltr' id='par_1_3' title="bbox 88 1346 1277 1651">
     <span class='ocr_line' id='line_1_9' title="bbox 469 1346 909 1410; baseline 0.005 -3"><span class='ocrx_word' id='word_1_64' title='bbox 469 1346 798 1410; x_wconf 85' lang='lat' dir='ltr'><strong>PROPOSITIO</strong></span> <span class='ocrx_word' id='word_1_65' title='bbox 827 1347 909 1409; x_wconf 79' lang='lat' dir='ltr'><strong>XVI.</strong></span> 
     </span>
     <span class='ocr_line' id='line_1_10' title="bbox 133 1457 1277 1540; baseline 0.002 -20"><span class='ocrx_word' id='word_1_66' title='bbox 133 1459 206 1520; x_wconf 85' lang='lat' dir='ltr'>Idea</span> <span class='ocrx_word' id='word_1_67' title='bbox 225 1457 413 1536; x_wconf 78' lang='lat' dir='ltr'>cojuscunque</span> <span class='ocrx_word' id='word_1_68' title='bbox 432 1461 522 1537; x_wconf 79' lang='lat' dir='ltr'>orodi,</span> <span class='ocrx_word' id='word_1_69' title='bbox 541 1479 595 1537; x_wconf 83' lang='lat' dir='ltr'>quo</span> <span class='ocrx_word' id='word_1_70' title='bbox 618 1460 728 1539; x_wconf 86' lang='lat' dir='ltr'>Corpus</span> <span class='ocrx_word' id='word_1_71' title='bbox 747 1458 901 1522; x_wconf 71' lang='lat' dir='ltr'>humorum</span> <span class='ocrx_word' id='word_1_72' title='bbox 919 1479 940 1521; x_wconf 81' lang='lat' dir='ltr'><em>a</em></span> <span class='ocrx_word' id='word_1_73' title='bbox 959 1461 1125 1540; x_wconf 79' lang='lat' dir='ltr'>corporibus</span> <span class='ocrx_word' id='word_1_74' title='bbox 1148 1467 1277 1523; x_wconf 79' lang='lat' dir='ltr'>externis</span> 
     </span>
     <span class='ocr_line' id='line_1_11' title="bbox 88 1569 1277 1651; baseline 0.005 -23"><span class='ocrx_word' id='word_1_75' title='bbox 88 1569 239 1645; x_wconf 77' lang='lat' dir='ltr'>afficitur,</span> <span class='ocrx_word' id='word_1_76' title='bbox 257 1571 404 1629; x_wconf 71' lang='lat' dir='ltr'>Involvere</span> <span class='ocrx_word' id='word_1_77' title='bbox 422 1570 503 1632; x_wconf 78' lang='lat' dir='ltr'>debet</span> <span class='ocrx_word' id='word_1_78' title='bbox 521 1584 659 1632; x_wconf 80' lang='lat' dir='ltr'>naturam</span> <span class='ocrx_word' id='word_1_79' title='bbox 681 1571 819 1650; x_wconf 81' lang='lat' dir='ltr'>Corporis</span> <span class='ocrx_word' id='word_1_80' title='bbox 838 1570 973 1649; x_wconf 70' lang='lat' dir='ltr'>hornam,</span> <span class='ocrx_word' id='word_1_81' title='bbox 993 1586 1021 1633; x_wconf 80' lang='lat' dir='ltr'>cr</span> <span class='ocrx_word' id='word_1_82' title='bbox 1036 1573 1123 1651; x_wconf 78' lang='lat' dir='ltr'>finusl</span> <span class='ocrx_word' id='word_1_83' title='bbox 1139 1587 1277 1634; x_wconf 81' lang='lat' dir='ltr'>naturam</span> 
     </span>
    </p>
   </div>
   <div class='ocr_carea' id='block_1_4' title="bbox 88 1686 885 1828">
    <p class='ocr_par' dir='ltr' id='par_1_4' title="bbox 88 1686 885 1828">
     <span class='ocr_line' id='line_1_12' title="bbox 88 1686 365 1762; baseline 0.014 -21"><span class='ocrx_word' id='word_1_84' title='bbox 88 1686 224 1762; x_wconf 76' lang='lat' dir='ltr'>eorporis</span> <span class='ocrx_word' id='word_1_85' title='bbox 242 1687 365 1745; x_wconf 76' lang='lat' dir='ltr'>externi.</span> 
     </span>
     <span class='ocr_line' id='line_1_13' title="bbox 494 1782 885 1828; baseline 0.003 -3"><span class='ocrx_word' id='word_1_86' title='bbox 494 1782 885 1828; x_wconf 77' lang='lat' dir='ltr'>uzuonsrnnrro</span> 
     </span>
    </p>
   </div>
   <div class='ocr_carea' id='block_1_5' title="bbox 89 1875 1277 2519">
    <p class='ocr_par' dir='ltr' id='par_1_5' title="bbox 89 1875 1277 2519">
     <span class='ocr_line' id='line_1_14' title="bbox 134 1875 1277 1956; baseline 0.005 -20"><span class='ocrx_word' id='word_1_87' title='bbox 134 1876 245 1938; x_wconf 85' lang='lat' dir='ltr'>Omnes</span> <span class='ocrx_word' id='word_1_88' title='bbox 276 1875 353 1938; x_wconf 85' lang='lat' dir='ltr'>enirn</span> <span class='ocrx_word' id='word_1_89' title='bbox 383 1875 479 1952; x_wconf 84' lang='lat' dir='ltr'>modi,</span> <span class='ocrx_word' id='word_1_90' title='bbox 510 1875 618 1956; x_wconf 87' lang='lat' dir='ltr'>quibus</span> <span class='ocrx_word' id='word_1_91' title='bbox 650 1895 757 1956; x_wconf 91' lang='lat' dir='ltr'>corpus</span> <span class='ocrx_word' id='word_1_92' title='bbox 789 1878 911 1956; x_wconf 87' lang='lat' dir='ltr'>aliquod</span> <span class='ocrx_word' id='word_1_93' title='bbox 942 1878 1083 1956; x_wconf 86' lang='lat' dir='ltr'>afficitur,</span> <span class='ocrx_word' id='word_1_94' title='bbox 1111 1896 1277 1942; x_wconf 81' lang='lat' dir='ltr'>exortura</span> 
     </span>
     <span class='ocr_line' id='line_1_15' title="bbox 91 1986 1277 2070; baseline 0.005 -21"><span class='ocrx_word' id='word_1_95' title='bbox 91 1987 229 2066; x_wconf 89' lang='lat' dir='ltr'>corporis</span> <span class='ocrx_word' id='word_1_96' title='bbox 260 1987 372 2066; x_wconf 72' lang='lat' dir='ltr'>affecti,</span> <span class='ocrx_word' id='word_1_97' title='bbox 403 2003 435 2049; x_wconf 92' lang='lat' dir='ltr'>et</span> <span class='ocrx_word' id='word_1_98' title='bbox 464 1986 546 2050; x_wconf 84' lang='lat' dir='ltr'>finul</span> <span class='ocrx_word' id='word_1_99' title='bbox 576 2008 613 2051; x_wconf 85' lang='lat' dir='ltr'>ex</span> <span class='ocrx_word' id='word_1_100' title='bbox 644 2005 746 2052; x_wconf 81' lang='lat' dir='ltr'>natura</span> <span class='ocrx_word' id='word_1_101' title='bbox 777 1991 911 2067; x_wconf 89' lang='lat' dir='ltr'>corporis</span> <span class='ocrx_word' id='word_1_102' title='bbox 936 1991 1097 2053; x_wconf 72' lang='lat' dir='ltr'>efficientis</span> <span class='ocrx_word' id='word_1_103' title='bbox 1117 1991 1277 2070; x_wconf 87' lang='lat' dir='ltr'>sequuntur</span> 
     </span>
     <span class='ocr_line' id='line_1_16' title="bbox 92 2100 1275 2182; baseline 0.003 -22"><span class='ocrx_word' id='word_1_104' title='bbox 92 2102 169 2180; x_wconf 88' lang='lat' dir='ltr'>(per</span> <span class='ocrx_word' id='word_1_105' title='bbox 188 2100 305 2162; x_wconf 79' lang='lat' dir='ltr'>Axiorr.</span> <span class='ocrx_word' id='word_1_106' title='bbox 329 2115 354 2160; x_wconf 89' lang='lat' dir='ltr'>r.</span> <span class='ocrx_word' id='word_1_107' title='bbox 371 2100 442 2180; x_wconf 82' lang='lat' dir='ltr'>post.</span> <span class='ocrx_word' id='word_1_108' title='bbox 465 2100 567 2163; x_wconf 86' lang='lat' dir='ltr'>Coroll.</span> <span class='ocrx_word' id='word_1_109' title='bbox 588 2102 667 2163; x_wconf 84' lang='lat' dir='ltr'>Lem.</span> <span class='ocrx_word' id='word_1_110' title='bbox 689 2101 749 2180; x_wconf 80' lang='lat'><strong>3.):</strong></span> <span class='ocrx_word' id='word_1_111' title='bbox 771 2119 859 2178; x_wconf 82' lang='lat' dir='ltr'>quare</span> <span class='ocrx_word' id='word_1_112' title='bbox 881 2119 981 2163; x_wconf 89' lang='lat' dir='ltr'>eorum</span> <span class='ocrx_word' id='word_1_113' title='bbox 1002 2102 1275 2182; x_wconf 78' lang='lat' dir='ltr'>idea(perAxiom.</span> 
     </span>
     <span class='ocr_line' id='line_1_17' title="bbox 89 2211 1276 2292; baseline 0.001 -19"><span class='ocrx_word' id='word_1_114' title='bbox 89 2233 120 2292; x_wconf 84' lang='lat'>4.</span> <span class='ocrx_word' id='word_1_115' title='bbox 139 2227 172 2292; x_wconf 89' lang='lat' dir='ltr'>p.</span> <span class='ocrx_word' id='word_1_116' title='bbox 199 2213 239 2292; x_wconf 87' lang='grc' dir='ltr'>ι.)</span> <span class='ocrx_word' id='word_1_117' title='bbox 272 2211 420 2290; x_wconf 86' lang='lat' dir='ltr'>utriusque</span> <span class='ocrx_word' id='word_1_118' title='bbox 453 2212 585 2290; x_wconf 88' lang='lat' dir='ltr'>corporis</span> <span class='ocrx_word' id='word_1_119' title='bbox 616 2227 747 2274; x_wconf 81' lang='lat' dir='ltr'>naturam</span> <span class='ocrx_word' id='word_1_120' title='bbox 779 2211 935 2275; x_wconf 85' lang='lat' dir='ltr'>neceiiario</span> <span class='ocrx_word' id='word_1_121' title='bbox 964 2213 1115 2290; x_wconf 87' lang='lat' dir='ltr'>involvet;</span> <span class='ocrx_word' id='word_1_122' title='bbox 1143 2217 1276 2292; x_wconf 79' lang='lat' dir='ltr'>adeoque</span> 
     </span>
     <span class='ocr_line' id='line_1_18' title="bbox 90 2322 1275 2402; baseline 0.001 -17"><span class='ocrx_word' id='word_1_123' title='bbox 90 2324 159 2386; x_wconf 83' lang='lat' dir='ltr'>idea</span> <span class='ocrx_word' id='word_1_124' title='bbox 179 2322 381 2402; x_wconf 76' lang='lat' dir='ltr'>cuiuscunque</span> <span class='ocrx_word' id='word_1_125' title='bbox 403 2323 497 2402; x_wconf 86' lang='lat' dir='ltr'>modi,</span> <span class='ocrx_word' id='word_1_126' title='bbox 517 2341 579 2401; x_wconf 91' lang='lat' dir='ltr'>quo</span> <span class='ocrx_word' id='word_1_127' title='bbox 600 2323 717 2401; x_wconf 87' lang='lat' dir='ltr'>Corpus</span> <span class='ocrx_word' id='word_1_128' title='bbox 735 2324 1053 2401; x_wconf 80' lang='lat' dir='ltr'>humanumacorpore</span> <span class='ocrx_word' id='word_1_129' title='bbox 1071 2341 1195 2386; x_wconf 89' lang='lat' dir='ltr'>externo</span> <span class='ocrx_word' id='word_1_130' title='bbox 1213 2324 1275 2385; x_wconf 86' lang='lat' dir='ltr'>affi-</span> 
     </span>
     <span class='ocr_line' id='line_1_19' title="bbox 90 2438 1272 2519; baseline -0.002 -16"><span class='ocrx_word' id='word_1_131' title='bbox 90 2439 169 2503; x_wconf 90' lang='lat' dir='ltr'>citur</span> <span class='ocrx_word' id='word_1_132' title='bbox 176 2484 187 2519; x_wconf 86' lang='lat'><em>,</em></span> <span class='ocrx_word' id='word_1_133' title='bbox 209 2439 352 2518; x_wconf 82' lang='lat' dir='ltr'>Corporis</span> <span class='ocrx_word' id='word_1_134' title='bbox 372 2438 490 2503; x_wconf 84' lang='lat' dir='ltr'>humani</span> <span class='ocrx_word' id='word_1_135' title='bbox 502 2454 533 2501; x_wconf 88' lang='lat' dir='ltr'>et</span> <span class='ocrx_word' id='word_1_136' title='bbox 542 2438 675 2517; x_wconf 86' lang='lat' dir='ltr'>corporis</span> <span class='ocrx_word' id='word_1_137' title='bbox 691 2438 806 2501; x_wconf 82' lang='lat' dir='ltr'>externi</span> <span class='ocrx_word' id='word_1_138' title='bbox 826 2456 957 2502; x_wconf 85' lang='lat' dir='ltr'>naturam</span> <span class='ocrx_word' id='word_1_139' title='bbox 979 2438 1117 2505; x_wconf 87' lang='lat' dir='ltr'>invoivit.</span> <span class='ocrx_word' id='word_1_140' title='bbox 1139 2441 1173 2519; x_wconf 85' lang='lat' dir='ltr'>Q.</span> <span class='ocrx_word' id='word_1_141' title='bbox 1185 2440 1221 2502; x_wconf 82' lang='grc' dir='ltr'>Ε.</span> <span class='ocrx_word' id='word_1_142' title='bbox 1232 2441 1272 2502; x_wconf 90' lang='lat' dir='ltr'>D.</span> 
     </span>
    </p>
   </div>
   <div class='ocr_carea' id='block_1_6' title="bbox 89 2585 1273 2885">
    <p class='ocr_par' dir='ltr' id='par_1_6' title="bbox 89 2585 1273 2885">
     <span class='ocr_line' id='line_1_20' title="bbox 482 2585 888 2647; baseline -0.005 0"><span class='ocrx_word' id='word_1_143' title='bbox 482 2600 833 2647; x_wconf 78' lang='lat' dir='ltr'>cououunuruu</span> <span class='ocrx_word' id='word_1_144' title='bbox 865 2585 888 2645; x_wconf 90' lang='lat'>1.</span> 
     </span>
     <span class='ocr_line' id='line_1_21' title="bbox 130 2695 1273 2774; baseline -0.003 -15"><span class='ocrx_word' id='word_1_145' title='bbox 130 2697 212 2759; x_wconf 85' lang='lat' dir='ltr'>Hinc</span> <span class='ocrx_word' id='word_1_146' title='bbox 233 2696 363 2773; x_wconf 79' lang='lat' dir='ltr'>sequtitur</span> <span class='ocrx_word' id='word_1_147' title='bbox 380 2696 492 2774; x_wconf 84' lang='lat' dir='ltr'>primo,</span> <span class='ocrx_word' id='word_1_148' title='bbox 511 2696 643 2759; x_wconf 85' lang='lat' dir='ltr'>Mentem</span> <span class='ocrx_word' id='word_1_149' title='bbox 664 2695 818 2759; x_wconf 73' lang='lat' dir='ltr'>humanam</span> <span class='ocrx_word' id='word_1_150' title='bbox 838 2696 1025 2771; x_wconf 84' lang='lat' dir='ltr'>plurimorum</span> <span class='ocrx_word' id='word_1_151' title='bbox 1045 2713 1200 2772; x_wconf 86' lang='lat' dir='ltr'>corporum</span> <span class='ocrx_word' id='word_1_152' title='bbox 1222 2714 1273 2757; x_wconf 88' lang='lat' dir='ltr'>na·</span> 
     </span>
     <span class='ocr_line' id='line_1_22' title="bbox 89 2807 875 2885; baseline 0.001 -17"><span class='ocrx_word' id='word_1_153' title='bbox 89 2824 187 2869; x_wconf 81' lang='lat' dir='ltr'>turem</span> <span class='ocrx_word' id='word_1_154' title='bbox 208 2826 267 2869; x_wconf 79' lang='lat' dir='ltr'>uns</span> <span class='ocrx_word' id='word_1_155' title='bbox 287 2826 352 2869; x_wconf 85' lang='lat' dir='ltr'>cum</span> <span class='ocrx_word' id='word_1_156' title='bbox 372 2807 417 2869; x_wconf 88' lang='lat' dir='ltr'>sui</span> <span class='ocrx_word' id='word_1_157' title='bbox 438 2808 571 2884; x_wconf 89' lang='lat' dir='ltr'>corporis</span> <span class='ocrx_word' id='word_1_158' title='bbox 593 2822 695 2871; x_wconf 78' lang='lat' dir='ltr'>natura</span> <span class='ocrx_word' id='word_1_159' title='bbox 716 2807 875 2885; x_wconf 79' lang='lat' dir='ltr'>percipere.</span> 
     </span>
    </p>
   </div>
   <div class='ocr_carea' id='block_1_7' title="bbox 89 2952 1275 4041">
    <p class='ocr_par' dir='ltr' id='par_1_7' title="bbox 478 2952 895 3015">
     <span class='ocr_line' id='line_1_23' title="bbox 478 2952 895 3015; baseline 0 -4"><span class='ocrx_word' id='word_1_160' title='bbox 478 2967 826 3015; x_wconf 78' lang='lat' dir='ltr'>corouunrtruu</span> <span class='ocrx_word' id='word_1_161' title='bbox 857 2952 895 3012; x_wconf 91' lang='lat' dir='ltr'>ll.</span> 
     </span>
    </p>

    <p class='ocr_par' dir='ltr' id='par_1_8' title="bbox 89 3055 1275 3477">
     <span class='ocr_line' id='line_1_24' title="bbox 130 3055 1275 3141; baseline -0.003 -16"><span class='ocrx_word' id='word_1_162' title='bbox 130 3064 273 3141; x_wconf 89' lang='lat' dir='ltr'>Sequitur</span> <span class='ocrx_word' id='word_1_163' title='bbox 287 3055 444 3139; x_wconf 87' lang='lat' dir='ltr'>&#39;secundo,</span> <span class='ocrx_word' id='word_1_164' title='bbox 472 3064 553 3140; x_wconf 89' lang='lat' dir='ltr'>quod</span> <span class='ocrx_word' id='word_1_165' title='bbox 581 3062 671 3140; x_wconf 85' lang='lat' dir='ltr'>ideae,</span> <span class='ocrx_word' id='word_1_166' title='bbox 699 3081 773 3139; x_wconf 81' lang='lat' dir='ltr'>quus</span> <span class='ocrx_word' id='word_1_167' title='bbox 801 3080 957 3140; x_wconf 89' lang='lat' dir='ltr'>corporum</span> <span class='ocrx_word' id='word_1_168' title='bbox 979 3077 1165 3123; x_wconf 85' lang='lat' dir='ltr'>externorum</span> <span class='ocrx_word' id='word_1_169' title='bbox 1186 3062 1275 3121; x_wconf 82' lang='lat' dir='ltr'>habe·</span> 
     </span>
     <span class='ocr_line' id='line_1_25' title="bbox 89 3176 1274 3256; baseline -0.001 -17"><span class='ocrx_word' id='word_1_170' title='bbox 89 3198 174 3253; x_wconf 87' lang='lat' dir='ltr'>mus,</span> <span class='ocrx_word' id='word_1_171' title='bbox 191 3177 283 3256; x_wconf 81' lang='lat' dir='ltr'>magis</span> <span class='ocrx_word' id='word_1_172' title='bbox 299 3176 388 3239; x_wconf 86' lang='lat' dir='ltr'>nostri</span> <span class='ocrx_word' id='word_1_173' title='bbox 405 3178 537 3253; x_wconf 87' lang='lat' dir='ltr'>corporis</span> <span class='ocrx_word' id='word_1_174' title='bbox 555 3176 797 3241; x_wconf 87' lang='lat' dir='ltr'>constitutionem</span> <span class='ocrx_word' id='word_1_175' title='bbox 816 3196 902 3256; x_wconf 82' lang='lat' dir='ltr'>quam</span> <span class='ocrx_word' id='word_1_176' title='bbox 921 3196 1076 3256; x_wconf 86' lang='lat' dir='ltr'>corporum</span> <span class='ocrx_word' id='word_1_177' title='bbox 1088 3192 1274 3239; x_wconf 86' lang='lat' dir='ltr'>externorum</span> 
     </span>
     <span class='ocr_line' id='line_1_26' title="bbox 89 3288 1275 3367; baseline -0.003 -16"><span class='ocrx_word' id='word_1_178' title='bbox 89 3306 224 3351; x_wconf 79' lang='lat' dir='ltr'>naturum</span> <span class='ocrx_word' id='word_1_179' title='bbox 253 3288 401 3365; x_wconf 81' lang='lat' dir='ltr'>indicanr3</span> <span class='ocrx_word' id='word_1_180' title='bbox 431 3291 513 3367; x_wconf 89' lang='lat' dir='ltr'>quod</span> <span class='ocrx_word' id='word_1_181' title='bbox 534 3289 564 3351; x_wconf 87' lang='lat' dir='ltr'>In</span> <span class='ocrx_word' id='word_1_182' title='bbox 586 3290 761 3366; x_wconf 83' lang='lat' dir='ltr'>Appendice</span> <span class='ocrx_word' id='word_1_183' title='bbox 782 3290 875 3367; x_wconf 84' lang='lat' dir='ltr'>partis</span> <span class='ocrx_word' id='word_1_184' title='bbox 896 3290 994 3366; x_wconf 84' lang='lat' dir='ltr'>primae</span> <span class='ocrx_word' id='word_1_185' title='bbox 1016 3289 1115 3351; x_wconf 88' lang='lat' dir='ltr'>multis</span> <span class='ocrx_word' id='word_1_186' title='bbox 1135 3288 1275 3365; x_wconf 83' lang='lat' dir='ltr'>exemplis</span> 
     </span>
     <span class='ocr_line' id='line_1_27' title="bbox 90 3400 232 3477; baseline 0 -16"><span class='ocrx_word' id='word_1_187' title='bbox 90 3400 232 3477; x_wconf 77' lang='lat' dir='ltr'>eanIcuI.</span> 
     </span>
    </p>

    <p class='ocr_par' dir='ltr' id='par_1_9' title="bbox 461 3512 916 3575">
     <span class='ocr_line' id='line_1_28' title="bbox 461 3512 916 3575; baseline 0.004 -3"><span class='ocrx_word' id='word_1_188' title='bbox 461 3512 790 3575; x_wconf 83' lang='lat' dir='ltr'><strong>PROPOSITIO</strong></span> <span class='ocrx_word' id='word_1_189' title='bbox 820 3514 916 3574; x_wconf 85' lang='lat' dir='ltr'><strong>XVII.</strong></span> 
     </span>
    </p>

    <p class='ocr_par' dir='ltr' id='par_1_10' title="bbox 90 3620 1275 4041">
     <span class='ocr_line' id='line_1_29' title="bbox 131 3620 1274 3705; baseline -0.001 -20"><span class='ocrx_word' id='word_1_190' title='bbox 131 3626 168 3685; x_wconf 84' lang='lat' dir='ltr'>Si</span> <span class='ocrx_word' id='word_1_191' title='bbox 191 3622 344 3684; x_wconf 79' lang='lat' dir='ltr'>humanum</span> <span class='ocrx_word' id='word_1_192' title='bbox 372 3622 482 3702; x_wconf 82' lang='lat' dir='ltr'>Corpus</span> <span class='ocrx_word' id='word_1_193' title='bbox 508 3620 639 3701; x_wconf 58' lang='lat' dir='ltr'>offeiram</span> <span class='ocrx_word' id='word_1_194' title='bbox 660 3625 698 3701; x_wconf 75' lang='lat' dir='ltr'>est</span> <span class='ocrx_word' id='word_1_195' title='bbox 716 3626 811 3700; x_wconf 82' lang='lat' dir='ltr'>modo,</span> <span class='ocrx_word' id='word_1_196' title='bbox 831 3630 883 3703; x_wconf 82' lang='lat' dir='ltr'>qm&#39;</span> <span class='ocrx_word' id='word_1_197' title='bbox 901 3638 1041 3685; x_wconf 78' lang='lat' dir='ltr'>naturam</span> <span class='ocrx_word' id='word_1_198' title='bbox 1062 3624 1201 3705; x_wconf 80' lang='lat' dir='ltr'>Corporis</span> <span class='ocrx_word' id='word_1_199' title='bbox 1218 3626 1274 3685; x_wconf 81' lang='lat' dir='ltr'>ali·</span> 
     </span>
     <span class='ocr_line' id='line_1_30' title="bbox 90 3736 1275 3816; baseline -0.003 -16"><span class='ocrx_word' id='word_1_200' title='bbox 90 3740 174 3815; x_wconf 80' lang='lat' dir='ltr'>cujus</span> <span class='ocrx_word' id='word_1_201' title='bbox 200 3742 315 3799; x_wconf 80' lang='lat' dir='ltr'>externi</span> <span class='ocrx_word' id='word_1_202' title='bbox 340 3738 482 3815; x_wconf 78' lang='lat' dir='ltr'>involvis,</span> <span class='ocrx_word' id='word_1_203' title='bbox 511 3738 598 3799; x_wconf 83' lang='lat' dir='ltr'>Mens</span> <span class='ocrx_word' id='word_1_204' title='bbox 624 3736 753 3799; x_wconf 82' lang='lat' dir='ltr'>humana</span> <span class='ocrx_word' id='word_1_205' title='bbox 770 3738 844 3797; x_wconf 81' lang='lat' dir='ltr'>idern</span> <span class='ocrx_word' id='word_1_206' title='bbox 865 3748 966 3816; x_wconf 82' lang='lat' dir='ltr'>corpus</span> <span class='ocrx_word' id='word_1_207' title='bbox 986 3750 1136 3795; x_wconf 72' lang='lat' dir='ltr'>extermsm</span> <span class='ocrx_word' id='word_1_208' title='bbox 1155 3750 1189 3796; x_wconf 82' lang='lat' dir='ltr'>ur</span> <span class='ocrx_word' id='word_1_209' title='bbox 1208 3738 1275 3796; x_wconf 73' lang='lat' dir='ltr'>abiu</span> 
     </span>
     <span class='ocr_line' id='line_1_31' title="bbox 90 3848 1275 3930; baseline -0.001 -20"><span class='ocrx_word' id='word_1_210' title='bbox 90 3850 229 3930; x_wconf 72' lang='lat' dir='ltr'>exrstens,</span> <span class='ocrx_word' id='word_1_211' title='bbox 255 3852 305 3910; x_wconf 80' lang='lat' dir='ltr'>vel</span> <span class='ocrx_word' id='word_1_212' title='bbox 327 3862 361 3910; x_wconf 80' lang='lat' dir='ltr'>ut</span> <span class='ocrx_word' id='word_1_213' title='bbox 383 3850 442 3927; x_wconf 77' lang='lat' dir='ltr'>fibi</span> <span class='ocrx_word' id='word_1_214' title='bbox 462 3851 593 3929; x_wconf 72' lang='lat' dir='ltr'>presens</span> <span class='ocrx_word' id='word_1_215' title='bbox 620 3850 865 3928; x_wconf 78' lang='lat' dir='ltr'>contemplabitur,</span> <span class='ocrx_word' id='word_1_216' title='bbox 893 3851 977 3909; x_wconf 82' lang='lat' dir='ltr'>donec</span> <span class='ocrx_word' id='word_1_217' title='bbox 998 3848 1110 3928; x_wconf 85' lang='lat' dir='ltr'>Corpus</span> <span class='ocrx_word' id='word_1_218' title='bbox 1127 3848 1275 3924; x_wconf 74' lang='lat' dir='ltr'>afficiatur</span> 
     </span>
     <span class='ocr_line' id='line_1_32' title="bbox 92 3960 1196 4041; baseline -0.003 -17"><span class='ocrx_word' id='word_1_219' title='bbox 92 3961 213 4039; x_wconf 63' lang='lat' dir='ltr'>affedu,</span> <span class='ocrx_word' id='word_1_220' title='bbox 234 3966 286 4039; x_wconf 82' lang='lat' dir='ltr'>qui</span> <span class='ocrx_word' id='word_1_221' title='bbox 304 3960 426 4039; x_wconf 81' lang='lat' dir='ltr'>ejusdem</span> <span class='ocrx_word' id='word_1_222' title='bbox 445 3966 573 4041; x_wconf 77' lang='lat' dir='ltr'>corporis</span> <span class='ocrx_word' id='word_1_223' title='bbox 591 3961 769 4041; x_wconf 76' lang='lat' dir='ltr'>existentiam</span> <span class='ocrx_word' id='word_1_224' title='bbox 788 3961 840 4020; x_wconf 81' lang='lat' dir='ltr'>vel</span> <span class='ocrx_word' id='word_1_225' title='bbox 853 3961 1041 4038; x_wconf 73' lang='lat' dir='ltr'>presentiam</span> <span class='ocrx_word' id='word_1_226' title='bbox 1055 3960 1196 4037; x_wconf 79' lang='lat' dir='ltr'>secludar.</span> 
     </span>
    </p>
   </div>
   <div class='ocr_carea' id='block_1_8' title="bbox 95 4128 1275 4417">
    <p class='ocr_par' dir='ltr' id='par_1_11' title="bbox 95 4128 1275 4417">
     <span class='ocr_line' id='line_1_33' title="bbox 491 4128 871 4199; baseline 0.005 -27"><span class='ocrx_word' id='word_1_227' title='bbox 491 4128 871 4199; x_wconf 75' lang='lat' dir='ltr'>oruonsrunrro</span> 
     </span>
     <span class='ocr_line' id='line_1_34' title="bbox 134 4220 1275 4302; baseline -0.004 -15"><span class='ocrx_word' id='word_1_228' title='bbox 134 4239 227 4302; x_wconf 82' lang='lat' dir='ltr'>petet.</span> <span class='ocrx_word' id='word_1_229' title='bbox 268 4225 343 4287; x_wconf 80' lang='lat' dir='ltr'>Num</span> <span class='ocrx_word' id='word_1_230' title='bbox 371 4222 510 4301; x_wconf 81' lang='lat' dir='ltr'>quamdiu</span> <span class='ocrx_word' id='word_1_231' title='bbox 537 4222 654 4302; x_wconf 88' lang='lat' dir='ltr'>Corpus</span> <span class='ocrx_word' id='word_1_232' title='bbox 681 4225 838 4286; x_wconf 82' lang='lat' dir='ltr'>humanum</span> <span class='ocrx_word' id='word_1_233' title='bbox 865 4224 903 4285; x_wconf 85' lang='lat' dir='ltr'>stc</span> <span class='ocrx_word' id='word_1_234' title='bbox 931 4223 1065 4286; x_wconf 76' lang='lat' dir='ltr'>affectum</span> <span class='ocrx_word' id='word_1_235' title='bbox 1086 4222 1143 4299; x_wconf 87' lang='lat' dir='ltr'>est,</span> <span class='ocrx_word' id='word_1_236' title='bbox 1163 4220 1275 4284; x_wconf 81' lang='lat' dir='ltr'>tamdiu</span> 
     </span>
     <span class='ocr_line' id='line_1_35' title="bbox 95 4334 1273 4417; baseline -0.005 -18"><span class='ocrx_word' id='word_1_237' title='bbox 95 4339 182 4399; x_wconf 87' lang='lat' dir='ltr'>Mens</span> <span class='ocrx_word' id='word_1_238' title='bbox 203 4336 327 4401; x_wconf 82' lang='lat' dir='ltr'>humana</span> <span class='ocrx_word' id='word_1_239' title='bbox 350 4335 422 4415; x_wconf 87' lang='lat' dir='ltr'>(per</span> <span class='ocrx_word' id='word_1_240' title='bbox 442 4338 531 4416; x_wconf 87' lang='lat' dir='ltr'>Prop.</span> <span class='ocrx_word' id='word_1_241' title='bbox 555 4352 599 4399; x_wconf 80' lang='lat' dir='ltr'>ru.</span> <span class='ocrx_word' id='word_1_242' title='bbox 621 4335 721 4417; x_wconf 77' lang='lat' dir='ltr'>hujus)</span> <span class='ocrx_word' id='word_1_243' title='bbox 749 4336 824 4398; x_wconf 81' lang='lat' dir='ltr'>lianc</span> <span class='ocrx_word' id='word_1_244' title='bbox 845 4334 978 4413; x_wconf 86' lang='lat' dir='ltr'>corporis</span> <span class='ocrx_word' id='word_1_245' title='bbox 998 4334 1180 4397; x_wconf 77' lang='lat' dir='ltr'>affectionem</span> <span class='ocrx_word' id='word_1_246' title='bbox 1201 4352 1273 4395; x_wconf 91' lang='lat' dir='ltr'>con·</span> 
     </span>
    </p>
   </div>
   <div class='ocr_carea' id='block_1_9' title="bbox 0 0 1473 4900">
    <p class='ocr_par' dir='ltr' id='par_1_12' title="bbox 0 0 1473 4900">
     <span class='ocr_line' id='line_1_36' title="bbox 0 0 1473 4900; baseline 0 0"><span class='ocrx_word' id='word_1_247' title='bbox 0 0 1473 4900; x_wconf 95' lang='lat' dir='ltr'> </span> 
     </span>
    </p>
   </div>
  </div>
 </body>
</html>
