2934 4900
371 355 685 417 Emendatione
715 356 964 420 Tractatur.
1225 378 1261 437 19

65 527 230 591 memoriam
252 529 395 593 revocavi
415 529 500 591 aliam
521 532 668 593 candelam
689 546 749 591 non
771 532 918 593 ardentem
941 531 1008 610 (aut
1034 532 1109 593 itanc
1140 535 1260 595 eandem

66 642 191 717 concepi
212 640 271 703 sine
293 642 445 723 flamma),
465 660 514 719 er,
542 645 625 721 quod
652 642 757 727 cogito¹
783 646 820 705 de
847 661 883 705 ea
902 645 1040 720 candela,
1059 644 1091 706 id
1111 643 1204 721 ipsum
1224 647 1260 706 de

65 753 119 814 hac
147 750 301 831 intelligo,
329 754 469 831 quamdiu
496 757 534 817 nd
560 756 700 817 flammam
729 773 790 817 non
810 758 944 817 attendo.
985 757 1018 818 ln
1038 754 1167 818 secundo
1187 755 1261 819 nihil

65 864 147 925 aliud
167 864 219 941 lit,
239 883 328 941 quam
349 865 509 928 abstrahere
530 866 728 945 cogitationes
745 886 761 929 a
780 868 954 944 corporibus
974 868 1261 945 circumjacentibus,

65 994 100 1037 ut
121 994 203 1037 menn
225 976 254 1037 se
274 992 432 1040 convertat
452 980 489 1039 ad
510 975 598 1040 solam
620 980 764 1054 candele,
785 978 815 1039 in
835 978 865 1040 se
887 979 947 1041 sola
967 978 1259 1056 spedatae,contem·

65 1088 246 1165 piationenr;
276 1106 312 1151 ut
343 1090 444 1166 postea
474 1092 632 1153 concludat
660 1092 808 1154 candelam
837 1093 945 1154 nullam
964 1092 1070 1154 habere
1089 1092 1203 1155 causam
1222 1096 1260 1155 ad

63 1200 108 1261 sui
142 1200 233 1277 ipssur
260 1200 493 1265 destmuionem.
533 1203 620 1265 Adeo
651 1219 685 1265 ut
704 1203 725 1264 ss
745 1205 824 1265 nulla
853 1203 944 1266 client
963 1223 1088 1281 corpora
1108 1204 1259 1284 circumja-

62 1307 182 1379 centia,
201 1311 320 1373 candela
340 1309 420 1386 haec,
440 1328 475 1371 ac
495 1309 583 1372 etiam
603 1312 731 1386 flamma,
752 1329 900 1374 manerent
920 1314 1131 1390 immutabiles,
1151 1331 1203 1377 aut
1224 1315 1259 1377 si-

63 1420 162 1482 milia:
200 1422 290 1483 Nulla
309 1421 399 1501 igitur
420 1424 505 1485 datur
525 1421 572 1484 hle
593 1423 690 1499 liiiio,
718 1422 767 1486 sed
793 1423 805 1465 ¹
828 1443 904 1488 verae
925 1444 959 1487 ac
980 1444 1063 1489 muae
1084 1426 1260 1490 assertiones.

105 1532 302 1597 Transeamus
328 1533 389 1610 jann
420 1537 457 1596 ad
487 1533 637 1613 ditiones,
657 1556 722 1613 quae
744 1536 895 1601 versantur
913 1538 990 1602 circa
1011 1538 1144 1601 ellenriar
1164 1538 1260 1616 solas,

64 1647 115 1709 vel
145 1664 213 1707 curn
243 1646 342 1723 aliqua
372 1646 539 1709 asinalitate
571 1645 630 1710 sive
660 1647 813 1710 existentia
843 1649 934 1711 dmul.
980 1648 1066 1711 Circa
1096 1669 1171 1726 quar
1200 1649 1258 1711 hoc
1303 1657 1305 1660 ’

65 1757 193 1819 maxime
225 1755 310 1819 venit
339 1757 593 1819 considerandum:
625 1760 724 1835 quod,
755 1778 817 1835 quo
838 1778 920 1821 mena
939 1760 1035 1821 minua
1055 1759 1208 1839 intelligit,
1229 1776 1260 1821 et

66 1887 165 1931 tamen
187 1870 270 1945 plura
291 1868 434 1946 percipit,
454 1886 491 1929 eo
511 1868 648 1946 majorem
668 1870 775 1931 habeat
796 1870 959 1946 potentiana
980 1870 1125 1950 fingendi,
1145 1887 1177 1932 et
1196 1888 1258 1947 quo

67 1984 149 2057 plura
183 1979 338 2061 intelligit,
369 2000 406 2043 eo
436 1981 527 2061 magis
557 1982 604 2043 illa
632 1981 767 2058 potentia
789 1982 976 2047 diminuatur.
1014 1983 1128 2046 Eodem
1149 2002 1196 2046 ex.
1217 2002 1259 2063 pt.

65 2097 157 2157 modo
168 2139 180 2171 ,
212 2111 275 2171 quo
303 2092 387 2170 supra
414 2092 562 2171 vidintur,
582 2112 638 2157 noa
659 2112 719 2157 non
741 2094 821 2171 polle
840 2096 946 2175 fingere
955 2140 968 2173 ,
988 2095 1126 2173 quamdiu
1145 2096 1259 2175 cogita-

67 2224 152 2280 mut,
185 2221 244 2266 nos
273 2204 403 2284 cogitare
430 2220 461 2265 et
488 2223 547 2266 non
569 2206 718 2285 cogitate;
749 2206 788 2268 sic
808 2205 917 2284 etiarn,
947 2207 1100 2285 postquam
1120 2208 1259 2272 novimus

67 2332 201 2379 naturam
223 2315 377 2393 corporis,
398 2334 458 2377 non
478 2314 627 2393 posl‘unaua
647 2318 754 2395 lingere
774 2316 900 2381 nauseam
919 2316 1078 2394 infinitam
1099 2317 1158 2382 lrve
1179 2320 1259 2395 post-

68 2446 156 2506 quam
187 2427 327 2492 novimus
357 2444 487 2492 naturam
514 2431 528 2469 ²
555 2427 678 2508 anima,
708 2446 770 2492 non
801 2428 949 2506 posl'urnua
975 2431 1082 2509 lingere
1109 2449 1171 2492 eam
1204 2430 1258 2494 esic

68 2543 260 2618 quadratam,
280 2540 414 2618 quantula
435 2540 531 2602 omnia
550 2539 649 2604 verbis
670 2542 805 2618 pollinaus
825 2541 915 2604 effari.
954 2541 1028 2616 Sed,
1048 2541 1093 2603 uti
1113 2541 1258 2619 dirimat,

70 2672 134 2730 quo
166 2653 263 2716 minua
291 2652 425 2716 homines
453 2667 563 2716 norunt
582 2654 743 2729 Naturam,
763 2671 800 2714 eo
822 2651 937 2716 facilior
957 2654 1047 2716 multa
1068 2651 1186 2729 possunt
1205 2655 1258 2715 sin-

71 2783 138 2844 gere
149 2783 161 2842 ς
182 2763 295 2840 veluti,
315 2766 433 2827 arbores
452 2763 535 2842 loqui
546 2809 557 2842 ,
575 2762 709 2826 homines
730 2763 760 2824 in
781 2779 931 2825 momento
951 2763 1057 2826 mutari
1078 2763 1108 2826 in
1129 2764 1257 2842 lapides,

72 2951 223 3016 apparebit,
239 2951 309 3016 quod
328 2949 397 3002 ficiio
414 2965 542 3015 nunquam
559 2950 657 3015 aliquid
675 2949 738 3002 novi
757 2949 833 3013 facit,
850 2963 893 3001 tut
910 2949 989 3002 menti
1007 2952 1117 3015 praebett
1132 2949 1173 3002 scd
1191 2951 1260 3014 quod

73 3047 173 3087 unum
191 3049 235 3096 en,
252 3049 307 3098 qnae
324 3031 382 3085 sunt
398 3035 424 3084 in
442 3035 547 3086 cerebro
564 3045 608 3086 tut
625 3033 651 3084 in
670 3032 865 3101 imaginatione,
881 3047 1036 3085 rcvomntur
1050 3033 1082 3084 ad
1100 3033 1261 3094 rncrnorintn,

71 3131 100 3170 et
117 3117 189 3180 quod
212 3116 316 3169 confuse
338 3116 370 3168 nd
393 3116 478 3168 otunia
497 3115 568 3168 simul
585 3129 657 3167 niens
673 3114 792 3168 attendit.
824 3117 990 3167 Revocantur
1007 3128 1049 3166 ex.
1065 3129 1104 3182 gr.
1120 3116 1147 3165 in
1165 3129 1259 3165 memo-

73 3201 136 3252 riam
165 3199 267 3264 loquela
289 3212 316 3251 cr
339 3201 430 3262 arbnr;
453 3212 479 3254 ct
503 3213 559 3252 curn
585 3213 656 3250 ment
678 3197 781 3250 confuse
799 3196 909 3250 attendit
925 3198 976 3249 sine
993 3195 1172 3258 distinetione,
1188 3209 1262 3262 putat

72 3285 191 3333 arborem
218 3281 299 3346 loqui.
332 3282 401 3332 ldenn
428 3281 459 3333 de
485 3279 619 3332 existentia
645 3280 817 3347 intelligitur,
834 3280 988 3344 prael'ertirn,
1005 3279 1042 3331 uti
1059 3279 1187 3342 dinitnus,
1204 3294 1261 3332 curn

74 3365 140 3416 adeo
166 3364 318 3430 generaliter
341 3378 370 3414 ac
395 3377 441 3415 ens
466 3362 628 3426 concipitura
653 3362 715 3426 quia
733 3374 786 3414 tuna
805 3361 878 3414 facile
895 3361 1037 3426 applicatur
1055 3360 1187 3424 omnibus,
1203 3376 1261 3424 qun

74 3447 149 3499 simul
165 3447 193 3498 in
211 3447 331 3498 memoria
348 3457 495 3498 occantunt.
529 3445 605 3511 Quod
622 3457 712 3496 notatu
729 3445 805 3497 valde
822 3445 926 3508 dignuin
943 3442 988 3494 cll.

112 3538 120 3562 ¹
161 3531 231 3580 idern
258 3529 332 3582 etiarn
359 3529 390 3580 dc
415 3529 593 3594 hypothedbur
620 3527 832 3596 intelligendum,
857 3542 914 3590 quae
940 3525 1005 3578 siunt
1029 3526 1061 3578 ad
1078 3539 1162 3577 certor
1177 3537 1262 3577 motos

75 3611 274 3676 explicandum,
299 3611 343 3674 qui
369 3611 528 3662 conveniunt
554 3625 610 3661 curn
637 3610 756 3661 caelorutn
774 3608 963 3672 phaettomenis,
979 3607 1023 3659 nisi
1042 3608 1111 3672 quod
1129 3622 1161 3658 err
1179 3607 1261 3670 iimo

76 3695 190 3745 motibus
215 3691 355 3745 celestibus
381 3691 560 3758 applicentur,
577 3705 691 3744 naturam
709 3691 829 3743 caelorum
847 3690 1019 3753 concludant,
1035 3705 1093 3754 quae
1110 3702 1194 3742 tannen
1211 3689 1261 3740 alia

76 3775 161 3842 potcll
177 3777 239 3839 elie,
256 3775 392 3841 praesertim
411 3791 467 3828 cunr
484 3775 517 3826 ad
533 3775 711 3841 explicandum
730 3774 793 3826 tales
809 3786 894 3825 motut
910 3773 996 3825 multe
1013 3773 1068 3825 aliae
1084 3772 1162 3825 musae
1170 3771 1261 3838 posl'tnt

76 3859 190 3926 concipi.

113 3947 124 3974 ¹
160 3945 232 4006 sepe
249 3939 391 4009 contingit,
408 3941 534 3994 laonrincrn
552 3942 616 3993 itanc
633 3954 725 3994 vocern
743 3939 871 3990 animaad
889 3936 954 3990 luant
971 3939 1117 3990 rncrnorlam
1131 3951 1262 3999 revocare,

77 4039 103 4076 tr
129 4025 199 4076 simini
225 4025 335 4088 aliquam
359 4037 508 4089 corpoream
525 4023 658 4090 imaginem
676 4021 797 4073 formare.
829 4022 894 4072 Cum
912 4034 976 4072 vcro
992 4022 1046 4072 haue
1063 4021 1117 4073 duo
1133 4020 1204 4072 sirnul
1221 4035 1259 4071 re-

76 4107 275 4174 praestntantut,
300 4107 375 4160 facile
401 4119 474 4172 putat
500 4107 524 4160 se
549 4105 680 4173 imaginari
706 4117 732 4156 et
759 4103 853 4172 fingere
876 4103 982 4155 anirnatn
1008 4118 1175 4169 corpoream:
1200 4103 1260 4167 quia

77 4205 169 4242 nornen
188 4207 202 4242 a
219 4205 246 4242 re
271 4189 325 4256 ipsa
351 4203 403 4242 non
430 4189 570 4258 distinguit.
604 4189 653 4240 llic
679 4185 798 4253 postulo,
815 4200 843 4238 ut
860 4183 968 4238 latiores
984 4201 1035 4238 non
1054 4188 1101 4238 stnt
1118 4185 1261 4251 praecipites

73 4275 105 4326 ad
132 4277 183 4326 stoc
208 4273 386 4335 resutandnrn,
408 4273 496 4336 qtrod,
522 4284 551 4324 ur
576 4271 666 4337 spero,
691 4284 743 4322 non
769 4268 881 4330 sacient,
905 4269 1030 4320 modoad
1047 4267 1162 4332 exempla
1184 4281 1259 4331 qtratn

74 4369 192 4410 accurare
209 4358 357 4421 attendant,
373 4369 400 4408 et
417 4355 487 4408 dmul
504 4355 536 4406 ad
556 4369 586 4406 ca
602 4369 659 4418 que
677 4353 824 4417 sequuntur.
