2934 4900
351 336 849 415 Theoiogico·Politici
891 338 964 415 Cap.
992 340 1014 397 l.
1216 339 1271 414 383

82 510 163 587 ficut
191 511 305 587 Moses,
332 529 413 588 quem
438 513 519 573 Deus
545 516 659 571 noverit
686 513 720 571 de
741 510 822 587 facie
847 514 889 571 ad
907 512 1034 589 sact'em,¹
1056 514 1137 589 quod
1159 513 1275 589 quidem

86 619 312 700 intelligendum
340 623 381 682 est
408 640 460 698 per
480 623 568 683 solam
590 640 712 698 vocem,
732 640 797 683 nam
819 640 872 683 nee
893 622 994 683 Moles
1015 624 1074 699 ipse
1095 622 1152 683 Dei
1172 622 1275 683 faciem

87 750 240 809 nunquam
260 733 374 796 viderat
395 734 509 812 (Exodi
529 752 593 811 cap.
616 734 678 813 33).

131 844 239 905 Praeter
258 845 319 906 haec
340 845 434 907 media
455 847 533 907 nttlla
554 846 626 923 alia,
647 846 756 923 quibus
776 850 858 909 Deus
878 846 907 909 se
927 848 1094 910 hominibus
1115 849 1274 911 communi·

87 956 219 1030 caverit,
245 956 274 1016 in
302 956 396 1017 Sacris
423 957 545 1019 Litteris
573 958 704 1035 repetio;
731 961 883 1037 adeoque,
912 974 945 1021 ιιι
974 960 1057 1036 supra
1080 958 1274 1037 ostendimus,

89 1069 170 1129 nulla
191 1068 247 1129 alia
268 1069 402 1148 fingenda
422 1088 517 1147 neque
543 1072 731 1133 admittenda.
752 1072 793 1133 Et
814 1073 948 1149 quamvis
969 1074 1043 1135 clare
1065 1073 1276 1153 intelligamus,

88 1180 187 1241 Deum
207 1178 287 1255 polle
307 1180 471 1243 immediate
492 1182 521 1242 se
541 1182 710 1245 hominibus
730 1186 960 1261 communicare;
981 1202 1046 1245 nam
1067 1185 1153 1247 ntrllis
1174 1186 1277 1247 mediis

90 1290 242 1367 corporeis
263 1292 419 1369 adhibitis,
447 1294 539 1354 menti
566 1294 669 1355 nostrae
699 1294 777 1356 suam
800 1294 947 1356 clientiam
968 1296 1179 1373 communicat;
1201 1313 1276 1359 atta·

89 1420 174 1478 men,
197 1420 229 1465 ιιι
250 1404 340 1465 homo
361 1404 468 1481 aliquis
487 1405 549 1467 sola
576 1422 673 1467 mente
701 1406 797 1483 aliqua
825 1406 1004 1483 perciperet,
1034 1426 1099 1484 qua
1127 1408 1157 1469 in
1179 1410 1278 1484 primis

90 1516 194 1577 nostrat
222 1517 402 1596 cognitionis
429 1519 627 1581 fundamentis
654 1537 715 1580 non
744 1518 952 1595 continentur,
982 1538 1036 1581 nec
1057 1522 1094 1581 ab
1116 1520 1151 1581 iis
1173 1520 1279 1582 deduci

90 1627 227 1704 poliunt,
248 1629 311 1706 ejus
331 1648 412 1691 mens
433 1630 614 1706 praestantior
634 1628 808 1706 neceilario,
829 1647 917 1707 atque
939 1630 1063 1693 hnmana
1081 1632 1167 1710 longe
1179 1633 1275 1693 excel-

91 1741 218 1817 lentior,
238 1741 293 1803 elle
314 1744 443 1804 deberet.
464 1744 561 1827 Quare
589 1760 649 1803 non
671 1744 776 1817 credo,
807 1743 895 1803 tulum
916 1741 1002 1804 thum
1023 1746 1060 1804 ad
1080 1758 1190 1805 tantam
1212 1761 1277 1819 per·

90 1853 247 1915 fediionem
275 1854 358 1931 supra
386 1853 460 1915 alios
486 1853 663 1930 pervenille,
689 1869 794 1929 praeter
823 1852 982 1929 Christum,
1004 1854 1052 1915 cui
1073 1853 1130 1915 Dei
1152 1854 1278 1930 placita,

91 1984 158 2041 quae
177 1966 311 2027 homines
331 1969 368 2028 ad
388 1967 508 2028 salutem
531 1969 660 2042 ducunt,
682 1966 740 2026 line
761 1965 859 2028 verbis
879 1980 931 2027 aut
953 1964 1132 2041 visionibus,
1153 1964 1202 2026 sed
1223 1966 1275 2027 im·

92 2076 219 2139 mediate
246 2079 372 2140 revelata
402 2078 484 2139 sunt:
513 2081 588 2139 adeo
609 2093 643 2139 ut
663 2079 745 2139 Deus
767 2095 820 2153 per
841 2093 966 2138 mentem
987 2076 1092 2138 Christi
1114 2076 1172 2138 sese
1193 2080 1277 2155 Apo-

92 2188 174 2249 stolis
206 2188 447 2265 manifestaverit,
468 2204 502 2251 ut
523 2190 592 2250 olim
615 2190 692 2251 Moh
724 2189 869 2275 mediante
899 2207 975 2253 voce
1007 2195 1098 2251 adrea.
1139 2190 1180 2251 Et
1210 2189 1278 2251 ideo

95 2320 158 2363 vox
189 2302 311 2378 Christi,
341 2302 426 2365 ficuti
458 2304 522 2381 illa,
554 2322 639 2380 quarn
670 2304 773 2365 Moses
804 2303 958 2380 audiebat,
989 2304 1060 2363 Vox
1091 2303 1147 2364 Dei
1178 2302 1278 2367 vocari

94 2414 202 2490 potest.
241 2415 281 2476 Et
307 2416 365 2477 hoc
392 2415 476 2478 sensu
504 2415 591 2478 etiarn
621 2415 715 2479 dicere
744 2415 908 2494 pollumus,
929 2416 1106 2493 Sapientiam
1127 2416 1200 2493 Dei,
1220 2418 1278 2480 hoc

95 2528 136 2588 cst
157 2527 351 2605 Sapientiam,
370 2547 435 2605 quae
458 2528 541 2604 supra
562 2529 715 2589 humanam
733 2529 790 2604 est,
806 2545 936 2591 naturam
957 2529 1109 2589 humanam
1121 2527 1150 2588 in
1162 2527 1276 2589 Christo

94 2639 273 2717 affumphlle.
313 2641 369 2717 Er,
390 2641 533 2702 Christum
555 2640 632 2703 viam
653 2639 753 2702 salutis
774 2639 866 2702 futile.

135 2757 244 2817 Verum
273 2773 388 2816 monete
416 2754 464 2816 hic
494 2753 606 2816 necelle
627 2754 685 2830 est,
705 2773 751 2814 mc
773 2756 809 2815 de
830 2753 883 2830 iis,
904 2772 969 2830 quae
991 2756 1121 2831 quadam
1143 2751 1276 2813 Ecclesrae

95 2871 132 2928 de
163 2867 276 2930 Christo
308 2867 459 2943 statuunt,
490 2866 607 2942 prorsus
638 2884 699 2927 non
730 2865 836 2942 loqui,
868 2883 962 2942 neque
993 2884 1027 2926 ea
1058 2883 1181 2943 negare;
1212 2881 1277 2924 nam

94 2979 219 3040 libenter
245 2980 357 3054 fateor,
384 2997 429 3040 ιιι
456 2997 490 3040 ea
519 2996 579 3040 non
607 2995 720 3054 capere.
761 2978 836 3059 Quae
864 2979 953 3038 modo
984 2974 1139 3050 affirmavi,
1159 2993 1197 3035 en
1217 2973 1279 3050 ipsa

1 3160 9 3176 ι
97 3091 246 3166 Scriptura
273 3089 412 3166 conjicio.
453 3092 529 3151 Nam
557 3088 659 3151 nullibi
687 3089 761 3168 legi,
788 3090 883 3149 Deum
911 3087 1026 3148 Christo
1047 3084 1206 3162 apparuille
1227 3101 1278 3148 aut

95 3204 226 3264 locutum
253 3201 354 3278 inille,
381 3202 430 3263 sed
457 3204 551 3264 Deum
580 3219 632 3278 per
660 3199 804 3262 Christum
825 3199 977 3276 Apostolis
998 3200 1156 3262 revelatum
1177 3195 1278 3274 fuisse,

96 3331 221 3390 cumque
247 3313 324 3376 viam
352 3313 452 3375 salutis
480 3313 554 3388 esse,
580 3330 610 3375 et
632 3313 759 3390 denique
782 3329 910 3376 veterem
931 3314 1023 3392 legem
1044 3330 1096 3388 per
1115 3312 1279 3390 Angelum,

96 3446 156 3488 non
186 3444 258 3489 vero
279 3447 295 3487 a
317 3427 383 3488 Deo
412 3425 576 3487 immediate
605 3426 741 3486 traditam
769 3424 869 3500 inille,
899 3440 956 3486 etc.
997 3425 1111 3506 Quare,
1134 3422 1155 3483 st
1177 3423 1277 3484 Moses

96 3555 161 3598 cum
188 3538 254 3598 Deo
282 3541 319 3599 de
350 3537 423 3598 lacie
453 3540 490 3598 ad
518 3537 637 3612 facient,
658 3552 691 3599 ut
712 3536 758 3600 vir
778 3556 843 3598 curn
866 3537 946 3597 socio
969 3536 1041 3597 solet
1064 3536 1134 3614 (hoc
1157 3536 1197 3597 est
1218 3553 1277 3596 mc·

95 3648 245 3709 diantibus
266 3651 383 3710 duobus
404 3649 592 3729 corporibus)
613 3651 812 3725 loquebatur,
834 3648 964 3710 Christus
986 3647 1101 3724 quidem
1122 3650 1158 3708 de
1180 3663 1276 3707 mente

9 3765 14 3785 ⁴
96 3762 131 3820 ad
151 3774 276 3820 mentem
298 3779 364 3821 cunt
385 3761 451 3821 Deo
473 3759 711 3822 communicavit.

134 3869 292 3932 Allerimus
324 3871 444 3948 itaque,
475 3887 580 3948 praeter
612 3871 775 3946 Christum,
807 3869 949 3932 neminem
979 3868 1031 3931 nist
1062 3869 1277 3948 imaginationis

96 4001 169 4058 ope,
197 3982 337 4044 videlicet
365 4002 421 4061 ope
451 3987 608 4046 verborum
629 3998 681 4045 aut
702 3983 875 4062 imaginum,
895 3983 952 4044 Dei
972 3982 1100 4046 revelata
1122 3981 1278 4058 accepisse,

96 4111 184 4172 arque
216 4099 290 4156 adeo
321 4098 357 4157 ad
390 4096 653 4173 prophetizandum
686 4113 747 4156 non
779 4093 835 4154 ell'e
864 4112 940 4170 opus
969 4092 1141 4168 pericciiore
1163 4107 1277 4166 mente,

96 4208 144 4268 sed
171 4207 354 4271 vividiore'
348 4208 572 4287 imaginatione,
600 4223 633 4269 ut
662 4207 795 4268 clarius'
788 4227 817 4268 tn
838 4206 972 4283 sequenti
990 4205 1097 4282 Capite
1119 4207 1276 4266 ostendam

0 4321 5 4376 l
97 4319 183 4380 llic
171 4339 231 4395 Jam
253 4323 441 4396 quaerendum
463 4320 519 4395 est,
548 4321 686 4398 quidnam
712 4321 804 4380 Sacrae
827 4317 933 4379 Litetae
956 4317 1120 4396 intelligant
1141 4333 1192 4392 per
1211 4315 1277 4392 Spi-
