2934 4900
244 322 304 397 258
670 319 850 381 Ethicer
877 318 946 382 Ptrr
966 319 1005 381 V.

711 517 725 559 t
738 516 757 559 c
770 514 791 559 n
804 517 824 559 o
836 516 856 561 t.
868 514 881 559 r
894 516 917 559 u
929 516 967 559 tr.

282 611 354 671 ttaec
375 609 542 687 Propofitio
563 626 648 689 putet
669 611 757 673 etium
779 608 1155 687 execramentum
1176 608 1280 671 Partis.

627 769 959 833 PROPOSITIO
998 771 1049 831 IX.

282 880 426 959 Affeiius,
454 888 507 959 qui
531 885 574 944 ud
593 885 694 963 piures
720 896 750 943 ct
777 884 913 960 diuersas
940 882 1045 959 causas
1072 880 1213 959 refertur,
1241 900 1317 958 quas
1344 882 1421 941 Meos

242 1012 303 1052 cum
329 996 392 1075 ipso
418 992 522 1072 affedu
543 995 631 1074 statui
656 996 873 1075 contemplatur,
901 998 994 1054 minus
1020 998 1122 1054 noxius
1142 995 1195 1073 esi,
1216 1008 1243 1053 et
1263 998 1360 1053 minus
1374 1006 1422 1071 per

240 1108 335 1185 ipsum
350 1110 501 1187 patimur,
527 1122 556 1168 ec
575 1126 649 1185 erga
668 1126 898 1185 unamquamque
923 1108 1039 1185 causam
1058 1112 1152 1167 miuus
1170 1108 1328 1197 afficimur,
1346 1126 1421 1185 quon

241 1218 319 1277 alius
339 1235 416 1295 aque
435 1238 557 1297 magnus
576 1217 714 1297 affalius,
732 1224 784 1297 qui
803 1221 948 1280 adunam
962 1220 1057 1297 solam
1081 1222 1130 1280 uei
1150 1224 1303 1299 pauciores
1328 1220 1421 1295 coufin

240 1328 382 1407 refertur.

644 1430 1040 1477 uemousrunrtm

279 1521 412 1585 Affedrus
433 1538 554 1585 eatenus
576 1539 692 1586 tantum
713 1526 807 1587 malus
826 1524 877 1587 seu
898 1523 1006 1586 noxius
1028 1524 1086 1601 est,
1117 1522 1263 1601 quatenus
1283 1526 1373 1585 Mene
1390 1524 1419 1582 ob

239 1651 277 1693 eo
298 1633 471 1713 impeditur,
492 1654 553 1712 quo
575 1635 671 1697 minus
692 1636 778 1712 possit
800 1636 930 1715 cogitare
954 1637 1027 1716 (per
1047 1638 1137 1717 Prop.
1148 1640 1197 1697 26.
1217 1650 1246 1697 et
1265 1652 1315 1713 αῖ.
1331 1650 1363 1715 p.
1374 1641 1419 1715 4):

239 1748 373 1824 adeoque
400 1746 447 1808 ille
474 1747 612 1823 affeiiut,
633 1766 650 1809 a
671 1766 734 1824 quo
764 1748 852 1809 Mens
882 1750 918 1810 td
947 1750 1029 1825 plura
1057 1748 1138 1811 stmul
1160 1748 1273 1825 objeda
1295 1764 1419 1810 contem-

238 1858 376 1933 piandum
403 1859 628 1935 determinatur,
657 1859 753 1919 minus
782 1859 891 1921 noxius
922 1860 979 1937 est,
1000 1879 1086 1937 quam
1108 1860 1181 1923 alius
1202 1879 1285 1937 uque
1308 1876 1419 1937 magnus

239 1969 376 2045 effecius,
396 1971 448 2047 qui
468 1972 602 2032 Mentem
623 1970 752 2031 in*sola
774 1970 862 2033 unius
884 1986 935 2032 rut
956 1971 1128 2047 pauciorum
1151 1970 1334 2048 objectorum
1355 1986 1418 2029 con-

239 2080 431 2158 templatione
461 2084 504 2143 ita
533 2083 665 2160 detinet,
697 2098 731 2144 ut
764 2085 801 2144 de
834 2082 898 2143 aliis
930 2084 1060 2162 cogitare
1090 2100 1235 2161 nequeat3
1255 2084 1348 2165 Quod
1368 2096 1420 2141 erat

239 2193 371 2268 primum.
411 2194 546 2270 Deinde,
567 2194 636 2271 quir
658 2194 772 2256 Mentis
794 2193 933 2272 essentia,
952 2196 1011 2256 hoc
1033 2195 1073 2257 est
1094 2196 1168 2276 (per
1188 2196 1276 2273 Prop.
1293 2210 1322 2269 7.
1339 2208 1370 2273 p.
1386 2192 1421 2267 3.)

239 2306 392 2382 potentia,
419 2307 449 2367 in
472 2306 532 2368 sola
554 2307 739 2385 cogitatione
762 2305 891 2369 confistit
914 2308 986 2386 (per
1006 2310 1095 2387 Prop.
1121 2324 1165 2369 tt.
1183 2320 1215 2387 p.
1236 2324 1265 2367 2.
1276 2307 1341 2385 **),
1361 2320 1421 2381 ergo

239 2420 327 2481 Mens
347 2438 401 2497 per
422 2420 574 2498 affectum,
594 2440 610 2483 o
629 2439 691 2499 quo
714 2424 750 2484 ad
773 2422 855 2497 pluro
876 2419 956 2484 timul
979 2422 1236 2498 contemplandum
1256 2418 1421 2482 decennita-

239 2549 305 2609 tur,
325 2535 421 2596 minus
442 2534 571 2611 patitur,
598 2553 685 2610 quam
707 2551 760 2610 per
781 2551 863 2610 aeque
893 2553 1025 2612 magnum
1048 2533 1181 2595 affectum
1193 2578 1203 2609 ,
1224 2533 1276 2610 qui
1297 2533 1419 2593 Mentem

238 2645 350 2706 insola
371 2645 461 2708 unius
482 2661 533 2708 tut
562 2645 733 2722 pauciorum
764 2646 947 2724 objeiiorum
975 2646 1226 2723 contemplatione
1256 2660 1420 2722 occupatam

239 2772 339 2833 tenet;
369 2758 461 2839 Quod
492 2773 554 2818 erat
586 2757 754 2820 secundum.
795 2757 932 2834 Denique
959 2758 1007 2818 hic
1036 2757 1156 2820 affedius
1179 2757 1250 2838 (per
1272 2757 1360 2836 Prop.
1380 2753 1421 2834 48.

234 2882 267 2948 p.
289 2870 331 2948 3.)
339 2913 350 2944 ,
377 2885 524 2946 quatenus
552 2872 590 2931 td
618 2871 716 2946 plures
747 2870 848 2931 causas
870 2884 1006 2930 externas
1028 2870 1170 2944 refertur,
1190 2868 1231 2928 est
1254 2867 1341 2930 etiam
1364 2882 1420 2942 ergo

238 2998 472 3058 unamquamque
493 2980 597 3042 minor.
640 2983 675 3057 Q.
696 2983 734 3042 E.
754 2983 795 3044 D.

627 3138 960 3200 PROPOSITIO
1001 3138 1037 3198 X.

281 3267 423 3342 Quamdiu
441 3262 608 3342 affedibus,
619 3269 671 3342 qui
689 3266 792 3343 nostra
811 3279 927 3326 nactura
942 3267 1016 3343 sunt
1036 3268 1196 3339 contrarii,
1215 3285 1271 3324 uon
1288 3263 1418 3339 constititc-

237 3395 313 3452 tnur,
340 3379 451 3436 tamdiu
473 3376 639 3454 potestatem
669 3374 805 3436 habemus
832 3379 989 3437 ordinandi
1015 3390 1043 3436 et
1067 3379 1271 3436 concatenaudi
1293 3375 1420 3454 Corporis

237 3485 398 3565 affeiiioues
412 3490 568 3566 secuudum
588 3489 717 3548 ordinem
739 3491 781 3549 ad
799 3491 978 3550 intellectum.

639 3649 1036 3696 onnonsrnnrto

279 3743 429 3820 Affedus,
457 3742 509 3820 qui
536 3743 640 3804 nostre
668 3761 779 3807 nuturae
808 3745 874 3806 sunt
903 3744 1059 3822 contrarii,
1087 3745 1145 3806 hoc
1177 3745 1218 3805 est
1248 3743 1319 3823 (per
1340 3745 1418 3818 Prop-

241 3873 289 3932 30.
305 3868 337 3934 p.
359 3857 403 3934 4.)
432 3854 484 3932 qui
511 3854 577 3914 meli
605 3853 691 3932 sunt,
719 3871 842 3917 eatenus
873 3857 939 3916 mali
967 3856 1034 3918 sunt
1042 3901 1051 3932 ‚
1081 3871 1228 3933 quotenus
1250 3855 1417 3932 impediunt,

240 3983 301 4040 quo
328 3964 425 4026 minus
451 3966 539 4034 Mens
567 3964 712 4044 intelligat
742 3967 813 4045 (per
834 3967 924 4046 Prop.
946 3983 993 4044 27.
1013 3981 1045 4047 p.
1066 3969 1122 4048 4.).
1163 3967 1313 4050 Quamdiu
1341 3965 1420 4044 igitur

169 4055 180 4068 ’
240 4077 407 4152 nffeiiibut,
428 4078 480 4154 qui
496 4077 601 4140 nostru
618 4094 730 4140 naturae
748 4080 887 4140 contrarii
907 4079 989 4155 sunt,
1007 4099 1067 4146 non
1086 4081 1301 4156 conflidnmur,
1319 4078 1418 4141 tamdiu

275 4248 288 4278 ⁸
322 4247 370 4296 tto.
387 4247 444 4295 ΡΜ
462 4247 572 4297 Mentem
590 4249 617 4300 ui
630 4247 703 4312 suia.

275 4328 303 4358 ‘¹'
337 4325 464 4387 Schmidt,
480 4328 619 4380 Atterbuch.
635 4355 670 4370 -
687 4329 737 4380 ud.
754 4331 812 4380 Pu:
830 4342 856 4396 p.
874 4347 898 4392 3.
