2934 4900
196 323 255 392 524
670 310 911 371 Tractatur

195 481 252 542 Ex.
280 500 321 561 gr.
351 485 434 545 locus
465 483 583 561 quidam
614 502 630 542 a
660 484 774 563 Jacobo
804 480 969 542 ratriarcna
1001 497 1127 545 vocatus
1157 480 1216 542 fuit
1243 468 1289 554 ὅτι
1320 497 1380 554 n³2
1457 484 1460 568 i

195 599 291 658 donna
310 600 369 660 Dei
375 645 384 676 ,
404 598 473 676 quia
493 599 533 660 ibi
554 599 650 661 Deum
671 598 699 660 ei
720 599 881 662 revelatum
912 598 1026 675 coluit;
1046 598 1096 659 sed
1117 617 1135 658 a
1154 597 1312 675 Prophetis
1333 599 1380 658 ille
1458 655 1460 662 .

194 709 255 786 ipse
276 712 360 771 locus
382 726 508 772 vocatus
529 713 588 773 fuit
608 729 659 804 pp<
680 729 739 786 m
759 714 855 807 domm
874 715 1043 789 iniquitatis
1074 710 1159 788 (vide
1181 711 1294 770 Hamus
1315 729 1381 784 cap.

195 835 223 898 5.
244 823 286 886 vs.
308 834 336 899 5.
358 843 388 886 et
409 827 514 889 Hoseae
535 847 599 905 cap.
623 845 668 890 ro.
689 828 731 891 vs.
754 829 815 907 5.),
836 826 905 904 quia
925 825 1060 887 Israelita
1082 843 1120 886 ex
1140 823 1276 885 instituto
1296 825 1380 903 Jern

194 937 314 998 bohami
341 938 382 1000 ibi
410 939 497 1002 idolis
525 939 682 1003 sacrificare
711 942 854 1003 solebant.
895 939 987 1000 Aliud
1015 939 1196 1015 exemplum,
1217 938 1302 1013 quod
1322 953 1382 996 rem

194 1047 338 1111 clariiirme
359 1051 478 1113 indicat.
519 1055 617 1114 Verba
639 1073 676 1114 ex
697 1054 761 1115 solo
782 1054 836 1116 usu
863 1069 970 1114 certam
991 1051 1102 1112 habent
1122 1049 1382 1129 fignificationem3

195 1177 226 1223 et
248 1162 267 1223 sr
289 1164 444 1228 secundum
465 1167 545 1227 hunc
565 1185 665 1228 eorum
688 1163 769 1228 usum
790 1167 832 1228 ita
852 1166 1054 1242 disponantur,
1074 1180 1109 1226 ut
1128 1162 1262 1224 homines
1282 1165 1383 1222 eadem

196 1276 328 1354 legentes
359 1281 395 1340 ad
427 1279 619 1342 devotionem
651 1295 808 1354 moveant,
839 1295 901 1340 tum
929 1277 977 1338 illa
1005 1279 1097 1338 verba
1123 1275 1201 1336 sacra
1228 1289 1334 1350 erunt,
1354 1288 1384 1334 et

197 1387 284 1450 etiam
308 1391 385 1451 'liber
412 1392 462 1454 tali
491 1395 646 1458 verborum
675 1392 866 1469 dispositione
898 1390 1032 1468 scriptus.
1073 1391 1131 1451 Sed
1151 1388 1172 1448 fi
1192 1388 1294 1464 postea
1314 1389 1385 1448 usus

197 1501 239 1562 ita
266 1519 382 1580 pereat,
410 1519 444 1565 ut
471 1507 560 1568 verba
587 1505 692 1566 nullam
713 1505 841 1566 habeant
863 1503 1120 1582 fignificationem,
1140 1502 1188 1565 vel
1208 1502 1291 1578 quod
1310 1499 1386 1560 liber

198 1615 314 1691 prorsus
341 1617 521 1696 negligatur,
548 1617 608 1681 five
636 1635 673 1678 ex
702 1616 825 1693 malitia,
855 1615 915 1678 five
937 1615 1006 1693 quia
1026 1617 1130 1676 eodem
1151 1631 1212 1674 non
1233 1612 1385 1692 indigent,

198 1742 261 1787 turn
281 1742 312 1788 et
332 1730 421 1790 verba
442 1743 472 1788 et
493 1727 565 1791 liber
584 1729 692 1791 nullius
714 1729 783 1791 usus
803 1746 900 1806 neque
921 1727 1083 1790 sanctitatis
1110 1739 1206 1787 erunt.
1245 1724 1385 1801 Denique

198 1836 339 1900 fieadem
371 1841 460 1902 verba
491 1841 574 1902 aliter
604 1841 813 1919 disponantur,
845 1841 894 1903 vei
925 1842 1007 1917 quod
1038 1838 1106 1900 usus
1137 1836 1323 1914 praevaluerit
1349 1837 1387 1896 ad

199 1955 298 2014 eadem
319 1952 349 2013 in
371 1955 544 2014 contrariam
564 1954 804 2033 significationem
826 1953 982 2027 sumenda,
1003 1967 1065 2015 tum
1086 1967 1117 2012 et
1137 1952 1226 2012 verba
1246 1966 1278 2010 et
1297 1949 1387 2023 liber,

199 2062 250 2142 qui
281 2079 367 2126 antea
398 2064 487 2140 sacri,
518 2065 623 2142 impuri
655 2083 686 2126 et
716 2065 832 2143 profani
861 2079 956 2126 erunt.
997 2065 1044 2124 Ex
1066 2081 1127 2140 quo
1148 2061 1293 2138 sequitur,
1312 2060 1389 2120 nihil

199 2191 281 2236 extra
302 2193 427 2238 mentem
456 2178 605 2256 absolute,
627 2178 676 2240 sed
697 2194 811 2240 tantum
839 2176 999 2254 respective
1020 2180 1057 2238 ad
1078 2176 1183 2252 ipsam,
1203 2175 1313 2235 sacrum
1335 2189 1388 2234 aut
1458 2202 1459 2239 ι

200 2289 354 2365 profanum
381 2305 432 2351 aut
461 2291 602 2366 impunim
631 2291 697 2352 effe.
738 2293 830 2374 Quod
850 2291 938 2352 etiarn
958 2307 996 2350 ex
1017 2288 1115 2351 multis
1134 2287 1291 2364 Scriptura
1310 2286 1388 2346 locis

200 2401 407 2464 evidentifflme
429 2403 551 2464 constat.
591 2403 732 2485 Jeremias
760 2401 809 2484 (ut
830 2420 920 2465 unum
942 2417 994 2463 aut
1014 2402 1135 2462 alterum
1156 2398 1297 2478 adferam)
1319 2417 1387 2475 cap.

200 2530 229 2590 7.
240 2514 282 2576 vs.
293 2535 321 2594 4.
334 2514 392 2591 ait,
412 2518 534 2596 Judaeos
554 2515 598 2577 sui
620 2516 763 2593 temporis
783 2515 856 2577 falso
876 2513 1023 2578 vocavirse
1044 2514 1184 2589 templum
1202 2511 1388 2584 Salomonis,

199 2627 339 2702 templum
358 2627 431 2687 Dei:
461 2646 543 2703 narn,
571 2643 605 2689 ut
626 2628 687 2704 ipse
709 2628 739 2689 in
761 2630 865 2690 eodem
887 2626 985 2704 capite
1005 2625 1117 2706 pergit,
1138 2624 1195 2686 Dei
1216 2641 1323 2685 nomen
1345 2623 1387 2683 illi

199 2739 310 2815 templo
338 2754 451 2800 tantum
479 2738 566 2801 inesse
594 2755 713 2815 poterat
734 2741 760 2816 *,
788 2739 928 2816 quamdiu
956 2739 992 2799 ab
1013 2737 1199 2812 hominibus,
1219 2736 1271 2813 qui
1292 2735 1389 2812 ipsum

200 2853 319 2927 colunt,
347 2867 376 2913 et
399 2851 540 2929 justitiam
569 2854 749 2928 defendunt,
770 2854 990 2928 frequentatur;
1011 2851 1094 2927 quod
1115 2848 1135 2909 [ι
1156 2852 1192 2909 ab
1213 2848 1390 2925 homicidis,

199 2961 330 3038 furibus,
360 2962 541 3039 idololatris,
573 2962 691 3041 aliisque
722 2962 841 3023 nefariis
871 2961 1040 3024 hominibus
1071 2962 1292 3038 frequentetur,
1323 2975 1388 3021 tum

199 3075 316 3137 foveam
338 3074 440 3151 potius
461 3074 517 3136 effe
539 3075 782 3155 transgressorum.
823 3074 906 3157 Quid
926 3077 962 3137 de
983 3094 1048 3136 arca
1070 3074 1189 3137 foederis
1207 3075 1314 3135 fadum
1335 3074 1390 3148 srt,

200 3185 272 3245 nihil
298 3185 447 3262 Scriptura
475 3204 586 3263 namat;
615 3189 696 3264 quod
726 3187 801 3263 saepe
830 3186 950 3248 miratus
979 3187 1057 3261 sum;
1076 3188 1135 3248 hoc
1157 3202 1253 3247 tamen
1274 3202 1389 3247 cerrum
1458 3165 1459 3186 ¹

201 3296 257 3371 est,
289 3298 409 3357 eandem
439 3297 570 3376 periiss'e,
602 3300 649 3360 vel
680 3316 746 3359 cum
777 3300 889 3374 templo
920 3298 1099 3360 combustam
1120 3297 1221 3373 fuisse,
1241 3297 1294 3359 etsr
1315 3299 1389 3359 nihil

201 3409 291 3489 magis
312 3410 420 3471 sacrum
440 3430 494 3471 nec
515 3411 633 3489 majoris
653 3411 826 3474 reverentiae
847 3414 926 3487 apud
947 3412 1090 3472 Hebraens
1111 3411 1180 3472 fuit.
1201 3412 1266 3471 Hac
1285 3410 1389 3488 itaque

200 3522 314 3582 ratione
341 3521 489 3598 Scriptura
518 3522 604 3583 etiam
633 3522 744 3585 tamdiu
772 3523 849 3583 sacra
870 3522 927 3597 est,
948 3538 979 3583 et
999 3521 1063 3598 ejus
1091 3522 1241 3583 orationes
1261 3521 1389 3595 divinae,

202 3634 340 3711 quamdiu
360 3634 493 3697 homines
515 3638 551 3698 ad
573 3636 763 3699 devotionem
784 3654 850 3714 erga
871 3638 967 3696 Deum
987 3650 1106 3711 movet;
1126 3632 1177 3697 sed
1194 3634 1267 3695 srab
1286 3634 1389 3695 iisdem

202 3744 317 3823 prorsus
348 3746 527 3827 negligatur,
557 3764 591 3810 ut
623 3748 691 3809 olim
712 3767 729 3808 a
749 3747 877 3828 Judaeia,
907 3746 980 3807 nihil
1010 3747 1051 3807 est
1081 3762 1187 3824 praeter
1207 3748 1336 3809 chartam
1357 3764 1389 3807 et

200 3873 409 3935 atramentum,
430 3875 460 3920 et
482 3861 517 3919 ab
539 3859 638 3921 iisdem
661 3860 794 3921 absolute
815 3860 998 3935 profanatur,
1008 3874 1039 3920 et
1050 3859 1235 3935 corruptioni
1255 3860 1389 3920 obnoxia

201 3970 391 4047 relinquitur;
411 3971 539 4048 ideoque
561 3972 581 4032 sr
602 3988 663 4034 tum
686 3972 882 4047 corrumpitur
903 3986 954 4032 aut
975 3970 1069 4047 perit,
1090 3970 1162 4031 falso
1183 3987 1246 4031 tum
1269 3971 1390 4045 dicitur,

202 4084 321 4143 verbum
342 4081 399 4142 Dei
421 4082 566 4159 corrumpi
587 4098 638 4145 aut
659 4082 767 4159 perire:
796 4083 880 4145 sicuti
901 4082 988 4144 etiam
1009 4098 1141 4159 tempore
1161 4082 1293 4162 Jeremiae
1314 4082 1387 4143 falso

236 4314 249 4343 ⁸
284 4310 393 4362 Videtur
409 4314 457 4363 hoc
471 4322 578 4379 poterat
595 4328 641 4377 per
657 4313 853 4377 imprudentiam
871 4312 989 4379 persediae
1008 4312 1137 4365 sententia
1154 4311 1269 4364 additum
1287 4312 1346 4364 effe.
