2934 4900
230 332 271 391 66
657 326 984 395 Ethicetsarsl.

232 500 369 577 sequitur.
399 500 513 563 Deinde
540 500 586 561 his
614 499 700 561 etiam
728 502 764 561 de
791 498 882 560 caulis
906 517 952 559 rer
972 498 1069 575 aliqua
1089 498 1267 577 impollibilis
1288 500 1425 575 dicitur;

230 611 362 673 nimirum
383 612 452 690 quia
469 614 518 676 vel
537 611 625 689 ipssus
643 610 763 677 essentia
781 610 831 673 seu
849 610 983 672 delinitio
995 610 1424 687 contmdislioneminvolvit,

229 726 279 789 vel
300 724 369 803 quia
390 728 468 787 nulla
489 724 572 787 causa
594 739 714 786 externa
735 726 836 799 datur,
854 726 891 786 ad
908 725 995 785 talem
1012 741 1071 787 rem
1085 727 1306 802 producendam
1316 728 1422 787 deter-

231 838 348 899 minata.
377 840 421 899 At
447 856 492 899 res
520 836 617 915 aliqua
647 836 725 899 nulli
756 837 811 898 alis
838 840 874 898 de
899 836 984 898 causa
1010 837 1187 917 contingens
1211 837 1336 916 dicitur,
1361 840 1420 899 nist

230 950 361 1026 respeslu
375 950 506 1011 descetus
521 964 628 1011 nostrae
644 946 835 1028 cognitionis.
857 949 918 1009 Res
933 948 1026 1025 enim,
1043 948 1285 1025 cujuseisentiatn
1295 967 1420 1012 contra-

230 1060 386 1123 dictionem
418 1060 570 1125 involvere
600 1060 782 1140 ignoramus,
810 1062 858 1123 vel
886 1064 923 1122 de
951 1079 1009 1138 qua
1029 1063 1124 1137 probe
1144 1062 1264 1137 scimus,
1290 1066 1419 1124 eandem

229 1176 335 1235 nullam
356 1173 614 1235 contradistionem
641 1172 794 1235 involvere
816 1186 963 1232 ettamen
985 1174 1021 1233 de
1043 1171 1132 1248 ipsius
1159 1172 1312 1235 existentia
1340 1173 1419 1233 nibil

229 1303 310 1349 cerro
331 1286 470 1348 affirmare
488 1284 651 1363 possumus,
669 1300 825 1361 propterea
842 1286 924 1361 quod
942 1286 1016 1346 ordo
1036 1284 1182 1345 causarum
1200 1302 1255 1345 nos
1270 1286 1360 1361 latet;
1381 1303 1418 1344 ea

229 1418 390 1477 nunquam,
410 1416 464 1459 nec
493 1413 526 1459 ut
554 1394 725 1472 necessaria,
746 1414 800 1457 nec
820 1412 856 1457 ut
875 1394 1053 1472 inpossibilis
1074 1395 1166 1460 videri
1188 1397 1275 1459 nobis
1296 1399 1416 1474 potest,

228 1512 356 1589 ideoque
376 1513 496 1573 eandem
517 1495 567 1573 vel
584 1508 823 1587 contingentem,
842 1510 891 1571 vcl
911 1508 1070 1585 possibilem
1092 1528 1242 1572 vocamus.

665 1664 909 1712 senonum
940 1650 977 1711 ΙΙ.

268 1762 315 1823 Ex
343 1759 575 1839 praecedentibus
607 1765 682 1823 clare
712 1760 863 1837 sequitur,
893 1780 939 1823 res
970 1761 1076 1822 summa
1103 1762 1281 1840 perfessione
1307 1766 1414 1824 aDeo

227 1874 311 1937 fuisse
333 1876 504 1950 produuas:
526 1874 764 1951 quandoquidem
785 1892 823 1933 eu
844 1875 912 1933 data
930 1874 1126 1949 persediiilima
1141 1890 1242 1935 natura
1253 1873 1413 1936 necessario

230 1987 335 2048 secutae
367 1986 442 2047 sunt.
472 1988 579 2063 Neque
610 1987 667 2047 hoc
698 1987 794 2047 Deum
822 1986 909 2048 ullius
936 1985 1031 2064 arguit
1057 1986 1300 2063 imperfeuionis3
1321 1986 1414 2063 ipsius

229 2099 304 2161 enim
327 2099 467 2175 perfodio
487 2098 546 2160 hoc
567 2117 622 2161 nos
645 2098 782 2160 affimnarc
802 2098 911 2177 coegit.
932 2099 995 2161 lmo
1013 2116 1051 2159 et
1068 2098 1157 2175 hujus
1174 2100 1322 2161 contrario
1335 2102 1414 2161 clare

228 2212 396 2287 sequeretur
424 2211 471 2289 (ut
501 2214 591 2273 modo
622 2210 770 2291 ostendi),
801 2213 896 2271 Deum
925 2228 986 2273 non
1014 2210 1069 2272 eise
1096 2210 1203 2272 summe
1230 2214 1413 2288 perfeetum

229 2321 360 2384 nimirum
382 2322 466 2399 quia,
492 2323 513 2384 st
541 2340 585 2383 res
613 2322 671 2383 alio
700 2325 789 2384 modo
818 2322 936 2410 fuissent
957 2326 1125 2400 produelae,
1144 2326 1211 2386 Deo
1232 2324 1285 2385 alia
1306 2340 1412 2385 natura

229 2433 296 2497 esset
317 2434 488 2512 tribuenda,
509 2433 622 2500 diversa
642 2436 678 2497 ab
699 2455 750 2513 ea,
770 2453 856 2512 quam
878 2454 916 2497 ea
937 2434 1170 2498 consideratione
1189 2433 1275 2496 Entis
1294 2437 1411 2513 perfec·

228 2548 321 2609 tiffimi
341 2548 436 2610 coacta·
455 2546 553 2610 sumus
574 2547 601 2608 ei
621 2546 759 2609 tribuere.
780 2549 890 2608 Verum
910 2566 971 2610 non
992 2549 1116 2625 dubito,
1137 2549 1208 2626 quin
1228 2548 1314 2610 multi
1333 2549 1412 2610 banc

227 2659 398 2721 sententiam
419 2675 452 2721 ut
473 2659 621 2722 absurdam
643 2661 821 2738 explodunt,
849 2678 904 2722 nec
930 2660 1056 2724 animum
1087 2661 1123 2722 ad
1143 2664 1262 2722 eandem
1283 2679 1412 2738 perpen-

227 2773 349 2834 dendam
374 2771 522 2834 instituere
543 2771 653 2848 velint;
679 2771 769 2848 idque
790 2772 867 2832 nulla
888 2771 942 2832 alia
964 2775 1001 2834 do
1021 2771 1122 2848 causa,
1143 2792 1229 2850 quam
1249 2772 1319 2850 quia
1340 2775 1411 2834 Deo

227 2884 310 2946 aliam
329 2883 492 2946 libertatem
512 2883 612 2947 assueti
633 2884 700 2946 sunt
720 2875 865 2960 tribuere,
891 2885 979 2962 longe
1001 2883 1140 2947 diversam
1161 2887 1198 2944 ab
1217 2883 1282 2959 illa,
1302 2903 1372 2962 quae
1395 2905 1411 2945 a

227 2997 314 3058 nobis
333 2996 441 3076 (Defin,
460 2997 531 3076 7.*)
552 2996 658 3058 tradita
676 3012 739 3074 est3
756 2995 896 3058 videlicet
911 2995 1072 3058 absolutam
1088 2998 1281 3060 voluntatem.
1296 2997 1410 3058 Verum

227 3127 323 3187 neque
351 3109 437 3170 etiam
465 3107 588 3186 dubito,
615 3109 634 3169 st
660 3127 718 3168 rem
744 3107 877 3169 meditari
901 3109 1029 3184 vellent,
1048 3109 1265 3186 nostrarumque
1285 3111 1410 3171 demon-

226 3221 395 3282 strationum
415 3220 514 3282 seriem
535 3223 611 3282 recle
632 3220 726 3282 secum
755 3223 953 3296 perpendere,
980 3221 1052 3297 quin
1077 3224 1193 3283 tandem
1214 3221 1301 3283 talem
1322 3222 1409 3283 liber·

225 3348 331 3410 tatem,
352 3335 465 3410 qualem
482 3332 541 3410 iam
562 3334 629 3394 Deo
649 3333 802 3407 tribuunt,
824 3351 884 3396 non
906 3348 1020 3394 tantum
1039 3349 1072 3394 ut
1089 3333 1289 3413 nugatoriam,
1305 3337 1362 3396 sed
1376 3351 1409 3396 ut

226 3463 359 3524 magnum
386 3445 513 3506 scientiae
542 3445 738 3520 obstaculum,
765 3446 851 3521 plane
876 3445 1020 3522 rejiciant.
1040 3449 1105 3508 Nec
1126 3465 1202 3524 opus
1223 3447 1281 3524 est,
1301 3462 1338 3508 ut
1359 3467 1410 3523 ea,

225 3575 290 3634 quae
311 3557 341 3617 in
362 3555 480 3618 Scholio
501 3555 713 3632 Proposuionis
738 3573 782 3633 17.
812 3557 888 3620 dista
916 3559 1002 3636 sunt,
1029 3559 1076 3621 hic
1097 3576 1234 3637 repetam.
1266 3563 1408 3623 Attamen

226 3667 254 3728 in
277 3686 376 3728 eorum
397 3667 515 3745 gratiam
533 3667 628 3730 adhuc
646 3669 809 3745 ostendam,
827 3673 908 3746 quod
914 3717 924 3748 ,
942 3671 1075 3748 quamvis
1091 3676 1286 3749 concedatur,
1299 3675 1408 3736 volun-

225 3795 314 3840 tatem
344 3781 378 3839 ad
406 3778 462 3838 Dei
493 3779 639 3841 essentiam
671 3781 834 3857 pertinere,
862 3801 900 3842 ex
928 3783 992 3859 ejus
1017 3785 1198 3860 persediione
1217 3784 1409 3847 nibilominus

224 3890 380 3968 sequatur,
407 3907 453 3951 res
479 3893 559 3952 nullo
587 3893 644 3953 alio
673 3891 800 3968 potuisse
823 3895 911 3954 modo
933 3913 1030 3971 neque
1052 3895 1155 3956 ordine
1175 3915 1191 3956 a
1212 3898 1279 3957 Deo
1301 3898 1408 3972 creari;

224 4006 307 4082 quod
337 4003 421 4065 facile
452 4003 506 4065 erit
538 4005 704 4080 ostendere,
732 4004 752 4064 st
782 4005 862 4080 prins
890 4005 1102 4067 confideremus
1124 4007 1169 4083 id,
1191 4011 1273 4084 quod
1294 4009 1407 4084 ipfimet

224 4120 408 4194 concedunt,
436 4117 574 4180 videlicet
603 4137 638 4178 ex
669 4117 730 4178 solo
758 4117 816 4178 Dei
838 4120 956 4178 decreto
978 4135 1008 4179 et
1030 4121 1184 4181 voluntate
1204 4125 1352 4199 pendere,
1373 4142 1406 4185 ut

257 4334 269 4362 *
305 4330 417 4396 signare.
434 4357 467 4367 -
485 4329 532 4380 Ed.
548 4331 603 4380 ΡΜ
620 4329 703 4392 Defin.
720 4329 746 4379 6.
