2934 4900
353 282 856 361 Theologico-Politici
899 282 971 357 Cap.
997 284 1020 341 1.
1223 298 1280 357 379

88 457 156 534 peti
185 460 285 519 debet.
324 459 400 517 Nam
421 456 494 533 quid
514 460 551 518 de
571 460 658 517 rebus
678 454 785 517 limites
806 455 894 516 nostri
915 456 1079 517 intelleeius
1110 454 1279 515 excedenti·

90 573 151 630 bus
183 568 279 629 dicere
310 567 476 646 pollemus,
507 584 612 645 praeter
639 567 685 641 id,
714 570 796 645 quod
824 586 861 627 ex
889 566 957 643 ipsis
986 566 1141 641 Prophetis
1161 584 1212 627 ore
1234 567 1280 629 vel

90 681 206 757 scripto
227 682 314 742 nobis
335 681 484 743 traditur?
525 680 563 741 Et
586 680 655 757 quia
674 679 764 742 hodie
787 680 897 753 nullos,
919 680 1000 755 quod
1022 677 1122 751 sciam,
1142 678 1282 739 habemus

90 794 275 869 Prophetas,
303 792 375 853 nihil
402 792 489 853 nobis
510 792 701 870 relinquitur,
723 783 773 852 nist
796 792 873 853 sacra
895 790 1045 855 volumina
1066 791 1153 851 nobis
1173 812 1189 852 a
1211 792 1281 852 Pro·

92 905 195 983 phetis
223 904 321 967 relicta
348 907 497 966 evolvere.
538 906 601 964 Hac
624 904 741 980 quidem
764 904 920 979 cautione,
942 918 975 964 ut
997 902 1067 963 nihil
1088 906 1124 964 de
1146 903 1284 965 similibus

17 1034 20 1038 ’
92 1023 183 1081 rebus
213 1019 387 1095 statuamus,
418 1034 469 1080 aut
501 1018 568 1093 ipsis
599 1018 755 1095 Prophetis
788 1017 898 1094 aliquid
929 1017 1107 1095 tribuamus,
1129 1022 1210 1095 quod
1231 1018 1282 1097 ipsi

92 1152 156 1193 non
188 1131 264 1192 clare
295 1131 488 1192 dietaverunt.
530 1130 588 1190 Sed
619 1128 668 1189 hic
700 1129 829 1205 apprime
861 1132 1044 1205 notandum,
1075 1131 1157 1205 quod
1189 1131 1283 1211 Judaei

93 1261 244 1319 nunquam
265 1241 413 1303 causarum
433 1242 606 1317 mediarum,
625 1240 685 1304 sive
706 1240 938 1316 particularium,
960 1240 1071 1301 faciunt
1092 1242 1283 1316 mentionem,

93 1374 151 1417 nec
172 1374 221 1415 eas
243 1370 363 1430 curant,
384 1353 433 1415 sed
454 1352 605 1432 religionis
627 1372 661 1413 ac
681 1352 820 1429 pietatis,
841 1352 900 1415 slve
932 1353 981 1431 (ut
1002 1355 1093 1433 vulgo
1115 1352 1173 1414 dici
1196 1354 1283 1433 solet)

93 1465 270 1531 devotionis
297 1466 382 1527 causa
410 1470 447 1529 ad
475 1469 569 1529 Deum
598 1465 709 1543 semper
736 1480 904 1540 recurrunt;
925 1464 945 1525 st
967 1465 1042 1525 enim
1064 1482 1111 1525 ex.
1132 1483 1174 1545 gr.
1194 1485 1284 1543 pecu·

93 1580 174 1641 niam
195 1594 355 1641 mercatura
374 1579 478 1640 lucrati
500 1579 581 1655 sunt,
603 1578 769 1639 eamaDeo
791 1576 842 1638 sibi
863 1578 990 1637 oblatam
1012 1576 1286 1654 aiunt3s1aliquid,

94 1707 131 1753 ut
163 1692 214 1766 lit,
244 1690 383 1767 cupiunt,
414 1690 534 1766 dicunt,
564 1692 659 1751 Deum
691 1707 792 1751 eorum
824 1706 874 1749 cor
906 1686 1091 1765 disposuisse3
1119 1703 1149 1749 et
1171 1688 1190 1749 sr
1212 1688 1284 1765 quid

97 1803 188 1864 etiam
220 1802 370 1881 cogitant,
399 1804 494 1863 Deum
525 1802 555 1863 id
586 1802 629 1863 eis
661 1800 763 1864 dirrilse
794 1800 887 1877 ajunt.
926 1802 1024 1883 Quare
1045 1819 1105 1861 non
1129 1819 1214 1862 omne
1236 1800 1284 1877 id,

99 1919 184 1993 quod
203 1914 352 1990 Scriptura
373 1914 432 1991 ait,
451 1916 546 1975 Deum
567 1913 654 1975 alicui
674 1912 793 1990 dixiffe,
814 1931 867 1989 pro
889 1912 1048 1989 Prophetis
1066 1929 1096 1975 et
1112 1914 1287 1992 cognitione

103 2026 312 2104 supranaturali
343 2026 527 2101 habendum,
559 2026 607 2087 sed
637 2040 754 2087 tantum
785 2026 835 2100 id,
866 2027 947 2102 quod
977 2025 1125 2103 Scriptura
1156 2025 1286 2103 exprelle

106 2139 197 2215 dicit,
225 2141 273 2199 vel
299 2141 381 2215 quod
408 2157 445 2197 err
466 2136 685 2198 circumstantiis
717 2135 892 2197 narrationis
924 2136 1071 2213 sequitur,
1101 2136 1286 2215 Prophetiam

100 2250 160 2313 sive
181 2248 391 2313 revelationem
412 2248 504 2310 fuisse.

142 2362 172 2424 Si
204 2363 294 2442 igitur
323 2362 401 2422 sacra
434 2362 584 2424 volumina
615 2380 833 2439 percurramus,
864 2362 1045 2439 videbimus,
1071 2368 1152 2441 quod
1173 2364 1288 2441 omnia,

103 2493 170 2551 quae
199 2476 281 2534 Deus
310 2471 467 2549 Prophetis
494 2473 653 2548 revelavit,
681 2472 717 2532 iis
747 2473 875 2534 revelata
895 2474 1015 2534 fuerunt
1036 2474 1084 2536 vel
1105 2475 1220 2551 verbis,
1240 2478 1289 2538 vel

101 2587 219 2666 figuris,
246 2587 293 2649 vel
322 2603 449 2662 utroque
476 2585 534 2646 lroc
556 2588 662 2660 modo,
683 2583 781 2645 verbis
801 2583 860 2645 scil.
882 2600 912 2644 et
933 2585 1041 2664 liguris.
1082 2587 1181 2648 Verba
1201 2605 1288 2663 vero,

102 2714 133 2759 et
155 2699 241 2758 etiam
263 2698 378 2776 figurae,
399 2699 447 2759 vel
467 2713 543 2758 verae
564 2697 698 2772 fuerunt,
720 2711 751 2756 et
773 2713 853 2758 extra
875 2696 1113 2774 imaginationem
1134 2699 1288 2776 Prophetae

104 2808 253 2870 audientis
273 2807 324 2868 seu
346 2807 493 2881 videntis,
514 2809 562 2870 vel
583 2806 774 2885 imaginariae,
803 2806 870 2884 quia
892 2807 1024 2869 nimirum
1045 2809 1199 2886 Prophetae
1220 2808 1289 2869 ima·

103 2919 234 3000 ginatio,
266 2919 353 2980 etiam
384 2918 553 2998 vigiland0,
583 2919 625 2978 ita
656 2918 883 2996 disponebatur,
912 2936 944 2980 ut
972 2919 1023 2980 srbi
1045 2922 1119 2982 clare
1136 2917 1289 2983 'videretur

108 3034 197 3093 verba
219 3030 318 3092 audire
339 3045 390 3091 aut
412 3028 522 3107 aliquid
543 3029 652 3093 videre.

144 3145 230 3204 Voce
268 3143 343 3203 enim
382 3161 451 3204 vera
488 3141 630 3205 revelavit
670 3144 752 3203 Deus
790 3143 867 3204 Most
905 3145 1020 3223 Leges,
1055 3163 1128 3221 quas
1158 3145 1290 3208 Hebraeis

105 3256 251 3335 praescribi
282 3257 420 3332 volebat,
450 3272 484 3318 ut
515 3255 627 3316 constat
658 3273 696 3315 ex
727 3254 836 3318 Exodo
868 3275 932 3333 cap.
955 3269 1003 3332 25.
1025 3258 1067 3320 vs.
1090 3276 1156 3336 nn,
1177 3257 1227 3320 ubi
1249 3258 1289 3321 ait

49 3366 53 3371 ’
106 3387 254 3444 ursinam
284 3387 341 3444 *au
372 3387 442 3460 psa
471 3386 605 3444 nar-san
635 3359 700 3448 lan
732 3387 804 3459 nne
837 3387 954 3444 anasu
993 3388 1047 3446 uu
1082 3359 1124 3466 qb
1161 3387 1288 3452 rnamn
1321 3433 1322 3438 ι

107 3502 137 3546 cr
152 3500 281 3566 paratus
309 3505 356 3545 ero
383 3487 440 3546 ribi
465 3488 522 3562 ibi,
543 3502 570 3546 er
591 3488 693 3568 loquar¹
714 3500 802 3546 tecum
823 3507 859 3546 ex
879 3488 931 3546 illa
948 3499 1038 3566 parte
1058 3491 1207 3566 regminis,
1228 3507 1290 3567 qua

107 3600 145 3677 cst
166 3603 245 3658 inter
265 3601 332 3659 duos
355 3597 539 3659 Cherubr‘nes.
574 3599 665 3679 Quod
685 3597 803 3676 quidem
824 3597 969 3675 ostendit,
988 3601 1083 3660 Deum
1106 3600 1186 3661 usum
1207 3599 1288 3661 fuille

0 3761 1 3764 ,
108 3731 183 3775 voce
205 3712 300 3788 aliqua
322 3730 405 3786 vera,
431 3711 667 3788 quandoquidem
699 3709 828 3787 Moses,
847 3715 1084 3790 quandocunque
1106 3715 1122 3746 *
1153 3715 1290 3790 volebat,

107 3825 203 3885 Deum
229 3822 269 3883 ibi
292 3825 528 3898 adloquendum
550 3823 599 3882 sibi
621 3839 754 3899 paratum
782 3822 962 3885 inveniebat.
990 3823 1029 3884 Et
1050 3824 1113 3886 haec
1136 3825 1211 3901 sola,
1233 3843 1290 3902 qua

109 3933 218 3994 scilicet
239 3934 302 3995 Lex
324 3935 439 4009 prolata
460 3933 532 4009 fuit,
554 3953 621 3996 vera
643 3935 701 3997 fuit
721 3953 799 4010 vox,
823 3949 855 3994 ut
876 3953 945 3995 mox
967 3933 1123 3996 ostendam.

151 4047 281 4120 Vocem,
301 4064 359 4122 qua
380 4047 462 4106 Deus
481 4045 659 4107 Shamuelem
680 4045 819 4120 vocavit,
842 4063 936 4106 veram
948 4045 1104 4122 suspicarer
1115 4045 1290 4126 fuille,quia

144 4283 156 4312 ⁸
192 4279 323 4332 Correclio
340 4280 367 4331 in
385 4280 495 4348 margine
512 4280 622 4344 exempli
638 4277 772 4330 Macriani.
789 4305 822 4313 -
839 4279 886 4330 Ed.
903 4282 957 4330 Pu:
975 4279 1121 4346 ubicunque.
