2934 4900
198 328 257 406 366
555 330 791 390 Tractatus
833 327 1030 389 Politici.

197 508 343 585 potestate
377 508 506 571 virorum
538 522 568 568 et
599 506 804 585 dominorum,
841 526 874 568 ac
913 506 999 569 etiam
1030 506 1139 567 liberos
1170 521 1201 567 cr
1233 504 1393 583 pupillos,

198 620 335 697 quamdiu
365 618 417 681 sub
449 618 594 696 potestate
627 634 780 695 parentum
809 634 839 681 ct
868 636 1000 682 tutorum
1028 620 1105 682 sunt.
1145 619 1216 680 Dixi
1238 618 1392 695 denique,

197 730 358 808 honesteque
383 734 506 805 vivunt,
534 746 567 791 ut
594 731 616 791 ii
644 732 773 809 apprime
805 731 1038 808 secluderentur,
1061 732 1111 810 qui
1134 734 1172 793 ob
1195 730 1303 792 crimen
1333 746 1392 790 aut

198 842 318 919 aliquod
338 858 424 918 turpe
446 842 516 905 vitae
537 860 629 921 genus
651 844 773 905 infames
794 844 871 906 sunt.

237 954 265 1035 §.
285 957 339 1015 lV.
379 957 438 1016 Sed
458 950 554 1016 forsan
575 955 691 1034 rogabit
713 955 835 1033 aliquis,
864 975 932 1018 num
954 956 1080 1017 foeminae
1102 974 1139 1017 ex
1160 971 1262 1017 natura
1284 974 1323 1015 an
1347 973 1391 1015 cx

198 1069 332 1132 instituto
363 1068 416 1128 sub
447 1066 593 1143 potestate
621 1067 750 1130 virorum
777 1067 855 1129 sint?
896 1070 988 1144 Nam,
1008 1068 1030 1129 fi
1050 1087 1087 1129 ex
1108 1067 1172 1130 solo
1193 1066 1331 1129 instituto
1355 1068 1389 1127 id

196 1184 303 1244 fadum
331 1180 388 1255 est,
416 1181 494 1240 nulla
522 1197 591 1258 ergo
619 1180 694 1241 ratio
723 1198 779 1241 nos
805 1180 918 1259 codgit,
940 1181 1072 1242 foeminas
1093 1200 1109 1241 a
1129 1180 1267 1259 regimine
1288 1179 1389 1241 seclu-
1462 1214 1463 1235 r

196 1298 272 1356 dere.
313 1294 371 1354 Sed
392 1292 412 1353 sr
433 1291 522 1369 ipsam
544 1291 754 1367 experientiam
775 1292 975 1367 consulamus,
999 1294 1029 1354 id
1050 1311 1088 1354 ex
1109 1311 1206 1355 earum
1229 1292 1388 1355 imbecilli-

195 1419 257 1467 tate
288 1406 358 1467 oriri
389 1404 564 1468 videbimur.
605 1404 682 1465 Nam
712 1404 815 1466 nullibi
847 1406 953 1467 fastum
987 1406 1044 1480 eil,
1067 1420 1101 1467 ut
1123 1406 1180 1468 viri
1201 1422 1233 1467 et
1253 1406 1386 1467 foeminae

196 1518 275 1579 simul
296 1535 466 1597 regnarent,
487 1517 537 1578 sed
557 1516 727 1594 ubicunque
748 1532 886 1579 terrarum
908 1518 963 1580 viri
985 1534 1016 1579 et
1038 1519 1165 1580 foeminae
1184 1520 1387 1595 reperiuntur,

195 1630 237 1691 ibi
258 1630 339 1695 viros
359 1650 494 1710 regnare,
516 1646 546 1692 et
569 1629 701 1691 foeminas
721 1629 782 1709 regi
804 1630 951 1704 videmus,
970 1644 1000 1691 et
1018 1630 1073 1691 hac
1091 1630 1206 1692 ratione
1225 1647 1386 1707 utrumque

196 1744 294 1804 sexum
315 1743 504 1805 concorditer
524 1742 635 1805 vivere.
662 1744 721 1804 Sed
742 1759 843 1803 contra
865 1744 1043 1819 Amazonae,
1065 1762 1139 1819 quas
1164 1742 1233 1805 olim
1254 1742 1385 1821 regnasse

195 1857 270 1917 sama
291 1855 440 1933 proditum
462 1854 520 1930 cst,
540 1854 621 1916 viros
641 1855 670 1914 in
693 1854 790 1932 patrio
812 1855 875 1916 solo
898 1855 1002 1917 morari
1023 1873 1083 1916 non
1108 1855 1311 1931 patiebantur,
1329 1854 1383 1917 sed

195 1968 328 2030 foeminas
348 1969 553 2029 tantummodo
576 1969 708 2043 alebant,
729 1985 821 2028 mares
844 1984 959 2044 autem,
980 1986 1058 2045 quos
1078 1984 1270 2046 pepererant,
1290 1988 1382 2029 neca·

195 2083 275 2142 bant.
301 2082 392 2163 Quod
411 2080 431 2139 sr
453 2100 491 2141 ex
512 2095 614 2141 natura
636 2078 762 2140 foeminae
785 2078 856 2144 viris
878 2082 1005 2157 aquales
1027 2080 1135 2155 eilent,
1157 2098 1187 2143 et
1209 2080 1296 2142 animi
1318 2082 1380 2143 for-

196 2194 323 2256 titudine
343 2210 373 2254 et
390 2193 525 2272 ingenio,
541 2192 571 2253 in
591 2210 652 2269 quo
669 2191 792 2253 maxime
810 2193 935 2254 humana
953 2194 1103 2270 potentia,
1119 2210 1149 2255 et
1166 2193 1383 2271 consequenter

192 2308 242 2383 jus
263 2305 404 2381 confiuit,
425 2324 508 2383 aeque
530 2306 688 2381 pollerent,
709 2304 775 2365 sarae
797 2304 874 2365 inter
891 2320 939 2366 tot
957 2319 1074 2382 tamque
1093 2305 1221 2368 diversas
1242 2306 1381 2367 nationes

195 2421 327 2497 quaedam
347 2416 552 2494 reperirentur,
570 2416 620 2478 ubi
638 2433 761 2494 uterque
784 2416 870 2478 sexus
892 2416 1013 2494 pariter,
1032 2434 1062 2480 et
1081 2416 1143 2480 aliae
1162 2418 1380 2480 ubiafoeminis

194 2531 250 2592 viri
281 2545 472 2608 regerentur,
503 2544 592 2605 atque
623 2528 663 2588 ita
696 2531 908 2605 educarentur,
937 2546 970 2590 ut
991 2529 1110 2609 ingenio
1128 2530 1223 2592 minus
1243 2529 1378 2606 pollent:

194 2644 360 2720 quodcum
381 2639 484 2701 nullibi
506 2641 611 2702 fadum
633 2639 684 2716 fit,
705 2641 842 2702 affirmare
864 2641 985 2702 omnino
1006 2641 1092 2717 licet,
1113 2642 1246 2703 faeminas
1267 2661 1305 2704 ex
1325 2663 1376 2704 na-

194 2774 258 2818 tura
280 2773 340 2816 non
359 2756 470 2831 aequale
489 2771 555 2814 cum
572 2752 643 2815 viris
659 2753 765 2813 habere
779 2753 844 2829 jus,
864 2753 912 2814 sed
929 2770 978 2813 eas
995 2751 1067 2814 viris
1084 2751 1240 2814 necessario
1258 2757 1378 2829 cederc,

194 2882 283 2943 atque
303 2868 379 2927 adeo
400 2863 462 2925 fieri
484 2881 544 2924 non
566 2862 662 2938 polle,
683 2879 717 2924 ut
738 2880 862 2940 uterque
883 2863 970 2925 sexus
991 2865 1100 2940 pariter
1119 2880 1214 2946 regat,
1233 2882 1263 2926 et
1285 2869 1377 2928 multo

194 2980 309 3055 minus,
341 2995 375 3039 ut
406 2976 462 3039 viri
493 2995 510 3036 a
542 2974 669 3036 foeminis
707 2992 851 3055 regantur.
893 2977 983 3059 Quod
1015 2975 1034 3036 sr
1065 2992 1203 3053 praeterea
1234 2980 1377 3041 humanos

194 3091 314 3152 affetlus
341 3087 572 3164 confideremus,
602 3090 684 3164 quod
704 3087 815 3148 scilicet
838 3087 893 3150 viri
914 3090 1085 3166 plerumque
1106 3109 1143 3149 ex
1163 3089 1227 3149 solo
1247 3089 1377 3151 libidinis

192 3203 299 3265 affectu
327 3201 460 3263 foeminas
486 3216 598 3276 ament,
621 3215 652 3261 et
674 3219 772 3261 earum
793 3201 940 3280 ingenium
963 3217 994 3262 et
1014 3201 1185 3278 sapientiam
1206 3202 1283 3264 tanti
1304 3204 1375 3264 aesti-

190 3329 286 3390 ment,
314 3328 457 3390 quantum
484 3313 552 3390 ipsae
580 3312 797 3389 pulchritudine
826 3314 955 3388 pollent.
984 3329 1016 3374 et
1037 3329 1193 3390 praeterea,
1216 3317 1298 3391 quod
1319 3314 1372 3376 viri

191 3425 335 3506 aegerrime
356 3427 465 3499 ferant,
486 3439 520 3486 ut
542 3424 683 3500 foeminae,
705 3443 778 3502 quas
801 3441 911 3500 amant,
934 3423 997 3486 aliis
1015 3425 1114 3502 aliquo
1133 3428 1222 3486 modo
1242 3427 1372 3502 faveant,

191 3555 220 3601 et
243 3539 273 3601 id
294 3556 386 3618 genus
414 3537 485 3613 alia,
513 3537 572 3599 levi
601 3536 724 3616 negotio
754 3535 935 3613 videbimus,
956 3555 1016 3598 non
1038 3536 1119 3612 posse
1140 3536 1249 3614 absque
1270 3556 1371 3616 magno

191 3653 273 3730 pacis
304 3651 482 3715 detrimento
513 3649 593 3724 fieri,
624 3664 657 3708 ut
685 3647 793 3710 viriet
816 3647 941 3708 foeminae
972 3646 1078 3722 pariter
1109 3663 1219 3726 regant.
1260 3649 1316 3708 Sed
1336 3651 1370 3708 de

191 3766 238 3825 bis
259 3765 337 3826 satis.

590 4071 727 4159 Reliqua
750 4066 970 4153 dadderantur.
