2934 4900
591 324 647 385 De
677 324 763 385 Deo
1235 329 1274 393 55

66 500 119 577 id,
151 484 236 579 quod
265 499 295 561 in
323 499 412 560 nobis
445 499 551 561 summa
572 499 613 560 est
634 498 790 577 perfeetio.
830 498 938 575 Porro,
959 496 1071 558 tametst
1091 497 1186 556 Deum
1207 498 1274 557 aeto

67 612 186 673 somnne
207 612 419 691 intelligentem
442 612 630 689 concipiant,
660 630 722 673 non
746 627 844 672 tamen
865 611 1003 685 credunt,
1024 626 1089 669 entn
1111 606 1190 683 poiie
1210 625 1273 667 otn-

68 725 141 799 nia,
173 744 239 802 quae
267 726 335 786 astu
363 722 518 803 intelligit,
547 724 660 785 efficere
688 740 721 785 ut
749 724 891 798 existant,
912 738 976 783 nam
998 720 1085 781 seeo
1106 722 1196 781 modo
1217 718 1273 780 Dei

71 836 245 914 potentiam
267 836 412 899 destruere
435 852 549 912 putnnt.
591 836 621 897 Si
644 836 762 914 omnia,
784 834 945 913 inquiunt,
965 852 1031 911 qoae
1052 832 1081 893 in
1103 830 1168 908 ejus
1188 829 1273 891 intei-

70 951 157 1012 leciu
188 948 276 1025 sunt,
307 946 479 1025 creaviiiet,
520 948 591 1013 nihil
624 964 686 1009 tum
719 948 846 1025 amplius
875 966 971 1008 creare
1001 944 1161 1023 potttiiiet,
1192 946 1274 1021 quod

70 1064 204 1123 credunt
232 1061 288 1122 Dei
319 1060 544 1137 omnipotentiae
572 1080 750 1141 repttgnnre3
777 1060 905 1137 ideoque
933 1061 1095 1121 maluerunt
1120 1058 1216 1118 Deum
1236 1059 1273 1117 ad

71 1173 178 1235 omnia
209 1172 423 1233 indifferentem
455 1173 595 1251 statuere,
628 1192 681 1235 nec
713 1172 794 1235 aliud
826 1187 970 1234 creantem
999 1186 1103 1247 praeter
1122 1168 1170 1245 id,
1191 1169 1273 1245 quod

70 1288 213 1349 absoluta
235 1290 359 1365 quadam
382 1290 537 1351 voluntate
559 1288 692 1351 decrevit
713 1307 820 1351 creare.
834 1290 943 1350 Verum
964 1306 1020 1367 ego
1042 1305 1088 1347 rne
1109 1284 1177 1347 satis
1198 1286 1272 1345 clare

70 1401 232 1463 ostendiffe
252 1418 330 1478 poto
348 1398 424 1476 (vid.
444 1404 534 1482 Prop.
559 1400 634 1482 16.),
655 1423 671 1463 a
693 1402 801 1464 summa
821 1401 877 1463 Dei
900 1400 1053 1477 potentia,
1077 1398 1137 1461 slve
1159 1397 1271 1459 infinita

69 1531 179 1576 natura
191 1560 201 1591 ,
229 1513 343 1576 infinita
372 1512 494 1575 infinitis
523 1512 633 1590 modis,
657 1514 715 1575 hoc
734 1514 794 1590 est,
815 1513 913 1575 omnia
935 1512 1091 1575 necessario
1112 1511 1270 1587 effluxiiie‚

70 1629 122 1691 vel
145 1628 259 1703 semper
279 1630 380 1688 eadem
402 1628 567 1688 neceffitate
590 1624 688 1703 sequi;
711 1628 815 1687 eodem
836 1630 977 1688 modone
999 1644 1036 1687 ex
1058 1641 1160 1686 natura
1182 1623 1270 1684 trian-

71 1740 136 1819 guli
168 1742 206 1801 nb
239 1754 352 1800 aetetno
384 1755 414 1799 et
446 1739 475 1799 in
509 1756 648 1800 aeternunr
678 1738 827 1815 sequitur,
854 1738 918 1815 ejus
939 1754 998 1800 tres
1019 1740 1142 1817 angulos
1163 1735 1271 1814 equari

72 1854 197 1913 duobus
224 1850 320 1914 retiis.
363 1852 460 1934 Quare
488 1850 544 1911 Dei
574 1850 793 1927 omnipotentia
817 1852 884 1913 aeto
904 1853 941 1911 ab
963 1866 1072 1911 aetemo
1093 1848 1169 1926 fuit,
1189 1864 1220 1909 et
1237 1848 1270 1909 in

74 1980 218 2026 aeternurn
241 1963 272 2024 in
301 1966 403 2025 eaden
431 1961 598 2025 anualitate
627 1961 765 2024 manebit.
806 1962 846 2023 Et
866 1963 924 2025 hoe
946 1966 1036 2025 modo
1056 1962 1113 2024 Dei
1134 1959 1270 2037 omnipo·

75 2076 173 2139 tentia
203 2078 311 2155 longe,
338 2095 404 2136 meo
432 2074 548 2153 quidem
568 2074 701 2152 judicio,
721 2074 878 2151 perfeetior
898 2074 1043 2136 statuitur.
1083 2076 1147 2135 lmo
1168 2076 1270 2135 adver·

74 2190 140 2251 sarii
171 2189 229 2251 Dei
261 2187 506 2265 omnipotentiam
532 2186 632 2268 (licent
659 2203 760 2263 aperte
780 2187 878 2269 ioqui)
897 2206 1000 2267 negare
1021 2188 1169 2250 videntur.
1210 2187 1270 2248 Co·

75 2317 191 2381 guntur
222 2300 298 2361 enirn
331 2300 432 2376 fateri,
463 2302 558 2361 Deutn
590 2300 703 2361 infinita
731 2300 867 2361 creabilia
889 2300 1064 2380 intelligere,
1086 2320 1151 2378 qttae
1173 2316 1269 2360 tamen

74 2434 229 2494 nunquam
251 2432 347 2476 crente
369 2412 489 2490 poterit.
515 2414 590 2474 Nam
611 2412 698 2490 alias,
719 2412 740 2475 ii
762 2412 873 2476 seilicet
894 2412 1008 2490 omnia,
1029 2432 1096 2490 quae
1116 2410 1271 2491 intelligit,

70 2545 203 2603 crearet,
232 2526 328 2603 suern,
353 2525 440 2603 juxta
467 2526 564 2603 ipsos,
590 2526 755 2587 exhauriret
777 2525 1040 2603 omnipotentiam,
1065 2541 1095 2586 et
1116 2524 1144 2584 se
1165 2524 1267 2602 imper·

71 2641 183 2702 setium
205 2641 349 2700 redderet.
392 2641 436 2700 Ut
458 2637 546 2716 igitur
566 2640 663 2699 Deum
684 2640 845 2715 perfettum
866 2639 1010 2712 statuant,
1030 2658 1067 2698 eo
1088 2635 1269 2715 rediguntur,

72 2769 106 2813 ut
135 2751 221 2811 srmul
247 2750 370 2811 stntuere
400 2751 542 2827 debeant,
572 2750 665 2827 ipsunt
687 2771 748 2812 non
770 2750 850 2828 poiie
872 2748 970 2812 omnia
990 2749 1124 2824 efficere,
1145 2752 1181 2810 ad
1202 2766 1267 2824 qoae

70 2865 138 2940 ejus
173 2841 309 2940 potentia
342 2863 370 2923 se
402 2863 553 2938 extendit,
586 2883 647 2941 qno
679 2863 848 2940 absurdius,
878 2880 930 2926 aut
960 2864 1017 2925 Dei
1045 2861 1268 2938 omnipotentie

74 2973 173 3054 magis
199 2993 382 3054 repugnans,
410 2993 471 3036 non
500 2975 590 3038 video
620 2975 693 3052 quid
717 2977 787 3055 stngi
808 2978 903 3053 possit.
943 2976 1052 3052 Porro,
1071 2993 1106 3038 ut
1126 2979 1162 3037 de
1183 2976 1269 3036 intel-

73 3091 156 3151 leeiu
176 3103 206 3148 et
224 3089 397 3166 voluntate,
415 3107 491 3166 quos
508 3090 576 3151 Deo
595 3088 790 3152 communiter
806 3089 977 3166 tribuimus,
994 3088 1041 3149 hic
1057 3088 1145 3150 etiarn
1159 3088 1271 3166 aliquid

74 3199 191 3260 dicam:
219 3198 239 3258 st
269 3202 305 3261 ad
334 3215 469 3261 aeternnm
496 3201 554 3262 Dei
580 3199 729 3262 essentiam
757 3201 920 3264 intellettus
952 3200 1061 3263 scilieet
1080 3218 1111 3262 et
1131 3202 1270 3264 voluntas

76 3309 249 3388 pertinent,
269 3309 347 3372 aliod
371 3311 436 3372 sene
458 3330 510 3388 per
531 3327 689 3389 utrumque
711 3315 769 3374 hoc
790 3313 964 3375 attributtnn
984 3313 1202 3392 intelligendum
1213 3313 1271 3388 est,

74 3441 163 3500 qnam
186 3425 269 3500 quod
291 3424 383 3502 vulgo
404 3423 499 3486 solent
519 3425 665 3486 homines.
705 3427 782 3487 Nam
804 3426 969 3489 intelleeius
988 3442 1020 3487 et
1040 3427 1197 3502 voluntas,
1217 3425 1269 3502 qui

77 3535 132 3596 Dei
166 3533 314 3596 effentiam
345 3535 574 3614 constituerent,
602 3558 618 3599 a
647 3538 747 3600 nostro
778 3538 927 3601 interient
954 3553 985 3600 et
1015 3539 1171 3601 voluntate
1198 3552 1266 3600 toto

75 3648 154 3708 coelo
174 3645 289 3708 differre
310 3649 468 3725 deberent,
495 3668 549 3710 nec
571 3649 600 3711 in
622 3652 679 3714 ulla
700 3669 747 3726 re,
775 3667 966 3728 praeterqoam
987 3650 1017 3711 in
1038 3649 1175 3719 nomine.
1194 3669 1265 3712 con·

76 3758 177 3820 venire
206 3757 337 3836 poiient3
366 3777 425 3821 non
454 3760 536 3824 aliter
564 3761 691 3838 scilieet,
713 3782 799 3840 quam
819 3763 896 3826 inter
916 3765 945 3825 se
966 3764 1149 3828 conveniunt
1169 3763 1266 3838 canis,

76 3871 188 3952 signum
208 3873 341 3949 coeleste,
361 3889 392 3934 et
413 3874 512 3951 canis,
532 3875 638 3937 animal
658 3876 775 3937 latrans.
816 3878 908 3960 Quod
927 3877 965 3938 stc
986 3877 1199 3939 demonstrabo.
1234 3876 1266 3938 Si

77 3985 242 4046 intelleflus
270 3987 307 4046 nd
340 3985 469 4050 divinem
489 4003 621 4048 naturam
644 3987 790 4065 pertinet,
810 4009 871 4052 non
891 3989 1018 4067 poterit,
1039 3989 1084 4052 uti
1104 3989 1200 4052 noster
1220 3990 1264 4052 in-

77 4099 230 4172 tenerius,
258 4097 403 4174 posterior
430 4099 478 4180 (ιιι
507 4099 651 4177 plerisque
681 4099 1100 4182 placet),ve1ssmutnaturt
1123 4102 1177 4163 effe
1199 4121 1264 4164 cunr

77 4215 163 4273 rebus
185 4210 356 4289 intellectis,
378 4213 618 4290 quandoquidem
639 4215 722 4276 Deus
744 4215 880 4276 omnibus
901 4219 988 4278 rebus
1009 4216 1091 4294 prior
1106 4216 1147 4277 est
1164 4215 1262 4278 causa·

76 4325 156 4386 litate
178 4320 249 4406 (pro
271 4325 374 4386 Coroll.
387 4340 414 4385 1.
434 4327 522 4406 Prop.
548 4328 624 4407 16.);
647 4326 695 4388 sed
718 4343 822 4389 contra
842 4327 950 4391 veritas
971 4346 1001 4390 et
1022 4330 1150 4392 formalis
1170 4347 1263 4392 rerum
