2934 4900
205 343 267 406 490
679 327 919 390 Tractatue

205 497 323 560 Hesdte
351 516 416 576 cap.
436 514 464 574 7.
494 497 567 564 vers.
592 499 670 578 ro),
699 501 783 578 qvod
812 499 874 576 ipse
902 501 986 564 suum
1012 501 1140 564 studium
1160 502 1341 580 applicuerit
1360 505 1397 564 ad

206 613 389 688 querendam
410 612 518 692 Legem
539 612 595 674 Dei
617 626 647 674 et
667 615 886 689 edomandam,
906 627 938 674 et
958 616 1042 691 quod
1062 629 1125 686 erat
1146 616 1282 692 Scriptor
1301 615 1397 692 (ejul-

207 723 272 784 dem
298 739 363 798 cap.
385 721 457 786 vers.
477 723 522 802 6.)
549 737 704 801 promptus
728 723 760 786 in
780 725 861 804 Lege
882 723 985 786 Molis.
1026 727 1124 808 Quare
1149 727 1261 788 nullum
1289 741 1399 802 preter

207 834 346 896 Hesdram
366 833 502 912 suspicari
523 835 635 912 possum
656 834 758 912 fusse,
777 836 829 914 qui
849 837 906 899 boa
925 836 1018 899 libros
1039 837 1192 916 scripserit.
1223 838 1348 900 Deinde
1369 838 1400 898 itt

206 945 265 1006 hoc
292 947 329 1007 de
357 945 468 1008 Hesdra
495 946 663 1008 testimonio
692 945 844 1025 videmus,
866 951 949 1027 quod
969 947 1032 1026 ipsc
1052 967 1113 1014 non
1134 964 1248 1012 tantum
1269 949 1401 1012 studium

207 1057 371 1120 adhibuerit
391 1059 429 1120 ad
449 1061 632 1135 quaerendam
652 1060 745 1140 legen
765 1059 842 1137 Dei,
870 1060 919 1122 sed
941 1061 1030 1122 etiam
1051 1063 1088 1123 ad
1108 1065 1231 1124 eandem
1249 1065 1401 1124 adornan-

207 1173 289 1246 dam,
320 1185 351 1232 et
380 1170 410 1232 in
441 1169 590 1232 Nehemiae
612 1189 678 1248 cap.
699 1172 729 1232 8.
761 1172 834 1236 vers.
855 1191 886 1251 9.
917 1171 1006 1235 etiam
1026 1171 1146 1252 dicitur,
1166 1177 1243 1252 quod
1259 1175 1401 1250 legeram

207 1283 314 1344 librum
340 1283 427 1360 Legis
453 1283 512 1344 Dei
538 1284 728 1363 explicatum,
748 1298 778 1344 et
796 1283 994 1346 adhibuerunt
1012 1286 1184 1347 §numum
1201 1299 1231 1349 et
1248 1287 1401 1346 intellexe-

208 1410 279 1457 runt
307 1397 498 1476 Scriptorum.
538 1395 614 1458 Cum
646 1412 744 1458 autem
777 1397 807 1459 in
838 1398 1066 1462 Deuteronomii
1093 1398 1171 1461 libro
1200 1415 1262 1459 non
1282 1411 1401 1458 tantum

207 1509 281 1570 liber
306 1507 395 1590 Legit
423 1507 533 1585 Molis,
560 1511 608 1574 vel
636 1507 761 1570 maxima
789 1509 854 1587 ejus
883 1527 965 1588 part,
985 1511 1190 1585 contineatur,
1209 1509 1258 1571 sed
1280 1508 1403 1585 insuper

209 1623 300 1684 multa
320 1623 357 1685 ad
378 1621 537 1698 pleniorem
557 1621 787 1698 explicationem
808 1621 914 1685 inserta
935 1621 1133 1700 reperiantur,
1160 1622 1229 1684 binc
1249 1620 1403 1698 conjicio,

207 1733 311 1796 librum
331 1733 556 1796 Deuteronomii
578 1732 657 1795 illum
678 1733 734 1795 eise
754 1733 859 1796 librum
879 1734 969 1814 Legis
988 1733 1047 1796 Dei
1057 1736 1095 1794 ab
1112 1733 1225 1796 Hesdre
1240 1732 1403 1809 scriptum,
1453 1700 1455 1790 i

209 1847 381 1908 adornatum
402 1859 432 1906 et
454 1843 656 1922 explicatum,
675 1863 763 1923 quem
784 1860 848 1908 tum
868 1846 1013 1926 legerunt.
1053 1846 1145 1927 Quod
1166 1858 1264 1906 autem
1286 1843 1317 1905 in
1341 1846 1404 1905 hoc
1453 1822 1455 1827 ⁸

208 1957 284 2019 libro
305 1955 530 2020 Deuteronomii
551 1958 641 2019 multa
663 1975 714 2034 per
735 1957 1145 2034 parenthcfimadpleniotem
1166 1956 1403 2033 explicationem

209 2069 388 2146 inserantur,
408 2071 470 2134 duo
491 2071 527 2130 de
548 2067 602 2130 hac
624 2087 654 2130 re
675 2071 808 2146 exempla
828 2069 1024 2144 ostendimus,
1040 2086 1106 2130 cum
1125 2067 1298 2130 sententiam
1309 2067 1402 2129 Abeo

210 2183 314 2244 Hezrae
335 2181 562 2260 explicandum
584 2180 669 2258 cujua
689 2197 771 2244 notae
791 2183 875 2259 plura
895 2181 951 2243 alia
970 2181 1164 2258 reperiuntur,
1184 2196 1219 2242 ut
1238 2197 1288 2241 ex.
1305 2198 1353 2259 gr.
1371 2180 1402 2240 io

209 2313 275 2371 cap.
295 2313 323 2356 a.
345 2295 418 2358 vers.
443 2309 488 2356 ια.
508 2309 536 2356 et
555 2297 588 2353 in
607 2293 694 2355 Selair
722 2293 935 2356 habitaverunt
960 2295 1075 2356 Home
1094 2307 1200 2367 amca,-
1224 2293 1285 2373 pilii
1302 2307 1404 2354 autem

209 2407 310 2485 Hesau
339 2425 383 2467 eos
411 2407 584 2487 expulerunt
603 2419 631 2467 et
650 2423 670 2465 a
682 2408 739 2485 suo
769 2407 915 2486 conspoliu
944 2407 1125 2481 deleverunt,
1156 2417 1185 2466 et
1213 2405 1269 2465 loco
1303 2423 1404 2465 eorum

209 2517 436 2596 habitaverunt,
450 2518 537 2597 ficati
555 2518 655 2595 Israe'l
666 2516 743 2595 fecit
756 2523 789 2578 in
803 2531 889 2579 terra
901 2521 968 2597 fue
986 2518 1186 2595 hereditatis,
1206 2535 1294 2596 quam
1317 2520 1405 2581 Deos

208 2631 262 2713 ipſs
281 2632 369 2693 dedit.
395 2630 534 2707 Explicat
555 2630 665 2693 scilicet
686 2630 760 2693 vers.
784 2648 812 2708 3.
835 2646 866 2693 et
889 2652 919 2713 4„
940 2630 1068 2708 ejusdem
1088 2648 1170 2707 cap,
1190 2647 1295 2705 nempe
1315 2634 1403 2707 quod

211 2758 339 2804 montem
361 2742 462 2818 schir,
483 2741 534 2819 qui
554 2740 621 2802 filiis
642 2742 742 2803 Hesau
761 2743 932 2805 haereditate
952 2759 1090 2819 venerat,
1110 2743 1164 2819 ipli
1184 2761 1251 2805 eum
1271 2760 1334 2803 non
1356 2743 1403 2804 in·

210 2855 373 2917 habitatum
404 2868 644 2931 occupaverunt,
674 2853 725 2915 sed
756 2858 839 2932 quod
869 2854 962 2932 ipsum
993 2856 1179 2933 invaserunt,
1206 2870 1238 2917 et
1258 2854 1403 2930 Horitas,

210 2969 262 3047 qui
283 2968 375 3045 ipsum
396 2966 477 3045 prius
496 2966 717 3043 inhabitabant,
735 2967 821 3043 inde,
839 2967 924 3030 iicuti
942 2967 1078 3030 Israelita
1089 2968 1155 3045 poli
1172 2982 1295 3030 mortem
1305 2968 1402 3028 Molis

211 3082 430 3157 Kenahatritas,
461 3082 695 3143 deturbaverant
725 3094 758 3140 et
788 3080 972 3143 deleverunt.
1012 3080 1067 3140 Per
1096 3078 1289 3156 parenthesim
1310 3079 1400 3141 etiam

210 3192 376 3255 inseruntur
401 3191 500 3255 verbio
527 3190 619 3255 Molis
648 3190 721 3255 vers.
742 3194 780 3267 6,
801 3207 831 3268 7,
852 3193 870 3253 8
877 3236 888 3267 ,
909 3207 940 3253 et
959 3209 988 3269 9.
1016 3210 1082 3268 cap.
1115 3208 1179 3267 ro.;
1205 3206 1293 3251 nemo
1320 3190 1401 3252 enim

211 3325 272 3369 non
292 3306 393 3381 videt,
414 3308 496 3384 quod
517 3305 591 3367 vers.
613 3305 659 3381 8.,
680 3304 732 3381 qui
753 3302 860 3381 incipit
877 3309 910 3364 in
929 3306 979 3365 illo
999 3317 1123 3385 tempore
1136 3306 1299 3384 separavit
1316 3305 1399 3366 Deus

211 3420 320 3480 tribum
349 3419 440 3493 Levi,
471 3416 629 3479 neceffario
661 3419 769 3478 debeat
801 3416 900 3478 referri
928 3419 965 3479 ad
993 3416 1066 3480 vers.
1088 3429 1134 3495 5.,
1161 3434 1223 3478 non
1243 3431 1342 3478 autem
1363 3420 1400 3477 ad

211 3545 334 3593 mortem
364 3528 528 3605 Aharonis,
558 3546 644 3607 quam
676 3530 756 3591 nulla
785 3528 840 3590 alia
868 3532 905 3591 de
932 3529 1018 3590 causa
1046 3530 1159 3591 Hezrar
1184 3527 1232 3589 hic
1253 3527 1399 3589 inseruisse

212 3644 346 3719 videtur,
374 3658 460 3719 quam
488 3640 557 3717 quia
585 3640 687 3703 Moser
714 3640 745 3703 iu
773 3640 829 3702 hac
849 3640 1016 3703 narratione
1036 3638 1141 3717 vituli,
1163 3658 1250 3717 quem
1270 3643 1399 3717 populus

212 3759 401 3830 adoraverat,
429 3753 544 3816 dixerat
572 3752 656 3831 (vide
678 3772 743 3831 cap.
763 3771 793 3831 9.
814 3752 888 3817 vers.
909 3754 991 3833 oo),
1012 3752 1042 3815 se
1061 3754 1158 3815 Deum
1186 3769 1240 3829 pro
1261 3754 1398 3815 Aharone

212 3865 343 3930 oraviiie.
383 3864 522 3943 Explicat
549 3862 673 3940 deinde,
703 3866 787 3942 quod
814 3867 898 3928 Deos
924 3884 962 3927 eo
989 3881 1140 3942 tempore,
1160 3866 1197 3926 de
1218 3883 1279 3942 quo
1298 3864 1400 3926 Moses

212 3978 260 4040 hic
287 3978 437 4056 loquitur,
464 3976 572 4039 tribum
599 3976 675 4039 Levi
703 3975 757 4038 libi
785 3977 893 4057 elegit,
921 3993 954 4038 ut
975 3976 1089 4039 causam
1109 3976 1277 4053 electionis,
1298 3992 1328 4037 et
1349 3995 1401 4037 cur
1453 3959 1454 3978 ¹

212 4092 328 4155 Levitae
349 4090 379 4153 in
400 4106 511 4167 partem
530 4088 711 4153 hereditatis
732 4106 793 4151 non
815 4088 925 4151 fuerint
947 4088 1068 4164 vocati,
1089 4088 1255 4153 ostenderet
1262 4108 1272 4164 ς
1292 4104 1322 4149 et
1341 4089 1398 4149 hoc

213 4205 292 4264 fallo
321 4200 419 4279 pergit
449 4201 548 4265 verbis
578 4200 671 4263 Molis
702 4202 782 4262 filum
812 4199 940 4261 historie
971 4198 1116 4277 persequi.
1156 4198 1213 4261 His
1238 4200 1315 4261 adde
1333 4199 1398 4261 libri

213 4312 432 4400 prefationem,
453 4328 484 4373 et
505 4311 603 4373 omnia
624 4312 690 4372 loca
711 4330 777 4394 quae
799 4314 836 4379 de
857 4310 942 4379 Mose
963 4310 993 4377 in
1015 4312 1102 4377 tertia
1122 4310 1246 4391 persona
1273 4314 1396 4389 loquun-
