2934 4900
208 350 247 427 4⁸
633 352 815 413 Ethices
846 352 915 412 Para
936 353 959 413 1.

208 524 349 601 quicquid
373 526 561 603 perfeetionis
587 526 646 591 five
673 528 814 589 realitatis
840 528 968 605 habent,
995 528 1024 588 id
1053 546 1139 589 omne
1166 527 1270 591 virtuti
1299 527 1400 590 causae

208 653 335 699 externae
357 640 497 717 debetur,
518 642 652 717 adeoque
674 658 771 701 earum
793 639 947 701 existentia
967 658 1005 700 ex
1025 638 1086 701 sola
1103 640 1283 717 persedione
1299 640 1400 702 musae

207 766 352 828 extemae,
373 770 433 813 non
455 768 551 814 autem
573 752 630 814 suae
652 752 755 813 oritur.
784 750 914 829 Contra,
938 750 1080 829 quicquid
1100 750 1258 814 substantia
1278 754 1399 829 perfec·

206 862 298 923 tionis
318 864 423 941 habet,
444 865 515 926 ntuli
536 864 627 926 cause
650 880 778 927 externa
800 867 941 941 debetur;
958 881 1047 941 quare
1065 864 1129 941 ejus
1140 865 1227 926 etiam
1238 864 1399 926 existentia

205 994 242 1051 eq
263 975 407 1054 solacius
428 994 530 1041 natura
550 978 632 1055 sequi
653 980 760 1054 debet,
788 996 853 1055 quae
880 976 1003 1053 proinde
1027 976 1099 1037 nihil
1125 977 1281 1054 diedesi,
1303 994 1397 1055 quam

205 1086 269 1164 ejus
289 1087 416 1151 essentia.
443 1090 586 1153 Perfeiiio
614 1072 703 1169 igitur
730 1089 772 1151 rei
800 1089 983 1151 existentiam
1010 1108 1072 1151 non
1099 1090 1196 1165 tollit,
1216 1089 1266 1151 sed
1285 1104 1396 1151 contra

203 1200 307 1278 ponit;
327 1202 508 1280 imperfestio
530 1218 626 1264 autem
647 1218 751 1264 contra
772 1205 893 1264 eandem
915 1201 1010 1279 tollit;
1027 1204 1161 1279 adeoque
1176 1204 1214 1264 de
1229 1201 1338 1263 nullius
1349 1200 1396 1261 rei

203 1312 356 1376 existentia
378 1316 517 1377 certiores
537 1315 592 1377 esse
613 1314 776 1393 possumus,
804 1335 891 1393 quam
916 1318 952 1377 de
974 1314 1129 1377 existentia
1148 1314 1235 1377 Entis
1256 1314 1394 1375 absolute

202 1424 308 1487 infiniti
334 1426 384 1489 seu
409 1428 546 1505 perfecti,
571 1430 629 1490 boc
655 1428 695 1488 est
719 1427 787 1490 Dei.
813 1429 889 1489 Nam
914 1427 1154 1505 quandoquidem
1178 1426 1242 1503 ejus
1270 1424 1394 1487 essentia

203 1556 316 1599 ornnem
337 1539 584 1616 impersediionem
606 1540 746 1616 secludit,
772 1540 992 1617 absolutamque
1013 1539 1222 1616 perfectionem
1242 1537 1375 1602 involvit
1382 1583 1394 1614 ,

201 1665 238 1707 eo
257 1646 319 1724 ipso
336 1666 450 1709 omnem
469 1648 582 1711 causam
601 1648 758 1711 dubitandi
769 1652 806 1712 de
816 1648 905 1726 ipsius
916 1647 1070 1710 existentia
1080 1649 1174 1725 tollit,
1194 1648 1393 1724 summamque

200 1761 237 1819 de
265 1763 364 1822 eadem
386 1760 591 1823 certitudinem
613 1765 678 1839 dat,
706 1764 789 1840 quod
811 1761 997 1824 mediocriter
1016 1762 1183 1823 attendenti
1203 1760 1390 1838 perspicuum

200 1872 264 1931 sore
287 1872 385 1933 credo.

580 1985 911 2047 PROPOSITIO
940 1986 1007 2046 x11.

237 2098 357 2157 Nullum
371 2098 542 2177 substantia
563 2099 739 2160 attributum
755 2099 846 2177 potest
866 2117 935 2159 vere
956 2100 1080 2177 concipi,
1100 2116 1137 2155 ex
1157 2114 1210 2173 quo
1225 2097 1383 2173 sequatur,

192 2208 386 2288 substantiam
402 2210 478 2289 poffc
497 2213 602 2271 dividi.

591 2372 986 2417 ommonsnnnnro

236 2467 335 2530 Partes
364 2469 457 2546 eninr,
486 2470 515 2530 in
542 2489 614 2548 quas
635 2468 794 2531 substantia
814 2468 852 2530 stc
874 2484 1019 2544 concepta
1041 2467 1238 2543 divideretur,
1258 2468 1307 2530 vel
1327 2483 1380 2527 na·

198 2593 290 2640 turam
311 2579 475 2642 substantia
496 2580 683 2657 retinebunt,
705 2582 754 2643 vel
774 2599 844 2642 non.
866 2579 895 2641 si
917 2580 1057 2656 primum,
1077 2595 1140 2640 tum
1152 2579 1223 2658 (per
1234 2579 1263 2638 8.
1273 2579 1381 2656 Prop.)

196 2710 378 2769 unaquaeque
406 2711 471 2769 pars
500 2693 620 2754 debebit
653 2691 708 2754 eise
735 2692 865 2768 infinita,
893 2707 924 2752 ct
945 2691 1124 2772 (per-Prop.
1144 2693 1190 2771 6.)
1211 2689 1297 2751 causa
1317 2687 1382 2765 sni,

195 2818 226 2864 et
247 2802 317 2883 (per
337 2805 425 2883 Prop.
446 2805 488 2885 5.)
510 2805 641 2866 constare
664 2804 785 2866 debebit
807 2821 843 2864 ex
865 2803 981 2867 diverso
1002 2802 1166 2878 attributo,
1185 2804 1320 2878 adeoque
1343 2819 1383 2860 ex

195 2933 252 2976 una
279 2915 435 2978 substantia
463 2918 558 2993 plures
586 2915 724 2979 constitui
753 2931 912 2992 poterunt,
941 2916 1022 2993 quod
1051 2917 1122 2994 (per
1149 2915 1239 2993 Prop.
1259 2914 1304 2992 6.)
1337 2912 1381 2972 est

195 3028 357 3089 absurdum.
385 3031 490 3105 Adde,
517 3031 600 3105 quod
629 3044 725 3104 partes
754 3028 827 3108 (per
855 3029 943 3107 Prop.
972 3028 1016 3106 2.)
1047 3026 1119 3088 nihil
1139 3043 1292 3087 commune
1309 3027 1384 3084 'cum

194 3136 246 3198 suo
278 3154 347 3200 toto
379 3140 535 3217 haberent,
567 3155 598 3201 et
631 3154 727 3202 totum
760 3140 833 3219 (per
852 3139 946 3218 Defin.
967 3159 996 3219 4.
1017 3153 1047 3200 et
1066 3139 1154 3217 Prop.
1180 3138 1240 3216 ιο.)
1270 3134 1383 3211 absque

194 3248 253 3309 suis
280 3251 411 3327 partibus
440 3269 470 3313 et
498 3251 554 3313 csse
582 3267 613 3312 et
643 3251 761 3327 concipi
788 3249 900 3328 posset,
928 3253 1010 3328 quod
1037 3245 1271 3311 abstudum‘esse
1291 3265 1382 3307 nemo

193 3361 326 3424 dubitare
354 3364 474 3439 poterit.
515 3364 545 3425 Si
573 3379 670 3426 autem
699 3363 857 3425 secondum
885 3377 1023 3439 ponatur,
1044 3365 1127 3439 quod
1147 3360 1258 3422 scilicet
1280 3375 1382 3435 partes

192 3487 322 3533 naturam
355 3475 518 3536 substantiae
550 3495 610 3537 non
643 3475 830 3552 retinebunt;
860 3492 948 3554 ergo,
979 3494 1044 3537 cum
1072 3491 1138 3536 tota
1168 3473 1325 3536 substantia
1348 3473 1381 3532 in

193 3587 318 3660 aquales
339 3602 436 3662 partes
457 3586 526 3649 esset
548 3588 655 3664 divisa,
677 3603 808 3650 naturam
829 3586 993 3650 substantiae
1015 3587 1176 3662 amitteret,
1198 3602 1227 3646 ct
1250 3584 1305 3646 esse
1326 3586 1381 3645 de·

192 3697 312 3777 sineret,
333 3702 414 3776 quod
436 3700 507 3780 (per
527 3703 616 3780 Prop.
639 3699 679 3783 7.)
701 3702 742 3762 esi
763 3701 925 3763 absurdum.

562 3861 892 3923 PROPOSITIO
922 3862 1002 3922 ΧΙΙΙ.

231 3971 396 4050 Substantia
415 3973 542 4050 nbfhlute
563 3974 681 4052 infinita
702 3974 740 4052 est
759 3972 953 4051 indivtstbila's.

589 4134 984 4201 ommonannnrro

231 4227 261 4289 si
289 4229 364 4290 enim
393 4229 544 4293 divisibilis
566 4228 651 4307 esset,
674 4246 787 4306 partes,
808 4229 838 4289 in
860 4247 933 4305 quas
954 4229 1151 4311 divideretur,
1172 4231 1220 4292 vel
1242 4243 1375 4290 naturam

191 4339 355 4402 substantiae
377 4341 509 4404 absolute
531 4343 655 4413 infinitae,
672 4342 859 4419 retinebunt,
881 4342 928 4404 uel
950 4359 1020 4404 non.
1048 4342 1078 4404 Si
1100 4342 1238 4420 primum,
1261 4343 1376 4404 dabun-
