2934 4900
227 308 287 371 260
650 304 831 370 Ethiccs
857 304 927 370 Pera
946 301 986 370 V.

227 484 416 563 cogitandum
441 484 498 561 est3
526 487 719 547 enumeranda
745 484 857 547 scilicet
883 484 951 546 sunt
970 499 1003 545 et
1022 484 1098 561 saepe
1125 484 1312 565 imaginanda
1332 503 1402 546 com·
1432 493 1433 498 ’

227 596 325 657 munia
355 595 426 660 vitae
457 595 601 673 pericula,
632 612 663 657 et
694 599 847 673 quomodo
879 596 967 658 animi
994 596 1148 673 presentis
1175 612 1207 657 et
1232 595 1403 658 fortitudine

228 708 340 784 optime
362 708 447 772 vitari
468 725 499 770 et
518 708 645 785 superari
667 708 795 785 possunt.
822 710 881 771 Sed
901 713 1078 785 notandum,
1099 712 1181 786 quod
1200 708 1288 771 nobis
1311 709 1343 770 in
1362 727 1402 768 or·

226 820 361 882 dinandis
382 821 485 882 nostris
505 820 738 900 cogitationibus
759 837 790 884 et
810 820 986 901 imaginibus
1007 822 1119 899 semper
1138 824 1351 883 attendendum
1370 820 1403 881 esi

226 934 297 1013 (per
319 936 421 996 Coroll.
442 937 531 1016 Prop.
550 938 600 1013 63.
617 950 649 1017 p.
670 956 699 1017 4
720 950 749 997 er
768 938 858 1016 Peop.
880 948 928 1013 59.
945 950 978 1015 p.
991 937 1034 1015 3.)
1055 938 1092 997 ad
1112 936 1178 1011 illa,
1198 952 1264 1012 quae
1284 934 1318 995 in
1340 952 1404 995 una·

225 1066 341 1123 qttaque
362 1066 391 1108 re
412 1050 491 1109 bona
512 1046 594 1124 sunt,
624 1064 657 1110 ut
678 1048 716 1109 sac
738 1048 848 1125 semper
869 1067 906 1109 ex
928 1048 1056 1109 Laetitiae
1079 1048 1186 1110 affesiu
1207 1050 1244 1109 ad
1263 1049 1404 1126 agendum

226 1158 458 1221 determinemur.
499 1160 555 1219 Ex.
576 1178 617 1239 gr.
638 1158 658 1220 st
687 1158 754 1237 quis
784 1160 885 1235 videt,
913 1160 942 1220 se
970 1159 1054 1221 nimis
1080 1159 1210 1221 Gloriam
1229 1158 1348 1233 serrari,
1372 1160 1403 1217 de

227 1269 291 1346 ejus
321 1272 399 1331 resto
430 1270 483 1333 usu
515 1270 644 1351 cogitet,
672 1288 702 1333 er
729 1274 761 1333 in
790 1289 877 1349 quem
904 1273 990 1333 linem
1019 1271 1152 1335 sesianda
1178 1270 1229 1347 sit,
1250 1286 1280 1331 et
1302 1271 1403 1348 quibus

227 1381 331 1442 mediis
352 1381 462 1458 acquiri
481 1384 580 1461 possm
601 1384 651 1446 sed
672 1403 732 1445 non
754 1387 792 1446 de
813 1382 902 1461 ipfius
922 1384 1028 1459 abusu,
1049 1401 1080 1444 et
1100 1383 1247 1457 vanitate,
1263 1398 1295 1443 et
1315 1381 1403 1442 homi-

227 1513 296 1554 num
317 1494 523 1571 inconstantia,
545 1497 593 1559 vei
614 1496 676 1557 aliis
697 1495 880 1573 hujusmodi,
899 1497 936 1557 de
953 1496 1062 1573 quibus
1079 1513 1179 1571 nemo,
1197 1494 1249 1555 nist
1267 1512 1305 1554 ex
1324 1491 1404 1553 animi

228 1606 416 1684 aegritudine,
436 1608 567 1687 cogitat;
588 1608 696 1670 talibus
718 1609 794 1669 enim
821 1608 1055 1688 cogitationibus
1075 1607 1198 1669 maxime
1215 1605 1360 1668 ambitiofi
1378 1604 1403 1663 se

227 1720 350 1780 maxime
382 1719 536 1797 afflisiant,
568 1724 688 1798 quando
720 1724 757 1783 de
785 1718 961 1796 assequendo
988 1719 1118 1793 honore,
1145 1736 1231 1795 quern
1259 1716 1403 1788 ambiunt,

228 1832 396 1907 desperant;
425 1849 472 1907 et,
499 1836 567 1895 dum
595 1835 668 1895 Iram
689 1847 851 1909 evomunt,
873 1832 1019 1909 sapientes
1039 1829 1134 1894 videri
1152 1831 1271 1894 volunt.
1310 1829 1402 1909 Quare

227 1958 337 2004 certum
359 1944 414 2019 cst,
436 1964 488 2005 eos
509 1946 608 2023 gloriae
637 1946 760 2007 maxime
788 1945 844 2006 esse
865 1946 1008 2021 cupidos,
1029 1944 1080 2021 qui
1101 1946 1137 2004 de
1157 1941 1246 2019 ipsius
1267 1940 1358 2003 abusu
1376 1956 1402 1999 er

228 2056 327 2116 mrrndi
348 2056 480 2119 vanitate
500 2058 623 2119 marinae
652 2060 787 2119 clamant.
828 2058 893 2119 Nec
913 2059 971 2118 hoc
992 2056 1151 2117 ambitiofis
1171 2054 1337 2132 proprium,
1358 2052 1402 2112 sed

228 2168 365 2229 omnibus
391 2188 545 2231 commune
575 2170 631 2247 cst,
653 2171 762 2248 quibus
783 2171 903 2231 fortuna
924 2169 965 2230 est
986 2168 1123 2244 adversa,
1145 2183 1175 2229 ct
1197 2167 1295 2228 animo
1315 2167 1402 2239 impo-

228 2296 325 2342 tentes
346 2282 422 2342 sunt.
443 2272 518 2343 Nam
539 2300 650 2358 pauper
670 2282 759 2344 etiam
779 2301 886 2346 avarus
906 2285 943 2343 de
964 2281 1057 2343 abusu
1077 2281 1209 2357 pecunie
1230 2295 1261 2340 et
1282 2278 1401 2340 divitum

228 2391 310 2456 vitiis
331 2410 390 2454 non
413 2392 501 2456 cessat
520 2394 619 2472 loqui;
641 2413 702 2474 quo
724 2394 796 2456 nihil
817 2395 896 2458 aliud
918 2390 1025 2471 efficit,
1046 2413 1132 2472 quarn
1152 2393 1181 2455 se
1202 2391 1352 2466 afflis'tare,
1372 2404 1399 2449 et

229 2504 292 2565 aliis
314 2506 480 2583 ostendere,
502 2507 530 2568 se
552 2527 610 2569 non
633 2524 747 2570 tantum
767 2524 969 2586 paupertatem
991 2506 1089 2583 suam,
1110 2505 1268 2568 sedetiam
1288 2503 1402 2565 aliorum

228 2616 348 2679 divitius
371 2618 473 2695 iniquo
496 2620 592 2681 animo
615 2622 698 2681 serre.
740 2620 788 2682 Sic
810 2621 915 2695 etiam,
936 2621 988 2697 qui
1009 2621 1081 2681 male
1102 2622 1139 2680 ab
1160 2616 1261 2679 amasia
1293 2614 1404 2689 excepti

227 2728 309 2804 sunt,
330 2731 402 2790 nihil
422 2731 571 2810 cogitant,
593 2750 679 2808 quam
701 2735 737 2794 de
756 2732 906 2794 mulierum
924 2729 1118 2792 inconstantia
1136 2745 1166 2790 er
1184 2729 1280 2789 fallaci
1297 2726 1402 2796 animo,

227 2855 256 2901 et
284 2841 404 2918 reliquis
431 2845 585 2904 earundem
614 2845 778 2905 decantatis
806 2844 906 2920 vitiis;
934 2862 1001 2919 quae
1029 2842 1126 2904 omnia
1146 2841 1241 2902 statim
1263 2835 1401 2901 oblivioni

228 2956 367 3030 tradunt,
397 2953 511 3016 stmulac
543 2958 578 3016 ab
611 2956 712 3016 amasia
743 2955 848 3017 iterum
880 2956 1071 3032 recipiuntur.
1118 2955 1180 3036 Qui
1209 2954 1310 3031 itaque
1338 2951 1402 3010 suos

229 3063 348 3127 affeslus
376 3081 406 3126 et
434 3067 584 3143 appetitus
611 3087 648 3128 eu
676 3067 741 3128 solo
768 3067 932 3130 Libertatis
959 3084 1056 3128 amore
1084 3065 1226 3128 moderari
1246 3059 1402 3136 studet,is

227 3193 367 3252 quantum
389 3179 486 3254 potest
507 3179 634 3256 nitetur,
654 3181 782 3242 virtutes
804 3197 960 3255 carumque
977 3179 1078 3240 causas
1094 3176 1401 3251 noscere,etanimum

227 3288 351 3366 gaudio,
373 3293 454 3366 quod
483 3309 519 3351 ex
547 3310 644 3354 earum
666 3309 735 3355 vera
761 3291 933 3370 cognitione
954 3289 1064 3366 oritur,
1085 3288 1220 3364 implere3
1241 3301 1272 3346 at
1294 3283 1402 3344 minime

228 3400 377 3462 hominum
398 3402 470 3465 viria
493 3405 700 3480 contemplari,
719 3403 911 3482 hominesque
932 3404 1110 3476 obtrectare,
1127 3415 1158 3461 et
1175 3399 1244 3460 salsa
1264 3393 1402 3458 libertatis

228 3511 323 3586 specie
344 3517 478 3591 gaudere.
518 3517 620 3592 Atque
641 3517 703 3577 haec
725 3516 776 3593 qui
797 3515 953 3594 diligenter
972 3513 1167 3576 observabit*
1195 3511 1304 3589 (neque
1332 3506 1400 3569 enim

229 3622 356 3685 difficilia
388 3624 469 3706 sunt)
499 3641 529 3686 et
562 3627 727 3702 exercebit,
756 3645 800 3688 nae
828 3627 876 3687 ille
896 3627 980 3689 brevi
1001 3625 1143 3701 temporis
1164 3623 1259 3700 spatio
1280 3622 1403 3684 aetiones

228 3733 293 3795 suas
314 3753 351 3794 ex
373 3736 511 3798 Rationis
532 3737 654 3815 imperio
675 3739 846 3815 plerumque
867 3739 990 3816 dirigere
1011 3736 1131 3813 poterit.

616 3896 944 3959 PROPOSITIO
974 3895 1026 3955 xl.

270 4003 330 4081 Quo
355 4008 448 4080 imago
475 4009 576 4085 aliqua
602 4010 645 4068 ad
665 4009 766 4087 plures
794 4028 841 4068 res
869 4006 1010 4084 refertur,
1038 4026 1067 4065 eo
1080 4005 1268 4084 frequentior
1287 4005 1340 4083 est,
1354 4003 1403 4080 seu

222 4115 334 4196 sapius
355 4121 451 4196 viget,
471 4133 498 4178 et
519 4121 648 4180 Mentem
666 4126 761 4198 magis
782 4136 908 4200 occupat.

231 4252 507 4264 —-—.....

263 4313 275 4342 ⁴
311 4308 406 4360 Sailsct.
422 4335 456 4347 -
472 4313 520 4362 lid.
537 4313 593 4363 Pu:
611 4311 766 4366 observante.
