2934 4900
237 310 296 371 402
713 288 951 349 Tractatus

235 445 369 521 potentia
407 444 458 504 srbi
489 444 542 505 soli
580 446 732 505 Hebraeam
770 444 918 507 nationem
958 444 1071 523 elegisse
1078 490 1088 519 ,
1119 460 1291 523 certamque
1327 445 1425 507 mundi

235 560 346 636 plagam
377 556 460 633 (vide
490 558 580 618 Deut.
612 575 677 633 cap.
707 577 735 637 4.
768 556 853 621 vers·
875 572 920 633 19.
952 572 982 617 et
1014 575 1077 633 cap.
1110 574 1157 633 32.
1190 558 1262 620 vers.
1302 557 1341 631 8,
1374 558 1427 634 9.),

234 670 358 745 reliquas
385 684 483 730 autem
512 670 648 731 nationes
676 685 706 731 et
733 669 868 748 regiones
897 670 974 729 curis
1001 669 1178 745 reliquorum
1199 672 1338 731 Deorum
1363 688 1379 727 a
1402 668 1426 726 se

233 780 453 842 substitutorum
481 780 639 857 reliquisse;
668 796 698 841 et
719 780 787 841 ideo
816 781 897 841 Deus
925 780 1053 855 Israelis,
1075 796 1105 841 et
1127 782 1210 842 Deus
1231 782 1321 859 (vide
1346 780 1429 842 Libri

233 912 262 953 2.
289 893 411 968 Paralip.
437 911 500 968 cap.
528 911 575 970 32.
603 892 645 955 vs.
676 894 737 971 19.)
769 891 998 971 Hierosolymae,
1033 892 1136 969 reliqui
1164 909 1259 954 autem
1282 893 1340 954 Dii
1364 893 1428 953 reli-

232 1022 353 1080 quarum
380 1004 532 1065 nationum
559 1004 609 1066 Dii
630 1008 822 1067 vocabantur.
851 1004 891 1064 Et
912 1006 965 1065 hac
986 1005 1074 1065 etiam
1096 1008 1132 1065 de
1154 1004 1239 1067 causa
1259 1007 1429 1066 credebant

231 1116 343 1196 Judaei,
371 1116 518 1195 regionem
545 1115 638 1191 illam,
660 1136 746 1193 quarn
767 1117 850 1176 Deus
870 1115 921 1176 fibi
944 1118 1085 1195 elegerat,
1107 1119 1217 1178 cultum
1244 1118 1305 1178 Dei
1329 1117 1430 1195 fingu-

231 1230 317 1289 larcm
344 1245 375 1289 et
402 1230 437 1289 ab
465 1228 582 1289 aliarum
610 1228 760 1308 regionum
790 1230 872 1290 cultu
900 1228 1015 1304 prorsus
1044 1229 1225 1293 diversum*
1252 1230 1428 1307 requirere,

231 1342 291 1401 imo
322 1360 375 1401 nec
406 1340 485 1416 polle
517 1341 578 1416 pati
609 1342 719 1401 cultum
752 1342 873 1401 aliorum
904 1343 1053 1417 Deorum,
1092 1342 1212 1419 aliisque
1243 1341 1425 1421 regionibus

231 1452 395 1529 proprium:
423 1470 487 1512 nam
515 1466 618 1530 gentes
646 1454 717 1528 illae,
746 1471 819 1528 quas
847 1470 897 1512 rex
926 1451 1046 1531 nffyriae
1075 1452 1104 1513 in
1133 1455 1307 1532 Judaeorum
1331 1468 1427 1512 terras

232 1564 334 1640 duxit,
361 1566 553 1625 credebantur
581 1584 598 1623 a
624 1563 761 1624 leonibus
789 1563 937 1639 dilaniari,
967 1563 1035 1639 quia
1058 1566 1167 1625 cultum
1188 1567 1323 1626 Deorum
1346 1564 1426 1623 illius

232 1694 314 1738 terrae
342 1678 516 1756 ignorabant
544 1676 627 1753 (vide
654 1676 722 1736 Lib.
745 1694 772 1735 a.
796 1678 910 1753 Regum
937 1694 1001 1752 cap.
1027 1691 1071 1753 17.
1094 1676 1166 1739 vers.
1188 1689 1243 1752 25,
1264 1680 1317 1739 26.
1341 1676 1426 1752 cte).

231 1790 271 1849 Et
297 1791 443 1869 Jacobus,
470 1807 508 1849 ex
535 1789 621 1849 Aben
651 1788 754 1847 Hezrae
784 1787 942 1863 opinione,
971 1787 1047 1848 dixit
1076 1803 1231 1864 propterea
1260 1788 1349 1863 siliis,
1373 1785 1423 1847 ubi

232 1902 353 1977 patriam
385 1916 484 1977 petere
515 1900 626 1975 voluit,
657 1915 691 1960 ut
724 1900 752 1959 se
784 1918 866 1963 novo
898 1900 991 1961 cultui
1032 1916 1241 1977 praepararent,
1272 1916 1307 1961 et
1340 1902 1424 1960 Deos

232 2014 361 2089 alienos,
390 2014 448 2073 hoc
480 2013 520 2072 est
551 2014 660 2073 cultum
692 2014 822 2073 Deorum
854 2012 931 2073 illius
963 2028 1061 2089 terrae,
1093 2012 1122 2073 in
1156 2028 1299 2090 quatum
1323 2027 1421 2084 erant,

231 2130 413 2202 deponerent
434 2124 517 2203 (vide
537 2123 612 2184 Gen.
634 2142 698 2199 cap.
720 2135 768 2199 35.
790 2122 862 2185 vers.
883 2141 919 2198 2,
941 2124 993 2201 3.).
1026 2124 1124 2186 David
1146 2123 1251 2199 etiam,
1271 2140 1307 2184 ut
1331 2124 1419 2185 Sauln

232 2238 358 2315 diceret,
385 2237 414 2297 se
443 2252 564 2315 propter
591 2236 654 2313 ejus
683 2236 916 2311 persecutionem
942 2238 1074 2297 coastum
1096 2234 1169 2313 else,
1190 2252 1271 2297 extra
1293 2235 1417 2313 patriam

231 2350 348 2426 vivere,
368 2349 460 2422 dixit,
482 2348 510 2409 se
532 2351 567 2409 ab
588 2348 760 2408 hereditate
781 2347 838 2407 Dei
860 2348 965 2424 expelli
985 2362 1014 2407 et
1032 2350 1069 2407 ad
1087 2347 1159 2409 alios
1177 2348 1261 2408 Deos
1272 2348 1416 2407 colendos

232 2462 310 2524 mitti
332 2462 414 2541 (vide
435 2462 529 2522 Sham.
550 2461 618 2522 Lib.
642 2477 666 2520 1.
688 2479 752 2534 cap.
773 2462 821 2519 26.
843 2459 915 2522 vers.
941 2461 1010 2537 19.).
1036 2458 1171 2536 Denique
1193 2459 1340 2535 credidit,
1360 2458 1414 2516 hoc

231 2595 299 2651 ens,
319 2574 379 2638 live
399 2577 512 2649 Deum,
533 2574 614 2634 suum
642 2571 821 2634 domicilium
842 2571 871 2632 in
894 2571 975 2630 coelis
1003 2572 1108 2631 habere
1131 2571 1214 2649 (vide
1236 2553 1330 2632 Deut.
1353 2587 1412 2644 cup.

232 2705 279 2766 33.
301 2687 374 2748 vers.
396 2688 444 2747 26.
465 2687 528 2764 **),
556 2704 621 2762 quae
649 2684 753 2760 opinio
777 2684 852 2744 inter
880 2683 1016 2744 ethnicos
1038 2683 1261 2760 frequentissima
1282 2683 1354 2744 fuir.
1385 2677 1412 2738 Si

227 2799 286 2876 jam
308 2805 344 2861 ad
365 2799 457 2860 Mosrs
475 2797 673 2861 revelationes
693 2801 895 2872 attendamus,
916 2815 963 2857 ens
983 2795 1062 2855 hisce
1084 2794 1276 2870 opinionibus
1299 2809 1411 2854 accom-

231 2914 363 2973 modatas
389 2909 471 2971 suisse
498 2909 690 2985 reperiemus;
719 2927 783 2969 nam
811 2909 880 2986 quia
907 2909 1063 2980 credebat,
1091 2905 1148 2967 Dei
1178 2921 1311 2966 naturam
1334 2905 1411 2972 illas,

230 3044 302 3101 quas
323 3024 463 3100 diximus,
484 3022 548 3099 pati
568 3022 773 3096 conditiones,
795 3040 899 3096 nempe
922 3019 1160 3094 misericordiam,
1182 3018 1408 3096 benignitatem,

228 3152 302 3211 etc.,
329 3137 396 3196 ideo
424 3137 507 3195 Deus
533 3137 570 3194 ad
597 3134 672 3195 hanc
705 3133 769 3209 eJ'us
799 3133 985 3210 opinionem,
1015 3147 1045 3192 et
1074 3131 1126 3191 sub
1147 3129 1224 3190 hisce
1246 3128 1407 3198 attributis,

229 3247 281 3324 ipsi
308 3249 455 3309 revelatus
483 3245 540 3306 fuit
568 3245 650 3321 (vide
679 3243 779 3306 Exodi
808 3264 872 3320 cap.
901 3261 947 3323 34.
977 3243 1050 3304 vers.
1069 3245 1107 3318 6,
1127 3257 1172 3317 7.‚
1195 3242 1244 3302 ubi
1267 3256 1409 3312 narratur,

230 3379 288 3436 qua
308 3359 422 3419 ratione
442 3359 524 3417 Deus
545 3355 622 3416 Most
643 3355 794 3432 apparuit;
816 3370 846 3415 et
868 3354 1010 3433 Decalogi
1032 3357 1182 3430 [capno]
1208 3354 1281 3416 vers.
1302 3375 1339 3433 4,
1360 3353 1406 3427 5.).

230 3470 345 3532 Deinde
375 3469 473 3546 capite
501 3487 549 3546 33.
570 3467 642 3530 vers.
675 3470 718 3528 18.
742 3484 882 3544 narratur,
903 3467 1009 3527 Mosen
1031 3485 1047 3525 a
1067 3468 1133 3527 Deo
1156 3465 1286 3542 petiisse,
1307 3483 1342 3527 ut
1361 3460 1407 3524 sibi

229 3581 330 3642 liceret
351 3601 416 3644 eum
445 3580 561 3656 videre3
590 3579 798 3656 sedquoniam
827 3579 943 3654 Moses,
965 3593 999 3639 ut
1017 3577 1076 3654 jam
1100 3577 1206 3640 dicium
1228 3577 1285 3654 est,
1307 3578 1405 3638 nullam
1453 3569 1455 3587 ¹

230 3693 286 3754 Dei
308 3692 459 3771 imaginem
486 3691 516 3752 in
541 3694 660 3752 cerebro
689 3693 882 3766 formaverat,
904 3707 933 3750 et
954 3693 1035 3751 Deus
1057 3689 1106 3766 (ut
1122 3689 1182 3765 jam
1203 3689 1331 3768 ostendi)
1353 3701 1404 3748 non

231 3807 376 3868 revelatur
403 3803 573 3880 Prophetis,
601 3802 652 3864 nisi
680 3821 733 3878 pro
755 3803 945 3880 dispositione
967 3820 1066 3862 eorum
1089 3801 1323 3878 imaginationis,
1345 3801 1403 3860 ideo

230 3918 312 3976 Deus
332 3917 410 3976 nulla
430 3914 482 3990 ipli
503 3914 626 3992 imagine
648 3915 793 3990 apparuit.
815 3917 916 3990 Atque
937 3914 994 3973 hoc
1017 3911 1167 3990 contigisse
1188 3913 1323 3988 inquam,
1344 3907 1402 3988 quia

262 4211 275 4240 *
310 4211 375 4260 Edd.
391 4225 494 4260 omnes:
512 4211 649 4275 diuersam.

264 4311 291 4340 ”
309 4311 357 4359 Ed.
373 4311 430 4359 Pu:
447 4321 488 4371 27.
