2934 4900
222 302 283 373 434
696 280 933 353 Tractatus

222 469 295 530 nihil
325 484 432 545 praetet
460 467 593 545 corporis
623 469 794 543 commoda,
824 481 855 527 et
882 482 936 542 pro
964 464 1024 525 sola
1044 465 1108 543 lege
1129 463 1230 527 divina
1251 462 1413 526 universali

222 580 434 643 beatitudinem
464 578 660 656 promittunt,
690 578 720 640 in
753 578 877 639 medium
910 578 1101 654 proferamus.
1142 576 1222 636 Inter
1242 574 1412 651 Prophetas

222 711 308 753 nemo
336 691 440 753 clarius
461 710 547 768 quam
567 691 667 754 Esaias
687 692 745 753 boc
767 690 888 766 docuit;
909 688 957 749 hic
979 688 1055 750 enim
1075 707 1140 765 cap.
1163 688 1229 762 58„
1250 687 1412 763 postquam

221 804 388 884 hypocrisin
416 803 582 879 damnavit,
609 802 773 865 libertatem
802 819 833 863 et
860 802 1029 863 charitatem
1051 818 1119 879 erga
1140 800 1169 861 se
1190 814 1221 860 et
1242 798 1413 875 proximum

222 917 424 992 commendat,
454 930 485 975 et
516 932 571 989 pro
601 914 647 974 his
674 913 737 975 haec
767 913 930 990 promittit,
972 928 1058 1012 aaran
1098 927 1200 987 anm)
1242 927 1331 1007 12er
1377 928 1415 985 m

224 1047 335 1133 teoto
371 1047 450 1104 nrt-tr
483 1046 565 1105 rma
603 1046 696 1128 tota
735 1018 831 1128 teto&
867 1018 950 1127 tint
988 1046 1084 1104 noan
1121 1046 1221 1102 nano
1260 1045 1414 1127 that-tto

221 1163 289 1211 tunc
308 1161 435 1229 erumpet
449 1147 536 1226 sscutr'
553 1166 665 1208 aurora
685 1147 738 1207 lux
760 1159 827 1221 tua,
848 1160 876 1205 tt
896 1160 948 1207 tua
957 1146 1079 1225 sanitas
1092 1150 1228 1226 protinus
1245 1146 1416 1225 efflorescet,

220 1276 249 1323 et
278 1262 336 1323 r‘bt't
362 1276 431 1321 ante
460 1274 489 1321 te
510 1260 630 1338 justitia
658 1274 731 1335 tua,
763 1273 790 1320 et
818 1262 917 1336 gloria
947 1260 1006 1321 Det·
1035 1274 1063 1319 te
1089 1258 1100 1299 ¹
1123 1259 1323 1336 aggregabit,
1360 1272 1416 1317 ete.

222 1374 290 1436 Post
319 1373 381 1435 haec
413 1373 563 1434 sabbatum
594 1371 681 1433 etiam
719 1373 920 1466 commendat,
954 1390 1007 1447 pro
1041 1370 1126 1447 cujus
1158 1370 1187 1431 itt
1220 1369 1414 1433 observando

222 1485 372 1566 surgentia
411 1485 469 1545 h0c
511 1482 673 1560 promittit,
714 1471 756 1564 'rr
802 1499 971 1582 vorsant
1016 1497 1095 1559 nin*
1139 1474 1181 1564 bn
1226 1498 1329 1565 rtonn
1377 1500 1418 1557 nt

223 1616 287 1676 nm
316 1615 395 1676 nto*
424 1616 461 1675 ro
488 1615 523 1674 ⁸2
554 1616 638 1698 tha
658 1615 741 1695 spo*
764 1589 849 1675 mm
870 1590 1041 1701 nrnbattnt
1063 1616 1133 1697 rate
1153 1615 1253 1676 *ntor
1293 1616 1363 1661 tunc
1403 1604 1418 1640 ²
1451 1648 1452 1695 ;

221 1729 282 1775 cum
298 1715 358 1776 Deo
378 1715 574 1791 dekaaberts,
594 1729 623 1776 et
642 1729 670 1775 te
694 1720 707 1755 ³
729 1719 860 1793 equitare
874 1716 989 1793 faciam
1007 1718 1101 1796 super
1120 1717 1232 1794 excelsa
1254 1729 1363 1790 terra,
1388 1731 1419 1775 et

214 1827 345 1904 faciam,
374 1840 409 1886 ut
437 1828 562 1887 comedat
592 1824 790 1888 haereditatem
819 1828 920 1899 Jacobs
950 1833 995 1888 tui
1021 1834 1139 1908 patris,
1168 1845 1203 1889 ut
1233 1850 1263 1889 os
1294 1828 1418 1898 Jeltovae

220 1941 342 2000 brutum
370 1940 417 2017 est.
457 1940 601 2001 Videmus
629 1940 747 2017 itaque,
774 1940 949 2017 Prophetam
982 1959 1035 2017 pro
1057 1942 1192 2003 libertate
1214 1958 1244 2004 et
1267 1942 1417 2003 charitate

222 2066 349 2111 mentem
376 2050 472 2111 sanam
499 2050 529 2110 in
555 2068 680 2126 corpore
702 2051 788 2127 sano,
810 2050 926 2130 Deique
947 2052 1069 2131 gloriam
1091 2054 1178 2115 etiarn
1200 2054 1265 2130 post
1287 2071 1418 2116 mortem

224 2162 414 2239 promitteret
446 2180 500 2239 pro
533 2162 713 2224 ceremoniis
745 2177 842 2226 autern
874 2164 946 2226 nibil
978 2165 1029 2226 nist
1062 2166 1174 2243 imperii
1206 2166 1417 2242 securitatem,

223 2274 463 2352 prosperitatem,
494 2290 525 2335 et
556 2274 689 2351 corporis
720 2275 899 2338 felicitatem.
940 2279 974 2338 In
995 2278 1113 2340 Psalmis
1138 2290 1185 2354 15.
1206 2294 1237 2341 et
1258 2298 1306 2359 24.
1330 2282 1418 2341 nulla

227 2386 260 2447 lit
293 2386 528 2447 ceremoniarum
566 2388 694 2464 mentio,
732 2388 781 2450 sed
813 2403 927 2452 tanturn
966 2391 1209 2453 documentorum
1241 2393 1417 2468 moralium,

223 2499 357 2561 nimirum
384 2499 454 2576 quia
481 2499 511 2560 in
540 2499 576 2560 iis
604 2503 641 2562 de
669 2501 728 2561 sola
756 2501 938 2564 beatitudine
968 2503 1079 2582 agitur,
1100 2523 1192 2582 eaque
1215 2505 1275 2566 sola
1297 2523 1415 2583 propo-

223 2611 318 2688 nitur,
346 2611 479 2688 quamvis
507 2627 603 2672 tamen
632 2613 816 2689 parabolice;
845 2631 909 2674 tram
933 2630 1042 2676 certum
1064 2617 1120 2692 est,
1142 2617 1183 2678 ibi
1204 2635 1257 2693 per
1277 2633 1412 2678 montem

223 2724 280 2785 Dei
310 2725 429 2802 ejusque
459 2723 605 2800 tentoria,
637 2741 668 2785 et
699 2725 803 2786 horum
842 2726 1102 2804 inhabitationem,
1133 2729 1346 2792 beatitudinem
1380 2747 1412 2790 et

224 2807 311 2895 ahimi
339 2835 599 2912 tranquillitatem,
628 2855 688 2897 non
719 2857 791 2899 vcro
813 2854 941 2900 montem
963 2840 1176 2920 Hierosolyma:
1198 2859 1294 2919 neque
1316 2841 1410 2902 Mofis

222 2948 443 3008 tabernaculum
467 2947 606 3027 intelligi;
634 2949 698 3009 haec
720 2949 796 3011 enim
817 2953 882 3012 loca
905 2971 921 3012 a
943 2952 1056 3014 nemine
1078 2953 1333 3026 inhabitabantur,
1354 2971 1408 3014 nec

223 3058 275 3120 nisi
304 3060 340 3118 ab
367 3057 420 3134 iis,
450 3058 501 3135 qui
528 3078 567 3120 ex
594 3059 656 3120 sola
683 3061 762 3123 tribu
782 3062 858 3124 Levi
879 3079 976 3140 erant,
997 3063 1276 3128 administrabantur.
1317 3067 1407 3127 Porro

224 3187 326 3231 omnes
356 3171 442 3232 etiam
474 3171 529 3233 illae
567 3173 734 3235 Salomonis
765 3173 934 3252 sententiae,
966 3195 1038 3252 quas
1069 3176 1099 3237 in
1132 3177 1280 3253 superiore
1302 3178 1405 3255 Capite
1451 3173 1452 3182 ’

224 3282 327 3358 attuli,
348 3301 402 3359 pro
424 3282 487 3345 solo
510 3286 593 3346 cultu
612 3285 778 3347 intellesius
799 3302 830 3347 et
851 3287 998 3362 sapientiae
1022 3308 1119 3352 veram
1141 3290 1319 3366 promittunt
1340 3293 1406 3350 bea-

224 3393 397 3467 titudinem,
419 3413 523 3471 nempe
544 3399 626 3473 quod
648 3416 740 3457 exea
763 3401 881 3460 tandem
902 3399 990 3460 timor
1010 3401 1067 3462 Dei
1089 3400 1287 3480 intelligetur,
1304 3419 1334 3463 et
1351 3401 1405 3463 Dei

223 3505 344 3566 scicntia
374 3504 549 3569 invenietur.
590 3509 681 3589 Quod
712 3524 810 3571 autem
843 3511 959 3572 Hebraei
997 3513 1063 3588 poll
1100 3513 1274 3576 destructum
1307 3531 1405 3576 eorum
1451 3563 1452 3574 ,

223 3618 374 3695 imperium
401 3637 461 3680 non
489 3636 627 3682 tenentur
647 3624 835 3686 ceremonias
856 3643 1007 3702 exercere,
1029 3642 1112 3702 patet
1134 3645 1171 3688 ex
1192 3626 1337 3707 Jeremia,
1356 3626 1405 3703 qui

223 3728 275 3790 ubi
296 3729 375 3791 urbis
396 3729 587 3794 vastationem
607 3751 701 3810 prope
723 3735 826 3797 instare
848 3735 940 3812 vidit,
961 3753 992 3798 et
1012 3738 1166 3816 praedicit,
1187 3739 1228 3800 ait
1253 3740 1345 3801 Deum
1364 3759 1406 3799 eos

261 3963 270 3989 ¹
307 3958 481 4021 hebraismus,
505 3975 559 4024 quo
581 3973 681 4026 tempus
704 3962 795 4014 mortis
812 3959 980 4031 significatum
998 3967 1145 4033 aggregari
1164 3967 1202 4016 ad
1215 3967 1321 4034 populos
1334 3969 1405 4033 suot,

224 4041 290 4092 mori
308 4041 445 4109 significat,
462 4043 524 4094 vide
543 4042 634 4096 Getes.
652 4059 708 4110 cap.
723 4059 767 4114 49.
784 4045 822 4098 vs.
840 4062 887 4116 29,
903 4063 944 4110 33.

260 4127 270 4156 ¹
307 4123 436 4192 sipiificat
461 4125 563 4177 honeste
589 4125 722 4191 delecisti,
748 4129 819 4180 llcutl
844 4130 918 4181 etism
945 4129 1046 4198 Belgica
1072 4133 1184 4194 dicitur,
1209 4144 1259 4183 met
1287 4135 1353 4184 Godt
1377 4151 1404 4184 en
1451 4115 1452 4140 ³

222 4217 273 4257 met
291 4222 373 4258 cere.-

259 4296 270 4322 ⁸
307 4287 436 4360 Significat
452 4290 603 4357 imperium,
619 4305 738 4357 tanquam
756 4310 848 4360 equum
867 4294 945 4346 srmno
962 4307 1058 4347 tenere.
