2934 4900
223 351 279 398 rra
643 330 826 393 Ethicea
854 329 925 392 Part
943 330 982 391 11.

219 527 278 587 prae
309 508 378 570 falsa
409 507 663 588 (quandoquidem
698 525 751 584 per
785 507 875 570 solam
910 505 1178 570 denominationem
1214 505 1414 568 extrinsecam

220 621 464 702 distinguuntur),
491 637 521 682 et
549 621 762 698 consequenter
790 637 887 698 neque
915 621 1003 682 etiam
1022 621 1131 698 homo,
1153 619 1204 698 qui
1223 639 1326 696 veras,
1348 639 1413 697 prae

220 735 289 810 illo,
317 735 368 812 qui
396 733 479 796 falsas
506 748 621 797 tantum
648 734 728 796 ideas
748 734 847 796 habet.
886 733 1023 810 Deinde,
1043 737 1121 797 unde
1141 735 1195 812 fit,
1215 751 1250 797 ut
1269 735 1414 798 homines

221 846 306 909 falsas
333 845 459 908 habeant
486 845 590 908 ideas?
630 846 671 907 Et
698 845 844 923 denique,
871 847 949 909 unde
969 846 1076 923 aliquis
1096 861 1178 908 certo
1199 846 1269 909 scire
1290 846 1414 923 potest,

221 960 250 1022 se
271 959 351 1024 ideas
371 958 493 1035 habere,
515 977 580 1035 quae
602 977 667 1019 cum
688 957 747 1019 suis
768 957 874 1019 ideatis
895 957 1099 1020 conveniant?
1119 959 1164 1019 At
1182 959 1251 1034 hat,
1270 958 1413 1036 inquam,

221 1071 395 1149 quaestiones
426 1089 470 1132 me
497 1071 557 1148 jam
587 1069 765 1148 respondiiie
796 1084 882 1146 puto.
923 1071 1001 1130 Nam
1031 1071 1114 1147 quod
1145 1071 1182 1131 ad
1213 1069 1415 1132 differentiam

220 1185 296 1247 inter
327 1185 421 1246 ideam
450 1201 546 1248 veram
578 1199 610 1244 et
641 1181 737 1244 falsam
769 1181 894 1257 attinet,
925 1181 1039 1243 constat
1069 1199 1107 1242 ex
1131 1179 1337 1257 Propofitione
1360 1192 1414 1257 35.

220 1297 325 1374 hujus,
353 1296 428 1358 illam
457 1297 493 1357 ad
521 1295 596 1356 hanc
624 1294 682 1356 sese
711 1295 837 1370 habere,
867 1308 901 1356 ut
928 1313 981 1356 ena
1009 1297 1046 1356 ad
1074 1312 1135 1356 non
1164 1313 1225 1356 ent.
1265 1293 1416 1354 Falfitatis

221 1426 318 1472 autera
349 1407 449 1471 causas
469 1427 487 1468 a
507 1405 711 1484 Proposrtione
746 1423 791 1485 19.
824 1405 916 1484 usque
949 1409 985 1468 ad
1017 1418 1065 1483 35.
1096 1425 1163 1468 cum
1190 1406 1255 1484 ejus
1285 1405 1414 1468 Scholio

220 1523 364 1584 clariffime
392 1521 513 1584 ostendi.
553 1520 601 1581 Ex
632 1520 740 1598 quibus
761 1519 848 1582 etiarn
869 1535 1009 1597 apparet,
1031 1519 1104 1596 quid
1123 1520 1231 1596 homo,
1252 1518 1303 1596 qui
1322 1536 1415 1582 veras

221 1635 311 1696 habet
331 1634 428 1710 ideas,
447 1633 574 1711 homini,
592 1631 643 1710 qui
661 1651 722 1694 non
740 1631 792 1694 nist
812 1632 896 1694 falsas
913 1633 1021 1707 habet,
1038 1631 1158 1692 interfit.
1179 1632 1270 1710 Quod
1281 1631 1414 1706 denique

222 1744 354 1808 ultimum
376 1745 497 1822 attinet,
518 1763 637 1822 nempe,
658 1747 803 1808 undenam
823 1745 913 1806 homo
935 1744 1007 1804 scire
1029 1743 1126 1819 potest
1136 1742 1166 1803 se
1175 1741 1281 1802 habere
1299 1740 1414 1814 ideam,

221 1875 287 1935 quae
309 1876 374 1919 cum
395 1858 448 1920 suo
469 1833 578 1920 ideato'
599 1858 776 1935 conveniat;
796 1857 827 1920 id
848 1861 937 1920 modo
959 1857 1028 1918 satia
1048 1857 1194 1933 superque
1214 1855 1352 1931 ostendi,
1372 1874 1412 1914 ex

221 1971 279 2032 hoc
307 1971 371 2032 solo
400 1970 487 2048 oriri,
515 1973 597 2048 quod
624 1970 717 2034 ideam
746 1972 849 2048 habet,
878 1990 944 2048 quae
967 1989 1032 2032 cum
1054 1970 1107 2032 suo
1129 1970 1229 2032 ideato
1250 1969 1413 2046 convenit,

141 2069 145 2078 ’
221 2079 281 2143 srve
312 2082 395 2157 quod
425 2079 534 2143 veritas
564 2079 609 2141 sui
639 2079 674 2142 fit
705 2098 814 2142 norma.
855 2080 911 2141 His
941 2083 1034 2157 adde,
1065 2083 1148 2157 quod
1178 2082 1266 2141 Mens
1296 2079 1413 2154 nostra,

223 2207 368 2268 quatenus
399 2210 444 2254 rea
475 2210 544 2254 vere
575 2191 718 2269 percipit,
750 2211 817 2270 pars
847 2193 888 2253 est
918 2193 1025 2254 infiniti
1057 2193 1114 2254 Dei
1144 2193 1309 2255 intellectus
1338 2193 1413 2272 (per

226 2305 438 2384 ceratapon
463 2320 508 2366 11.
530 2303 648 2384 basias);
676 2307 811 2381 adeoque
838 2319 898 2367 tarn
926 2303 1037 2367 necesse
1059 2305 1116 2382 est,
1137 2320 1172 2367 ut
1192 2305 1304 2367 Mentis
1323 2306 1412 2366 clarae

223 2431 253 2479 et
274 2415 415 2481 distinete
437 2416 510 2481 ideae
533 2435 608 2480 verae
630 2415 702 2494 srnt,
723 2437 756 2479 ac
777 2416 835 2480 Dei
856 2417 940 2481 ideae.

580 2597 910 2659 PROPOSITIO
951 2596 1059 2658 XLIV.

252 2728 309 2789 Dc
328 2740 438 2787 natura
458 2728 595 2789 Rationis
614 2744 669 2786 non
688 2726 745 2804 est,
766 2744 815 2787 res
834 2738 868 2785 ut
887 2729 1095 2803 contingentes,
1110 2725 1170 2802 fed
1185 2736 1219 2784 ut
1238 2722 1411 2803 necessarias

225 2839 418 2917 contemplari.
669 2827 673 2837 ’

622 2935 1021 2979 nmuonstnntro

231 3009 238 3019 ³
263 3034 309 3094 De
331 3046 433 3092 natura
454 3029 593 3093 Rationis
614 3031 670 3107 est,
691 3049 737 3092 res
758 3048 826 3092 vere
847 3029 997 3107 percipere
1020 3030 1091 3111 (per
1110 3031 1200 3111 Prop.
1220 3046 1269 3111 41.
1290 3029 1412 3109 hujus),

226 3160 330 3218 nempe
351 3142 422 3222 (per
442 3142 503 3202 Ax.
523 3144 553 3203 6.
571 3156 603 3221 p.
618 3142 657 3221 1.)
680 3157 713 3204 ut
736 3142 766 3202 in
787 3141 816 3203 se
838 3141 923 3217 sunt,
944 3142 1002 3203 hoc
1023 3142 1064 3202 est
1085 3142 1156 3222 (per
1166 3143 1254 3222 Prop.
1266 3160 1314 3220 29.
1324 3155 1355 3221 p.
1370 3143 1412 3221 1.)

226 3274 285 3318 non
307 3270 341 3316 ut
361 3255 586 3335 contingentes,
607 3255 656 3317 scd
678 3270 712 3317 ut
733 3253 913 3316 necessarias.
955 3256 989 3332 Q.
1011 3255 1048 3316 E.
1069 3256 1108 3316 D.

613 3417 966 3462 cononunntuu
999 3400 1022 3461 Ι.

266 3510 342 3572 Hinc
364 3510 602 3589 sequitur,asola
623 3511 835 3590 imaginatione
855 3514 997 3589 pendere,
1019 3512 1101 3589 quod
1122 3529 1182 3589 res,
1202 3524 1261 3571 tam
1278 3508 1410 3587 respectu

227 3622 366 3699 praeteriti
388 3642 474 3700 quam
497 3624 604 3700 futuri,
625 3638 658 3685 ut
680 3624 889 3703 contingentes
910 3625 1151 3700 contemplemur.

688 3784 944 3830 scnotrurr.

245 3842 332 3961 'Qua
354 3892 451 3940 autern
473 3877 587 3940 ratione
608 3878 666 3940 hoc
687 3880 756 3956 stat,
778 3880 882 3956 paucis
911 3879 1077 3957 explicabo.
1118 3878 1305 3939 Ostendimus
1325 3877 1408 3953 supra

227 3988 330 4069 (Prop.
345 4004 390 4065 17.
402 3989 489 4070 hujus
506 4010 566 4051 cum
583 3993 645 4071 ejus
664 3990 800 4073 Caroli),
817 3992 967 4067 Mentem,
985 3990 1118 4067 quamvis
1134 4006 1181 4049 res
1199 4006 1259 4049 non
1270 3988 1409 4061 existant,

226 4119 274 4163 eas
295 4117 392 4164 tamen
414 4102 525 4181 semper
545 4120 579 4165 ut
600 4102 651 4164 fibi
673 4104 832 4181 praesentes
855 4091 1021 4184 imaginari,
1049 4101 1102 4163 nist
1123 4100 1216 4163 causae
1237 4114 1408 4174 occurrant,

226 4233 291 4291 quae
323 4234 421 4279 earum
452 4215 621 4294 praesentem
652 4216 836 4278 existentiam
867 4216 1028 4277 secludant.
1074 4215 1190 4276 Deinde
1221 4212 1330 4294 (Prop.
1364 4214 1407 4273 18.

226 4327 328 4409 hujus)
358 4330 553 4405 ostendimus,
581 4332 680 4406 quod,
701 4328 722 4389 fi
743 4328 861 4405 Corpus
883 4328 1039 4389 humanum
1060 4326 1146 4388 semel
1166 4345 1183 4387 a
1204 4328 1324 4387 duobus
1344 4342 1407 4386 cor·
