2934 4900
464 359 519 421 De
559 359 829 424 Affectibur.
1187 373 1244 438 ης

49 529 128 605 suas
156 531 260 610 causas
286 534 449 614 explicare,
472 535 611 616 smulque
638 541 718 600 uiam
746 538 887 618 oslenelere
902 537 1055 618 suluise,
1078 557 1137 616 qua
1157 535 1246 600 Mene

47 647 80 702 in
109 643 241 720 Affeflus
267 625 428 725 absolutum
455 648 562 711 labere
584 652 667 732 post
690 656 861 732 imperium·
874 654 947 730 sed,
966 671 1029 712 mea
1048 654 1162 730 quidem
1175 651 1244 730 sen·

50 763 164 836 tentia,
190 759 270 822 nihil
289 775 403 842 prater
429 769 529 841 magni
549 765 602 842 sui
627 769 740 842 ingenii
765 784 882 826 acumen
906 766 1040 844 ostendit,
1067 777 1100 825 ut
1114 765 1170 842 suo
1189 764 1245 823 loco

51 873 258 952 dentonstrabo.
298 878 379 937 Nam
405 879 448 937 ad
471 878 535 938 illos
562 892 710 939 reuertere
737 879 816 956 uolo,
838 883 889 956 qui
908 876 1050 939 lominum
1069 875 1198 954 Asellus
1217 890 1246 936 ee

51 985 178 1046 abilenes
197 987 335 1067 deteslari
353 990 403 1049 uel
420 991 519 1051 ridere
539 993 650 1051 malunt
659 1037 669 1068 ,
690 1009 777 1070 quam
796 994 967 1068 Intelligere.
1007 993 1065 1052 His
1080 993 1141 1071 sne
1160 991 1245 1052 dublo

51 1101 160 1158 mirum
189 1101 349 1177 uidebitur,
380 1104 457 1180 quoa
484 1101 627 1164 hominum
657 1107 736 1164 uitia
763 1118 791 1164 et
817 1108 942 1184 ineptias
967 1122 1044 1164 ntore
1071 1103 1245 1165 Geometrico

52 1211 189 1271 tranare
208 1215 381 1290 aggrediar,
391 1227 418 1275 et
429 1229 508 1275 certa
530 1221 642 1277 ratione
662 1218 853 1296 demonstrare
872 1218 957 1277 velim
977 1235 1027 1293 ea,
1048 1233 1112 1294 qua
1122 1215 1246 1276 Rationi

51 1335 238 1398 repugnare,
264 1338 380 1400 quaque
406 1341 503 1400 uana,
530 1323 677 1403 absetrda,
701 1340 730 1386 et
750 1324 897 1388 horrenda
916 1327 967 1405 ese
987 1327 1147 1387 clamitant.
1189 1324 1247 1385 Sed

51 1451 115 1493 mea
146 1433 209 1496 lac
238 1436 276 1516 es
306 1441 392 1498 ratio.
434 1435 526 1499 Niloil
552 1442 585 1498 in
616 1441 741 1500 Natura
767 1439 821 1519 sit,
853 1439 929 1516 quod
952 1437 1038 1518 ipsus
1066 1442 1140 1499 uitio
1163 1437 1244 1518 post

52 1549 171 1622 tribui,·
196 1549 236 1628 est
261 1569 382 1628 namque
409 1551 533 1612 Natura
553 1549 670 1630 semper
696 1553 811 1627 eadem,
839 1565 867 1612 et
893 1553 997 1630 ubique
1016 1569 1075 1612 una
1094 1551 1245 1626 eademque

51 1663 114 1736 ejus
135 1665 238 1722 uirtus
257 1677 285 1722 et
305 1665 411 1740 agendi
426 1669 576 1744 potentias
597 1663 648 1726 lioc
668 1666 723 1743 es,
743 1667 873 1726 Natura
893 1666 967 1741 leges
994 1677 1022 1723 et
1049 1663 1172 1740 regula,
1194 1662 1243 1739 se·

50 1774 176 1834 mendum
203 1795 277 1852 quas
302 1781 396 1836 omnia
417 1776 509 1856 siunt,
531 1791 559 1836 et
580 1797 617 1836 ex
636 1781 702 1838 unis
716 1775 826 1853 formis
845 1781 878 1837 in
897 1777 974 1836 alias
995 1773 1243 1852 mutantur,'sunt

49 1885 159 1963 ubique
185 1899 215 1946 et
235 1886 351 1966 semper
376 1889 493 1962 eadem,
521 1899 608 1964 atque
634 1888 703 1948 adeo
731 1891 791 1947 una
818 1889 966 1965 eademque
985 1891 1072 1946 etiam
1093 1885 1173 1946 debet
1191 1884 1244 1962 ese

50 2002 130 2058 ratio
154 2017 252 2058 rerum
273 2000 508 2077 qualiumcunque
527 2013 665 2060 naturam
690 2001 886 2076 intelligendi,
917 2013 1012 2079 nempe
1032 2011 1089 2079 per
1113 1999 1188 2074 leges
1214 2009 1243 2056 et

51 2113 172 2186 regulas
200 2113 329 2173 Nature
355 2113 545 2189 universales.
587 2109 716 2190 Asellus
744 2117 844 2191 itaque
864 2113 938 2189 odii,
958 2117 1031 2189 ira,
1049 2112 1173 2172 int’t'eliae
1190 2123 1241 2170 etc.

50 2229 80 2282 ln
95 2227 133 2300 se
155 2224 326 2304 consolerati
345 2245 382 2286 en
402 2227 497 2286 eadem
517 2226 647 2286 Natura
666 2225 822 2306 necesitate
839 2238 868 2284 et
886 2229 1000 2285 virtute
1019 2223 1241 2302 consequuntur,

51 2357 84 2397 ae
110 2339 230 2417 reliqua
250 2339 435 2416 singularia,
462 2359 497 2400 aa
518 2340 642 2418 prolude
661 2351 757 2398 certae
775 2339 880 2414 causas
899 2338 1073 2417 agnoscent,
1089 2349 1146 2416 per
1166 2353 1240 2413 quas

50 2452 268 2528 intelliguntur,
297 2454 449 2530 certasque
479 2456 674 2533 proprietates
705 2450 830 2526 liabent,
860 2454 1016 2527 cognitione
1041 2450 1138 2527 noslra
1166 2464 1242 2525 aque

51 2566 158 2641 dignas
186 2583 221 2625 ae
243 2568 441 2645 proprietates
468 2566 657 2642 cujuscunque
683 2565 808 2624 alterius
836 2566 896 2637 rei,
922 2563 1004 2639 cujus
1026 2563 1093 2638 sola
1123 2573 1239 2621 conten·

47 2678 177 2753 piatione
198 2676 378 2738 aeleaanur.
398 2678 444 2739 De
465 2675 624 2757 Affetiuum
644 2682 744 2757 itaque
764 2692 876 2739 natura
895 2692 923 2739 et
940 2677 1057 2738 uiribus
1062 2695 1119 2753 ,ac
1128 2676 1242 2738 Mentis

48 2792 78 2845 ln
106 2788 219 2864 eosdem
241 2792 388 2867 potentia,
416 2790 512 2849 eadem
541 2784 677 2849 Metlodo
704 2806 808 2865 agan,
835 2807 894 2867 qua
912 2792 945 2847 in
960 2788 1188 2868 precedentibus
1208 2788 1242 2846 ele

48 2902 107 2960 Deo
137 2914 166 2961 et
196 2902 297 2961 Mente
324 2904 387 2977 egi,
414 2915 443 2961 et
469 2898 610 2961 momunas
638 2902 761 2961 uiliores
788 2914 876 2979 atque
901 2905 1047 2981 apperitus
1066 2898 1241 2981 confiderabo

44 3014 186 3091 perinde,
205 3014 282 3092 aes
302 3012 415 3093 quasia
435 3015 470 3075 de
489 3016 589 3089 lineis,
606 3013 723 3092 planis,
743 3026 797 3073 aut
817 3014 850 3073 ue
870 3013 1037 3093 corporibus
1055 3012 1129 3091 eset.

443 3204 851 3267 DEFINITIONES.

91 3350 115 3409 1.
158 3348 282 3411 Causam
309 3352 490 3427 adaquatum
518 3350 635 3425 appello
665 3366 745 3425 eam,
773 3348 858 3426 cujus
886 3348 1007 3411 effeiius
1038 3349 1134 3425 potest
1165 3350 1240 3411 clare

51 3479 80 3523 et
103 3462 239 3524 dilliniie
261 3480 312 3538 per
333 3465 454 3523 eandem
475 3462 596 3539 percipi.
627 3462 845 3539 Inadaequatam
866 3475 980 3536 autem,
1002 3458 1051 3521 seu
1071 3458 1241 3538 partialem,

51 3574 128 3634 illam
151 3592 250 3649 voco,
272 3573 357 3651 eujus
378 3574 500 3636 effeiiue
522 3574 683 3652 peripsam
705 3574 795 3636 solam
815 3572 939 3653 intelligi
960 3572 1073 3649 nequit.

90 3688 129 3747 ll.
171 3688 239 3748 Nos
267 3703 328 3750 tum
358 3704 442 3766 agere
470 3686 556 3762 dien,
584 3706 649 3748 cum
678 3685 789 3764 aliquid
816 3686 847 3747 in
876 3684 963 3747 nobis
991 3699 1042 3746 aut
1070 3699 1153 3747 entre
1183 3702 1239 3747 noe

51 3798 101 3874 fit,
130 3796 218 3875 cujus
247 3801 400 3875 adaquata
428 3797 526 3860 sumus
548 3798 650 3875 caula,
669 3796 727 3859 hoc
750 3797 791 3858 est
812 3797 883 3878 (per
902 3796 997 3876 Desa.
1014 3796 1152 3876 praeeo.)
1174 3812 1239 3857 cum

52 3926 87 3969 ex
116 3908 215 3971 nostra
242 3924 345 3972 natura
372 3909 483 3987 aliquid
504 3910 533 3971 in
555 3908 643 3971 nobis
665 3926 715 3971 aut
738 3924 820 3971 extra
841 3926 897 3970 nor
918 3906 1065 3985 sequitur,
1086 3908 1168 3983 quod
1188 3924 1241 3984 per

52 4024 174 4084 eandem
202 4020 290 4083 solam
316 4022 414 4099 potest
435 4022 510 4083 clare
533 4036 563 4083 et
584 4020 715 4083 distinete
736 4019 870 4101 intelligi.
911 4021 954 4081 At
975 4035 1078 4080 contra
1099 4036 1155 4080 nos
1176 4014 1239 4097 pati

53 4135 138 4211 dico,
159 4152 226 4195 cnm
246 4134 276 4196 in
299 4134 386 4196 nobis
407 4134 517 4213 aliquid
538 4135 590 4212 lit,
612 4136 658 4197 vel
677 4153 714 4196 ex
732 4133 830 4197 nostra
848 4149 951 4196 natura
969 4130 1079 4210 aliquid
1097 4129 1239 4209 sequitur,

54 4246 139 4324 cujus
161 4264 217 4309 nos
239 4266 300 4309 non
322 4246 374 4309 nili
396 4246 525 4325 partialis
546 4246 643 4309 sumus
665 4246 761 4310 causa.

94 4360 148 4421 111.
190 4360 245 4421 Per
273 4358 421 4423 Alfenum
451 4360 584 4440 intelligo
616 4360 758 4437 Corporis
790 4358 979 4435 affeiiiones,
1011 4355 1119 4433 quibus
1150 4354 1239 4432 ipsius
