2934 4900
225 324 281 388 140
638 309 818 371 Ethices
845 310 913 372 Pars
933 310 985 371 111.

222 483 318 546 affetii
346 485 453 546 nunus
481 501 533 546 aut
559 485 723 548 afficiemur.
764 486 820 547 Ex.
842 504 882 565 gr.
905 500 1050 563 quatenus
1077 484 1167 561 ipsam
1196 483 1325 546 vidimus
1357 498 1411 543 aut

222 595 403 672 videbimus,
423 615 478 659 nos
499 598 602 659 refecit
623 612 675 659 aut
695 597 823 673 reficiet,
844 617 899 659 nos
919 599 990 659 laeitt
1011 613 1064 659 aut
1083 598 1187 672 laedet,
1209 612 1265 656 etc.
1292 596 1410 676 Quate-

223 725 277 768 nus
295 707 369 768 enim
387 711 507 770 eandem
524 709 562 770 iic
580 709 777 790 imaginamur,
795 727 917 772 eatenus
934 709 998 788 ejus
1016 707 1197 770 existentiam
1214 706 1411 779 affirmamus3

221 819 279 880 hoc
300 819 357 895 est,
377 819 493 896 Corpus
521 823 602 882 nullo
628 820 734 884 affeitu
755 819 897 897 afficitur,
919 820 969 898 qui
991 819 1032 881 rei
1053 819 1235 881 existentiam
1255 818 1412 891 secludat,

223 945 311 1007 atque
333 934 407 992 adeo
429 931 500 1010 (per
519 933 608 1013 Prap.
632 947 679 1010 17.
696 947 727 1014 p.
740 934 783 1012 2.)
806 933 923 1010 Corpus
944 931 1073 1010 ejusdem
1093 931 1134 992 tei
1155 930 1278 1010 imagine
1300 931 1411 990 eodem

223 1043 312 1103 modo
341 1043 480 1120 afficitur,
507 1063 542 1106 ac
570 1044 590 1104 st
619 1063 664 1106 res
692 1045 753 1122 ipsa
781 1045 906 1123 praesens
928 1043 1044 1108 adesset.
1085 1043 1195 1105 Ventm
1215 1041 1291 1103 enim
1312 1058 1412 1111 veto,

223 1153 292 1230 quia
313 1155 481 1232 plerumque
502 1157 549 1232 fit,
567 1171 602 1217 ut
619 1157 654 1233 ii,
675 1157 726 1234 qui
748 1159 830 1234 plura
851 1156 919 1219 sunt
940 1155 1071 1233 experti,
1091 1156 1247 1230 fluduent,
1264 1153 1411 1232 quamdiu

222 1283 281 1326 rem
309 1281 342 1326 ut
369 1267 495 1328 sunnam
517 1269 565 1329 vel
585 1269 760 1343 praeteritam
788 1270 1040 1345 contemplantur,
1060 1270 1156 1344 deque
1177 1267 1218 1328 rei
1239 1281 1353 1330 eventu
1375 1282 1412 1326 ut

222 1374 374 1452 plurimum
395 1377 531 1439 dubitent
552 1377 627 1457 (uid.
647 1378 738 1440 Seirai.
758 1381 847 1459 Prop.
859 1400 907 1460 44
924 1393 956 1459 p.
971 1380 1033 1459 2.);
1053 1378 1123 1439 binc
1143 1379 1191 1455 fit,
1212 1393 1246 1440 ut
1267 1376 1409 1452 affeetus,

223 1487 274 1566 qui
295 1507 332 1548 ex
353 1489 490 1552 fimilibus
507 1509 600 1553 terum
617 1491 792 1572 imaginibus
809 1491 959 1568 oriuntur,
978 1509 1038 1552 non
1055 1490 1111 1552 fint
1129 1493 1203 1553 adeo
1221 1489 1409 1564 constantes,

223 1598 272 1660 sed
304 1615 336 1662 ut
367 1601 536 1678 plerumque
568 1601 685 1664 aliarum
716 1621 810 1665 rerum
841 1602 1015 1683 imaginibus
1050 1604 1276 1679 perturbentur,
1307 1603 1409 1662 donec

222 1709 356 1773 homines
377 1713 412 1774 de
432 1711 473 1773 rei
495 1728 605 1776 eventu
625 1713 765 1776 certiores
785 1715 866 1776 fiant.

660 1891 903 1935 sennarum
936 1875 973 1934 11.

262 1981 309 2043 Ex
339 1986 429 2045 modo
461 1983 545 2046 dietis
576 1984 781 2065 intelligimus,
813 1987 885 2064 quid
915 1986 952 2046 stt
977 1988 1067 2063 Spes,
1094 1986 1211 2062 Metus,
1238 1984 1409 2060 Securitas,

223 2093 412 2169 Desperatio,
444 2095 608 2173 Gaudium,
638 2114 669 2160 et
699 2098 895 2160 Conscientiae
926 2098 1046 2160 morsus.
1085 2100 1155 2177 Spes
1181 2114 1305 2174 namque
1332 2095 1408 2156 nihii

223 2204 301 2267 aliud
328 2208 381 2284 est,
409 2226 496 2284 quarn
523 2211 681 2288 inconstans
708 2212 848 2286 Latitia,
875 2223 942 2270 orta
962 2231 998 2269 ex
1017 2214 1142 2286 imagine
1163 2213 1207 2268 rei
1220 2207 1337 2285 futura
1357 2209 1410 2266 uei

218 2323 396 2398 praeterita,
417 2324 451 2381 de
471 2321 551 2396 cujus
567 2337 670 2382 euentu
687 2323 860 2383 dubitamus.
881 2324 981 2384 Metus
999 2338 1103 2383 contra
1119 2320 1277 2399 inconstans
1300 2320 1405 2397 Tristi-

223 2432 283 2505 tia,
310 2451 346 2490 ex
375 2436 420 2492 rei
446 2433 538 2493 dubiae
565 2437 690 2511 imagine
716 2437 803 2495 etiam
830 2447 906 2495 orta.
947 2435 1037 2496 Porro
1065 2431 1086 2494 fi
1112 2434 1217 2495 horum
1248 2430 1405 2494 affebiuum

223 2540 372 2603 dubitatio
402 2545 538 2621 tollatur,
570 2563 607 2605 ex
638 2547 695 2623 Spe
727 2546 761 2607 fit
790 2518 952 2621 Securitar,
981 2562 1012 2606 et
1039 2564 1077 2605 ex
1103 2545 1192 2604 Metu
1210 2544 1405 2622 Desperatio,-

223 2670 326 2729 nentpe
354 2655 491 2732 Laetitia,
518 2658 568 2716 uei
592 2658 741 2736 Tristitia,
762 2670 829 2717 ama
849 2676 886 2717 ex
905 2661 1031 2733 imagine
1052 2662 1113 2732 rei,
1134 2674 1219 2734 quam
1238 2658 1404 2730 meruimus,

222 2764 272 2823 uel
289 2762 484 2844 speravimus.
527 2760 672 2830 Gaudium
698 2768 803 2831 deinde
831 2769 870 2848 est
897 2770 1034 2845 Laetitia,
1061 2783 1128 2829 orta
1155 2786 1191 2827 ex
1215 2770 1340 2842 imagine
1360 2768 1405 2824 rei

219 2882 397 2954 preterita,
417 2878 549 2955 decusas
570 2894 672 2941 eventu
693 2880 891 2942 dubitavimus
901 2882 925 2942 *.
949 2882 1132 2959 Confidentiae
1149 2878 1276 2956 denique
1293 2878 1404 2954 narsus

224 2985 262 3064 est
288 2988 437 3067 Tristitia,
457 2992 581 3071 appaſsta
602 2992 724 3054 Gaudio.

590 3165 918 3229 PROPOSITIO
958 3168 1037 3228 XIX.

266 3290 322 3365 Qui
347 3292 395 3366 id,
424 3294 498 3368 quod
523 3306 620 3369 amat,
646 3295 754 3373 destrui
778 3298 980 3372 imaginatur,
1010 3294 1289 3375 matrastabitur5ss
1307 3306 1402 3353 autem

223 3400 406 3477 conseruari,
427 3402 585 3465 letabitur.

622 3550 1016 3597 nruonsrnnrrm

263 3640 365 3716 Mens,
386 3657 526 3718 quantum
547 3643 658 3720 potest,
680 3662 713 3703 ea
735 3644 883 3724 imaginari
900 3662 1037 3722 conatur,
1055 3664 1121 3723 quae
1139 3646 1281 3722 Corporis
1298 3646 1399 3725 agendi

223 3750 385 3826 potentiam
413 3769 522 3831 augent
547 3756 595 3818 vel
619 3754 727 3832 juvant
755 3755 827 3836 (per
856 3759 946 3838 Prop.
976 3774 1023 3821 12.
1049 3757 1168 3838 husius),
1192 3759 1251 3820 hoc
1270 3758 1311 3818 est
1331 3759 1399 3837 (per

223 3862 314 3923 Sahal.
335 3865 424 3944 Prop.
447 3880 493 3943 13.
514 3864 600 3942 lausus
615 3868 660 3949 **)
682 3887 732 3945 ea,
754 3888 819 3947 quae
841 3886 926 3932 amat.
946 3873 989 3932 At
1011 3871 1181 3951 imaginatio
1203 3874 1239 3933 ab
1261 3870 1297 3932 iis
1313 3872 1397 3948 juva-

224 3990 288 4051 tur,
315 3993 380 4051 quae
409 3976 449 4037 rei
477 3976 657 4039 existentiam
685 3996 819 4057 ponunt,
847 3996 878 4041 et
905 3996 1009 4042 contra
1030 3987 1183 4044 coercetur
1201 3979 1255 4057 iis,
1274 3999 1338 4057 quae
1358 3979 1398 4040 rei

257 4228 270 4257 ⁸
305 4225 461 4293 Corrigenda
477 4226 525 4277 ad.
543 4228 582 4278 Pr.
598 4254 632 4264 —
648 4229 678 4278 In
696 4227 786 4278 ordine
803 4230 955 4279 verborum:
972 4228 1136 4303 dubitamus,

258 4308 285 4339 ⁸·
320 4306 446 4370 Schmidt,
463 4308 572 4373 Bruder,
589 4308 641 4361 alii.
660 4336 689 4349 -·
707 4309 756 4361 Ed.
772 4312 827 4361 Pa:
842 4321 891 4376 per
908 4311 991 4362 Seirai.
1008 4308 1118 4375 ejusdem
1135 4308 1214 4375 Prop.
