2934 4900
382 371 438 431 De
477 368 708 433 Servitute
747 368 943 433 Humana.
1204 381 1259 446 ¹97

459 548 791 610 PROPOSITIO
832 549 869 610 X.

103 662 196 738 Erga
226 680 288 721 rem
310 660 467 738 fataram,
498 679 584 739 qaam
614 665 668 721 cita
698 658 862 738 affuturam
892 664 1104 737 imaginamur,
1125 659 1260 738 inrenfira

60 774 222 849 afficiam,
252 792 338 851 qaam
362 773 390 852 fi
419 774 481 850 ejas
509 774 649 853 existendi
679 786 788 853 tempas
816 776 928 850 langius
948 793 968 834 a
985 776 1127 853 praesinti
1153 774 1260 852 distare

60 890 312 961 imagmarernar,·
331 899 361 945 er
379 884 517 946 memoria
534 889 593 962 rii,
615 904 702 964 qaam
720 906 776 945 non
795 888 847 947 dia
861 886 1036 967 pratarirffe
1054 888 1261 961 imaginamur,

61 998 204 1077 inrenfiar
221 1002 310 1059 etiam
325 998 478 1075 afficiam,
496 996 622 1077 qaamfi
639 1000 756 1059 eandem
774 998 825 1059 dia
837 968 1011 1079 prateriiffe
1021 1001 1260 1074 imaginaremrr.

470 1158 869 1205 nnuonsrnnrrn

106 1256 266 1337 Quatenus
287 1254 364 1315 enim
384 1274 444 1317 rem
465 1255 527 1317 cito
548 1254 703 1317 affuturam
710 1299 721 1331 ,
751 1255 799 1318 vel
820 1270 881 1315 non
901 1252 954 1316 diu
974 1250 1139 1329 praeteriill'e
1160 1250 1259 1331 imagi-

63 1386 188 1445 namur,
219 1384 256 1429 eo
287 1365 352 1444 ipso
382 1366 495 1446 aliquid
526 1366 732 1447 imaginamur,
766 1369 849 1445 quod
880 1366 921 1427 rei
952 1364 1134 1443 praesentiam
1165 1363 1260 1425 minus

63 1480 213 1556 secludit,
239 1498 328 1556 quam
347 1480 369 1543 fi
390 1479 518 1558 ejusdem
546 1481 679 1542 futurum
707 1478 850 1541 existendi
875 1492 993 1555 tempus
1011 1476 1129 1557 longius
1149 1496 1166 1539 a
1187 1495 1260 1553 prae-

66 1591 147 1654 senti
175 1591 297 1669 distare,
324 1594 373 1656 vel
400 1595 482 1670 quod
511 1594 621 1654 dudum
641 1590 831 1669 praterierit,
852 1590 1072 1670 imaginaremur
1092 1589 1139 1668 (at
1154 1602 1212 1668 per
1224 1590 1261 1666 se

64 1705 200 1785 mrum);
221 1706 355 1784 adeoque
385 1707 460 1786 (per
474 1708 599 1788 pratea.
621 1704 726 1784 Prap.)
748 1718 870 1769 eatenus
891 1702 1031 1765 intensius
1053 1720 1119 1784 erga
1140 1703 1260 1764 eandem

65 1816 239 1880 afficiemur.
282 1819 316 1897 Q.
335 1818 375 1881 a.
394 1819 436 1880 n.

538 1932 791 1977 scrinulum.

103 2028 158 2087 Ex
178 2026 232 2105 iia,
254 2046 320 2106 quae
341 2030 379 2089 ad
398 2026 611 2090 Definitionem
630 2030 661 2089 6.
680 2026 770 2105 hujus
791 2026 885 2088 Partis
907 2025 1078 2091 notavimus
1084 2073 1094 2105 ,
1111 2026 1243 2105 sequitur
1250 2072 1260 2104 ,

65 2160 124 2202 nos
147 2158 216 2220 erga
237 2140 370 2219 objedia,
391 2139 630 2219 quaeapraesenti
652 2140 780 2221 longiori
802 2138 943 2215 temporis
964 2138 1120 2203 intervallo
1138 2138 1261 2216 distant,

65 2270 158 2329 quam
188 2254 271 2329 quod
299 2252 485 2333 imaginando
514 2252 707 2315 determinare
733 2250 901 2329 pollumus,
922 2250 1055 2328 quamvis
1077 2253 1113 2311 ab
1135 2250 1260 2315 invicem

66 2366 164 2445 longo
195 2363 337 2441 temporis
368 2364 524 2429 intervallo
556 2364 660 2427 distare
690 2363 907 2445 intelligamus,
929 2382 1012 2443 aeque
1033 2377 1131 2424 tamen
1150 2361 1260 2425 remisse

9 2556 13 2571 .
68 2478 158 2541 affici.

461 2591 791 2653 PROPOSlTlO
822 2590 874 2651 Xl.

107 2701 243 2780 Affeliar
262 2721 336 2780 erga
357 2721 433 2782 rem,
454 2722 541 2782 qaam
559 2717 593 2763 ut
613 2704 797 2781 neaeffariam
817 2705 1024 2779 imaginamur,
1045 2705 1157 2763 caeteris
1173 2703 1260 2781 pari-

69 2817 140 2892 bus,
159 2814 296 2894 intenssar
325 2815 379 2893 est,
410 2833 497 2893 qaam
527 2833 601 2892 erga
626 2815 788 2896 paffibilem
814 2815 865 2876 vai
889 2817 1109 2892 contingentem,
1124 2813 1187 2892 fiae
1206 2831 1261 2874 non

69 2927 267 3007 neceffariam.

473 3025 869 3072 nzmonsaanrtm

108 3123 269 3204 Quatenus
295 3137 355 3182 rem
383 3119 512 3197 aliquam
540 3120 722 3182 necessariam
751 3119 807 3183 elie
828 3119 1034 3201 imaginamur,
1055 3133 1177 3182 eatenus
1196 3117 1261 3194 ejus

10 3300 14 3323 ‚
69 3231 256 3296 existentiam
276 3231 467 3310 affirmamus,
488 3248 519 3294 et
540 3249 644 3295 contra
665 3232 705 3294 rei
727 3232 911 3294 existentiam
932 3251 1088 3312 negamur,
1115 3248 1262 3310 quatenus

69 3348 196 3407 eandem
216 3363 277 3406 non
294 3343 477 3408 neceliariam
497 3345 553 3406 elle
573 3345 763 3426 imaginamur
774 3345 848 3426 (per
859 3343 952 3406 Sahal.
968 3361 992 3406 1.
1003 3347 1093 3427 Prap.
1105 3362 1153 3422 33.
1160 3357 1192 3424 p.
1207 3345 1262 3424 1.);

68 3475 102 3516 ac
125 3455 253 3532 proinde
274 3455 450 3534 (perPrap.
460 3473 489 3532 9.
501 3453 602 3533 lrayias)
623 3453 745 3517 affedlus
767 3473 834 3534 erga
854 3471 912 3516 rem
934 3452 1129 3530 neceliariam,
1149 3451 1262 3515 catenis

69 3567 212 3647 paribus,
232 3565 372 3628 intensior
392 3566 450 3643 est,
476 3585 563 3643 quam
584 3585 651 3646 erga
672 3586 732 3628 non
754 3565 945 3628 necessariam.
987 3567 1021 3643 Q.
1043 3567 1079 3627 E.
1100 3566 1141 3627 D.

452 3731 782 3794 PROPOSITIO
822 3731 889 3792 Xll.

112 3843 244 3924 Affeliar
262 3863 337 3919 erga
357 3863 435 3922 ram,
463 3862 549 3923 qaam
561 3847 672 3922 stimat
691 3847 724 3904 in
740 3845 882 3924 prasenti
900 3861 955 3903 non
974 3843 1108 3922 existere,
1128 3857 1158 3903 ar
1176 3862 1263 3921 qaam

70 3973 104 4020 at
126 3958 282 4039 polibilem
308 3960 523 4034 imaginamur,
550 3961 663 4018 caretis
685 3957 829 4038 paribus,
855 3954 991 4034 intanssar
1010 3955 1064 4034 est,
1084 3973 1170 4034 qaam
1189 3973 1263 4032 erga

71 4075 286 4148 contingentem.

474 4167 867 4213 namonsrnnr1o

109 4267 271 4350 Quatenus
289 4281 348 4326 rem
370 4278 404 4324 ut
426 4262 646 4343 contingentem
665 4262 872 4342 imaginamur,
893 4263 970 4325 nulla
991 4262 1109 4326 alterius
1129 4261 1170 4324 rei
1191 4263 1261 4326 ima·

72 4378 141 4458 gine
163 4373 324 4453 afficimur,
343 4393 410 4453 qua
431 4373 473 4436 rei
493 4375 676 4437 existentiam
697 4391 791 4452 ponat
812 4375 886 4456 (per
905 4375 1000 4456 Defin.
1021 4393 1050 4454 3.
1070 4374 1190 4456 lusan:
1213 4375 1262 4438 led
