2934 4900
635 301 818 363 Ethices
848 301 916 363 Pers
936 302 960 362 1.

598 479 927 542 PROPOSITIO
959 479 1010 539 XI.

250 592 342 668 Deus,
354 590 416 668 stuc
420 590 588 669 substantia
598 591 724 669 constans
732 592 857 669 infinitis
866 591 1038 667 attributis,
1055 608 1175 667 quorum
1183 592 1411 669 unumquodque

211 713 347 761 aternum
367 712 395 759 et
414 698 558 779 infinitam
578 698 720 777 effentr'am
741 703 895 780 exprimit,
919 699 1070 777 neceffurio
1090 700 1196 778 existit.

605 860 999 905 nnuousrnnnrn

249 956 280 1017 Si
309 973 413 1035 negas,
441 955 582 1032 concipe,
608 954 628 1014 sr
654 954 715 1015 fieri
736 956 851 1033 potest,
870 958 966 1018 Deum
988 975 1049 1019 non
1071 956 1202 1018 existere.
1223 956 1303 1037 Ergo
1325 958 1409 1037 (per

209 1072 323 1129 Axium.
353 1065 394 1148 7.)
422 1067 485 1145 ejus
513 1066 631 1129 effentia
657 1086 718 1128 non
743 1067 874 1132 involvit
898 1069 1090 1130 existentiam.
1121 1069 1216 1146 Atqui
1243 1070 1302 1130 hoc
1324 1070 1408 1149 (per

209 1180 348 1259 Propofit.
369 1181 411 1259 7.)
434 1180 474 1239 est
494 1179 664 1241 absurdum:
684 1180 763 1259 Ergo
784 1183 867 1243 Deus
887 1180 1045 1243 necessario
1066 1181 1175 1243 existit.
1197 1183 1232 1258 Q.
1253 1183 1352 1243 1221).

720 1322 880 1385 Aliter.

250 1432 457 1511 Cuiuscunque
482 1434 523 1494 rei
548 1434 675 1514 assignari
702 1436 791 1495 debet
816 1435 901 1496 causa
925 1436 977 1496 seu
1001 1436 1094 1511 ratiO,
1122 1452 1181 1498 tarn
1207 1454 1259 1495 cur
1279 1432 1405 1509 existit,

210 1561 295 1619 quam
324 1560 375 1604 cur
402 1561 462 1603 non
491 1541 597 1603 existit.
625 1542 681 1604 Ex.
701 1561 744 1619 gr.
773 1542 793 1603 sr
818 1543 981 1623 triangulus
1009 1543 1123 1619 existit,
1143 1544 1219 1605 ratio
1240 1543 1290 1605 seu
1311 1543 1404 1604 causa

209 1655 270 1716 dari
291 1656 397 1731 debet,
424 1674 474 1716 cur
495 1654 609 1731 existit3
637 1654 656 1715 fi
682 1672 780 1715 nutem
805 1674 868 1717 non
892 1657 1007 1733 existit,
1034 1656 1110 1717 ratio
1133 1655 1219 1717 etiam
1239 1654 1290 1716 seu
1311 1655 1403 1716 causa

209 1768 270 1830 dari
292 1770 397 1843 debet,
418 1786 483 1844 quae
504 1766 642 1843 impedit,
658 1786 719 1843 quo
736 1768 831 1829 minus
848 1768 966 1844 existat,
984 1768 1044 1832 sive
1060 1788 1125 1844 quae
1139 1768 1203 1845 ejus
1214 1768 1402 1828 existentiam

209 1882 303 1941 tollat.
332 1882 402 1941 Haec
431 1898 502 1943 vero
532 1879 606 1939 ratio
635 1878 685 1940 seu
707 1878 791 1939 causa
813 1881 861 1942 vel
882 1879 912 1940 in
934 1896 1036 1940 natura
1057 1880 1097 1940 rei
1121 1879 1267 1941 contineri
1289 1882 1402 1955 debet,

210 1992 257 2054 vel
278 2006 359 2051 extra
381 1990 478 2065 ipsam.
501 1992 556 2051 Ex.
578 2009 619 2069 gr.
634 1991 794 2067 rationem,
816 2009 867 2052 cur
882 1992 1008 2052 circulus
1024 1994 1184 2067 quadratus
1202 2010 1261 2052 non
1275 1990 1402 2065 existet,

209 2102 271 2179 ipsa
292 2102 355 2180 ejus
377 2117 479 2163 nature
501 2102 626 2179 indicat;
648 2102 780 2164 nimirum
803 2103 871 2179 quia
892 2102 1153 2164 contradictionem
1174 2102 1314 2166 involvit.
1335 2102 1402 2162 Cur

203 2202 304 2275 ‘autem
333 2228 434 2274 contra
462 2212 617 2274 substantia
645 2212 765 2290 existat,
792 2232 829 2273 ex
850 2213 910 2274 sola
930 2214 1017 2275 etium
1039 2214 1102 2291 ejus
1124 2230 1226 2275 natura
1248 2212 1400 2290 sequitur,

209 2346 274 2403 quae
295 2328 311 2363 '⁴
331 2325 441 2387 scilicet
463 2325 643 2387 existentiam
665 2326 795 2389 involvit
816 2327 898 2404 (vide
917 2327 1006 2406 Prop.
1025 2329 1078 2407 7.).
1100 2328 1144 2387 At
1160 2326 1255 2402 rati0‚
1272 2344 1324 2388 cur
1341 2324 1399 2385 cir-

209 2440 291 2500 culus
313 2440 361 2502 vel
380 2437 542 2518 triangulus
562 2438 593 2474 **
614 2436 727 2516 existit,
749 2439 797 2502 vel
817 2458 869 2500 cur
889 2458 949 2499 non
971 2438 1086 2516 existit,
1111 2459 1148 2500 ex
1170 2457 1271 2501 eorum
1291 2453 1398 2499 nature

208 2569 268 2611 non
289 2551 435 2628 sequitur,
457 2548 506 2611 sed
527 2569 564 2610 ex
586 2549 687 2611 ordine
709 2550 849 2613 universae
871 2567 982 2612 naturae
1003 2568 1170 2627 corporeae;
1191 2569 1229 2612 ex
1258 2569 1295 2610 eo
1317 2550 1397 2610 enirn

208 2661 288 2739 sequi
317 2664 421 2740 debet,
447 2664 496 2725 vel
519 2661 577 2738 jain
603 2661 778 2740 triangulum
805 2662 961 2725 necessario
989 2663 1127 2740 existere,
1153 2664 1201 2725 vel
1222 2661 1396 2738 impoffibile

208 2774 264 2834 ess‘e
290 2790 323 2836 ut
345 2774 404 2851 jam
431 2773 544 2834 existat.
569 2775 670 2850 Atque
698 2773 761 2835 haec
786 2773 891 2850 perse
920 2775 1068 2836 manifesta
1095 2775 1172 2836 sunt.
1208 2775 1256 2834 Ex
1283 2774 1395 2850 quibus

207 2887 353 2963 sequitur,
374 2886 405 2948 id
422 2885 577 2946 neceisario
594 2886 731 2962 existere,
753 2886 838 2963 cujus
853 2887 930 2947 nulla
945 2888 1022 2947 ratio
1038 2905 1092 2947 nec
1107 2886 1192 2947 cause
1209 2888 1310 2962 datur,
1325 2905 1394 2962 quae

208 2998 329 3074 impedit
350 2999 507 3076 quominus
528 2998 641 3059 existat.
662 3000 692 3059 Si
712 2999 813 3075 itaque
834 3001 913 3059 nulla
933 2999 1009 3060 ratio
1026 3017 1080 3059 nec
1098 2997 1183 3059 causa
1207 2999 1268 3059 dari
1290 2999 1395 3073 point,

209 3130 273 3187 quae
292 3111 412 3186 impedit
434 3130 494 3187 quo
516 3110 611 3173 minus
630 3113 712 3172 Deus
734 3110 854 3188 existet,
875 3112 924 3174 vel
939 3130 1004 3186 quae
1023 3111 1086 3187 ejus
1098 3109 1279 3171 existentiam
1291 3110 1395 3184 tollat,

208 3223 328 3284 omnino
350 3227 582 3286 concludendum
604 3225 657 3301 est,
682 3227 806 3286 eundem
826 3222 984 3284 necessario
1002 3223 1132 3284 existere.
1153 3222 1305 3284 Atsrtalis
1314 3221 1393 3283 ratio

207 3334 258 3397 seu
279 3335 362 3398 causa
390 3339 521 3412 daretur,
547 3354 581 3397 en
606 3336 656 3399 vel
681 3335 711 3396 in
740 3335 801 3410 ipsa
826 3335 884 3396 Dei
905 3349 1008 3396 natura
1029 3335 1077 3397 vel
1106 3350 1187 3395 extra
1213 3333 1303 3409 ipsam
1330 3335 1394 3395 dari

208 3451 340 3526 deberet,
370 3449 427 3509 hoc
455 3449 546 3509 estin
568 3447 622 3508 alia
642 3446 800 3508 substantia
822 3447 940 3508 alterius
968 3462 1087 3508 nuturae.
1122 3449 1197 3507 Nam
1217 3446 1237 3506 sr
1259 3446 1393 3523 ejusdem

207 3578 317 3622 naturae
343 3561 430 3637 esset,
455 3580 492 3622 eo
519 3560 583 3636 ipso
609 3563 821 3620 concederetur
846 3561 905 3621 dari
931 3560 1036 3621 Deum.
1061 3561 1104 3620 At
1131 3560 1303 3636 substantia,
1324 3579 1393 3635 quae

207 3673 325 3734 alterius
346 3673 416 3734 esset
437 3688 563 3750 naturae,
584 3672 656 3732 nihil
675 3690 741 3732 curn
762 3673 829 3732 Deo
851 3689 1004 3732 commune
1024 3673 1130 3732 habere
1149 3670 1219 3753 (per
1228 3689 1257 3731 2.
1267 3673 1375 3750 Prop.)
1382 3717 1393 3747 ,

207 3789 340 3862 adeoque
367 3805 462 3864 neque
489 3785 552 3862 ejus
578 3784 759 3846 existentiam
784 3802 894 3859 ponere
924 3803 1019 3861 neque
1044 3785 1148 3845 tollere
1177 3782 1281 3858 posset.
1313 3783 1391 3845 Cum

206 3897 297 3975 igitur
315 3897 390 3959 ratio
411 3897 461 3958 seu
483 3896 580 3974 causa,
603 3915 667 3973 quae
689 3896 817 3961 divinam
840 3897 1019 3958 existentiam
1038 3899 1141 3974 tollat,
1161 3911 1244 3958 extra
1259 3896 1390 3958 divinam

207 4025 338 4071 naturam
369 4009 429 4070 dari
461 4028 521 4071 non
553 4009 658 4086 point,
695 4008 815 4070 debebit
855 4008 1013 4070 necessario
1044 4009 1126 4087 dari,
1156 4007 1295 4086 siquidem
1328 4028 1390 4070 non

240 4232 253 4261 *
288 4227 444 4296 corrigendi
461 4227 510 4278 Ed.
525 4227 582 4277 Pr:
601 4226 670 4292 quia.

240 4313 267 4343 **
302 4313 347 4362 Ed.
365 4312 422 4363 ΡΜ
441 4311 608 4376 triangulum.
