<?xml version="1.0" encoding="UTF-8"?>
<!DOCTYPE html PUBLIC "-//W3C//DTD XHTML 1.0 Transitional//EN"
    "http://www.w3.org/TR/xhtml1/DTD/xhtml1-transitional.dtd">
<html xmlns="http://www.w3.org/1999/xhtml" xml:lang="en" lang="en">
 <head>
  <title>
</title>
<meta http-equiv="Content-Type" content="text/html;charset=utf-8" />
  <meta name='ocr-system' content='tesseract 3.04.00' />
  <meta name='ocr-capabilities' content='ocr_page ocr_carea ocr_par ocr_line ocrx_word'/>
</head>
<body>
  <div class='ocr_page' id='page_1' title='image "benedictidespin02landgoog_0216.png"; bbox 0 0 2934 4900; ppageno 0'>
   <div class='ocr_carea' id='block_1_1' title="bbox 209 291 977 377">
    <p class='ocr_par' dir='ltr' id='par_1_1' title="bbox 209 291 977 377">
     <span class='ocr_line' id='line_1_1' title="bbox 209 291 977 377; baseline 0 -19"><span class='ocrx_word' id='word_1_1' title='bbox 209 308 266 377; x_wconf 73' lang='lat'>192</span> <span class='ocrx_word' id='word_1_2' title='bbox 624 291 806 357; x_wconf 83' lang='lat' dir='ltr'>Ethiccs</span> <span class='ocrx_word' id='word_1_3' title='bbox 834 297 903 359; x_wconf 85' lang='lat' dir='ltr'>Pars</span> <span class='ocrx_word' id='word_1_4' title='bbox 924 292 977 358; x_wconf 92' lang='lat' dir='ltr'>lV.</span> 
     </span>
    </p>
   </div>
   <div class='ocr_carea' id='block_1_2' title="bbox 206 471 1398 553">
    <p class='ocr_par' dir='ltr' id='par_1_2' title="bbox 206 471 1398 553">
     <span class='ocr_line' id='line_1_2' title="bbox 206 471 1398 553; baseline 0.001 -19"><span class='ocrx_word' id='word_1_5' title='bbox 206 472 354 549; x_wconf 77' lang='lat' dir='ltr'>distinete,</span> <span class='ocrx_word' id='word_1_6' title='bbox 385 473 434 534; x_wconf 88' lang='lat' dir='ltr'>sed</span> <span class='ocrx_word' id='word_1_7' title='bbox 466 472 604 548; x_wconf 79' lang='lat' dir='ltr'>coasuse3</span> <span class='ocrx_word' id='word_1_8' title='bbox 633 474 713 534; x_wconf 89' lang='lat' dir='ltr'>unde</span> <span class='ocrx_word' id='word_1_9' title='bbox 744 473 795 548; x_wconf 86' lang='lat' dir='ltr'>fit,</span> <span class='ocrx_word' id='word_1_10' title='bbox 824 488 859 534; x_wconf 90' lang='lat' dir='ltr'>ut</span> <span class='ocrx_word' id='word_1_11' title='bbox 889 474 978 533; x_wconf 88' lang='lat' dir='ltr'>Mens</span> <span class='ocrx_word' id='word_1_12' title='bbox 1009 489 1102 533; x_wconf 88' lang='lat' dir='ltr'>errare</span> <span class='ocrx_word' id='word_1_13' title='bbox 1122 471 1246 535; x_wconf 90' lang='lat' dir='ltr'>dicatur.</span> <span class='ocrx_word' id='word_1_14' title='bbox 1277 474 1336 535; x_wconf 86' lang='lat' dir='ltr'>Ex.</span> <span class='ocrx_word' id='word_1_15' title='bbox 1357 492 1398 553; x_wconf 82' lang='lat' dir='ltr'>gr.</span> 
     </span>
    </p>
   </div>
   <div class='ocr_carea' id='block_1_3' title="bbox 205 584 1458 663">
    <p class='ocr_par' dir='ltr' id='par_1_3' title="bbox 205 584 1458 663">
     <span class='ocr_line' id='line_1_3' title="bbox 205 584 1458 663; baseline 0 -18"><span class='ocrx_word' id='word_1_16' title='bbox 205 604 272 647; x_wconf 87' lang='lat' dir='ltr'>cum</span> <span class='ocrx_word' id='word_1_17' title='bbox 292 584 381 647; x_wconf 85' lang='lat' dir='ltr'>solem</span> <span class='ocrx_word' id='word_1_18' title='bbox 402 584 565 663; x_wconf 87' lang='lat' dir='ltr'>intuemur,</span> <span class='ocrx_word' id='word_1_19' title='bbox 586 587 712 648; x_wconf 87' lang='lat' dir='ltr'>eundem</span> <span class='ocrx_word' id='word_1_20' title='bbox 732 587 878 647; x_wconf 91' lang='lat' dir='ltr'>ducentos</span> <span class='ocrx_word' id='word_1_21' title='bbox 900 585 1017 646; x_wconf 85' lang='lat' dir='ltr'>circiter</span> <span class='ocrx_word' id='word_1_22' title='bbox 1038 588 1130 662; x_wconf 88' lang='lat' dir='ltr'>pedes</span> <span class='ocrx_word' id='word_1_23' title='bbox 1148 604 1165 645; x_wconf 91' lang='lat' dir='ltr'>a</span> <span class='ocrx_word' id='word_1_24' title='bbox 1185 586 1273 647; x_wconf 90' lang='lat' dir='ltr'>nobis</span> <span class='ocrx_word' id='word_1_25' title='bbox 1294 586 1398 648; x_wconf 88' lang='lat' dir='ltr'>distare</span> <span class='ocrx_word' id='word_1_26' title='bbox 1457 637 1458 645; x_wconf 72' lang='grc'>,</span> 
     </span>
    </p>
   </div>
   <div class='ocr_carea' id='block_1_4' title="bbox 204 696 1458 1113">
    <p class='ocr_par' dir='ltr' id='par_1_4' title="bbox 204 696 1458 1113">
     <span class='ocr_line' id='line_1_4' title="bbox 205 696 1458 787; baseline 0 -30"><span class='ocrx_word' id='word_1_27' title='bbox 205 697 410 776; x_wconf 87' lang='lat' dir='ltr'>imaginamur;</span> <span class='ocrx_word' id='word_1_28' title='bbox 438 696 468 757; x_wconf 90' lang='lat' dir='ltr'>in</span> <span class='ocrx_word' id='word_1_29' title='bbox 489 716 551 774; x_wconf 89' lang='lat' dir='ltr'>quo</span> <span class='ocrx_word' id='word_1_30' title='bbox 572 696 686 759; x_wconf 85' lang='lat' dir='ltr'>tamdiu</span> <span class='ocrx_word' id='word_1_31' title='bbox 706 696 847 773; x_wconf 90' lang='lat' dir='ltr'>fallimur,</span> <span class='ocrx_word' id='word_1_32' title='bbox 869 696 1008 773; x_wconf 84' lang='lat' dir='ltr'><strong>quamdiu</strong></span> <span class='ocrx_word' id='word_1_33' title='bbox 1029 714 1127 761; x_wconf 87' lang='lat' dir='ltr'>veram</span> <span class='ocrx_word' id='word_1_34' title='bbox 1147 697 1211 776; x_wconf 86' lang='lat' dir='ltr'>ejus</span> <span class='ocrx_word' id='word_1_35' title='bbox 1233 697 1398 761; x_wconf 84' lang='lat' dir='ltr'>distantiam</span> <span class='ocrx_word' id='word_1_36' title='bbox 1457 752 1458 787; x_wconf 24' lang='grc' dir='ltr'>ἶ</span> 
     </span>
     <span class='ocr_line' id='line_1_5' title="bbox 205 808 1458 888; baseline 0.002 -19"><span class='ocrx_word' id='word_1_37' title='bbox 205 810 388 887; x_wconf 85' lang='lat' dir='ltr'>ignoramus;</span> <span class='ocrx_word' id='word_1_38' title='bbox 419 808 469 870; x_wconf 90' lang='lat' dir='ltr'>sed</span> <span class='ocrx_word' id='word_1_39' title='bbox 498 808 619 888; x_wconf 76' lang='lat' dir='ltr'>cogniti</span> <span class='ocrx_word' id='word_1_40' title='bbox 646 808 775 885; x_wconf 88' lang='lat' dir='ltr'>ejusdem</span> <span class='ocrx_word' id='word_1_41' title='bbox 798 808 933 871; x_wconf 76' lang='lat' dir='ltr'>distantis</span> <span class='ocrx_word' id='word_1_42' title='bbox 953 809 1069 871; x_wconf 89' lang='lat' dir='ltr'>tollitur</span> <span class='ocrx_word' id='word_1_43' title='bbox 1090 810 1209 887; x_wconf 89' lang='lat' dir='ltr'>quidem</span> <span class='ocrx_word' id='word_1_44' title='bbox 1230 828 1326 886; x_wconf 87' lang='lat' dir='ltr'>error,</span> <span class='ocrx_word' id='word_1_45' title='bbox 1346 809 1396 871; x_wconf 87' lang='lat' dir='ltr'>sed</span> <span class='ocrx_word' id='word_1_46' title='bbox 1457 866 1458 871; x_wconf 73' lang='grc'>,</span> 
     </span>
     <span class='ocr_line' id='line_1_6' title="bbox 206 919 1458 1013; baseline 0.002 -32"><span class='ocrx_word' id='word_1_47' title='bbox 206 938 267 981; x_wconf 91' lang='lat' dir='ltr'>non</span> <span class='ocrx_word' id='word_1_48' title='bbox 297 920 484 999; x_wconf 83' lang='lat' dir='ltr'>imaginatio,</span> <span class='ocrx_word' id='word_1_49' title='bbox 514 920 572 981; x_wconf 84' lang='lat' dir='ltr'>hoc</span> <span class='ocrx_word' id='word_1_50' title='bbox 604 921 645 982; x_wconf 89' lang='lat' dir='ltr'>est</span> <span class='ocrx_word' id='word_1_51' title='bbox 677 919 743 983; x_wconf 86' lang='lat' dir='ltr'>idea</span> <span class='ocrx_word' id='word_1_52' title='bbox 772 920 857 998; x_wconf 90' lang='lat' dir='ltr'>solis,</span> <span class='ocrx_word' id='word_1_53' title='bbox 887 940 952 999; x_wconf 83' lang='lat' dir='ltr'>quae</span> <span class='ocrx_word' id='word_1_54' title='bbox 973 920 1100 999; x_wconf 81' lang='lat' dir='ltr'>ejusdem</span> <span class='ocrx_word' id='word_1_55' title='bbox 1122 938 1252 983; x_wconf 89' lang='lat' dir='ltr'>naturam</span> <span class='ocrx_word' id='word_1_56' title='bbox 1272 938 1395 983; x_wconf 89' lang='lat' dir='ltr'>catenus</span> <span class='ocrx_word' id='word_1_57' title='bbox 1457 980 1458 1013; x_wconf 45' lang='lat'>3</span> 
     </span>
     <span class='ocr_line' id='line_1_7' title="bbox 204 1032 1458 1113; baseline 0.002 -20"><span class='ocrx_word' id='word_1_58' title='bbox 204 1049 318 1095; x_wconf 89' lang='lat' dir='ltr'>tantum</span> <span class='ocrx_word' id='word_1_59' title='bbox 355 1033 501 1110; x_wconf 86' lang='lat' dir='ltr'>explicat,</span> <span class='ocrx_word' id='word_1_60' title='bbox 532 1048 678 1109; x_wconf 85' lang='lat' dir='ltr'>quatenus</span> <span class='ocrx_word' id='word_1_61' title='bbox 713 1032 832 1110; x_wconf 88' lang='lat' dir='ltr'>Corpus</span> <span class='ocrx_word' id='word_1_62' title='bbox 864 1035 900 1093; x_wconf 93' lang='lat' dir='ltr'>ab</span> <span class='ocrx_word' id='word_1_63' title='bbox 934 1036 1038 1095; x_wconf 90' lang='lat' dir='ltr'>eodem</span> <span class='ocrx_word' id='word_1_64' title='bbox 1069 1033 1211 1109; x_wconf 86' lang='lat' dir='ltr'>afficitur;</span> <span class='ocrx_word' id='word_1_65' title='bbox 1243 1037 1395 1113; x_wconf 81' lang='lat' dir='ltr'>adeoque,</span> <span class='ocrx_word' id='word_1_66' title='bbox 1457 1070 1458 1095; x_wconf 38' lang='lat' dir='ltr'>r</span> 
     </span>
    </p>
   </div>
   <div class='ocr_carea' id='block_1_5' title="bbox 119 1144 1394 1339">
    <p class='ocr_par' dir='ltr' id='par_1_5' title="bbox 119 1144 1394 1339">
     <span class='ocr_line' id='line_1_8' title="bbox 119 1144 1394 1224; baseline 0.002 -18"><span class='ocrx_word' id='word_1_67' title='bbox 119 1178 123 1182; x_wconf 32' lang='grc' dir='ltr'><strong><em>ν</em></strong></span> <span class='ocrx_word' id='word_1_68' title='bbox 205 1144 338 1221; x_wconf 85' lang='lat' dir='ltr'>quamvis</span> <span class='ocrx_word' id='word_1_69' title='bbox 360 1163 456 1208; x_wconf 86' lang='lat' dir='ltr'>veram</span> <span class='ocrx_word' id='word_1_70' title='bbox 475 1144 603 1221; x_wconf 88' lang='lat' dir='ltr'>ejusdem</span> <span class='ocrx_word' id='word_1_71' title='bbox 620 1144 784 1207; x_wconf 84' lang='lat' dir='ltr'>distantiam</span> <span class='ocrx_word' id='word_1_72' title='bbox 803 1144 966 1222; x_wconf 89' lang='lat' dir='ltr'>noscamus,</span> <span class='ocrx_word' id='word_1_73' title='bbox 983 1145 1076 1223; x_wconf 87' lang='lat' dir='ltr'>ipsum</span> <span class='ocrx_word' id='word_1_74' title='bbox 1094 1144 1284 1209; x_wconf 84' lang='lat' dir='ltr'>nihilominus</span> <span class='ocrx_word' id='word_1_75' title='bbox 1302 1166 1394 1224; x_wconf 82' lang='lat' dir='ltr'>prope</span> 
     </span>
     <span class='ocr_line' id='line_1_9' title="bbox 204 1258 1393 1339; baseline 0.003 -20"><span class='ocrx_word' id='word_1_76' title='bbox 204 1260 291 1321; x_wconf 86' lang='lat' dir='ltr'>nobis</span> <span class='ocrx_word' id='word_1_77' title='bbox 312 1258 406 1321; x_wconf 82' lang='lat' dir='ltr'>adelie</span> <span class='ocrx_word' id='word_1_78' title='bbox 427 1259 655 1338; x_wconf 84' lang='lat' dir='ltr'>imaginabimur.</span> <span class='ocrx_word' id='word_1_79' title='bbox 675 1262 752 1321; x_wconf 88' lang='lat' dir='ltr'>Nam</span> <span class='ocrx_word' id='word_1_80' title='bbox 772 1275 805 1321; x_wconf 92' lang='lat' dir='ltr'>ut</span> <span class='ocrx_word' id='word_1_81' title='bbox 823 1261 852 1320; x_wconf 92' lang='lat' dir='ltr'>in</span> <span class='ocrx_word' id='word_1_82' title='bbox 872 1260 971 1321; x_wconf 86' lang='lat' dir='ltr'>Schol.</span> <span class='ocrx_word' id='word_1_83' title='bbox 989 1261 1076 1336; x_wconf 88' lang='lat' dir='ltr'>Prop.</span> <span class='ocrx_word' id='word_1_84' title='bbox 1095 1273 1143 1339; x_wconf 77' lang='lat'>35.</span> <span class='ocrx_word' id='word_1_85' title='bbox 1161 1280 1191 1339; x_wconf 89' lang='lat' dir='ltr'>p.</span> <span class='ocrx_word' id='word_1_86' title='bbox 1209 1280 1237 1322; x_wconf 81' lang='lat' dir='ltr'>o.</span> <span class='ocrx_word' id='word_1_87' title='bbox 1255 1261 1393 1337; x_wconf 81' lang='lat' dir='ltr'>diximus,</span> 
     </span>
    </p>
   </div>
   <div class='ocr_carea' id='block_1_6' title="bbox 203 1371 1458 1672">
    <p class='ocr_par' dir='ltr' id='par_1_6' title="bbox 203 1371 1458 1672">
     <span class='ocr_line' id='line_1_10' title="bbox 205 1371 1458 1457; baseline 0.004 -26"><span class='ocrx_word' id='word_1_88' title='bbox 205 1390 265 1451; x_wconf 88' lang='lat' dir='ltr'>non</span> <span class='ocrx_word' id='word_1_89' title='bbox 295 1389 329 1433; x_wconf 87' lang='lat' dir='ltr'>ca</span> <span class='ocrx_word' id='word_1_90' title='bbox 359 1373 396 1432; x_wconf 93' lang='lat' dir='ltr'>de</span> <span class='ocrx_word' id='word_1_91' title='bbox 428 1372 513 1431; x_wconf 90' lang='lat' dir='ltr'>causa</span> <span class='ocrx_word' id='word_1_92' title='bbox 545 1371 635 1432; x_wconf 90' lang='lat' dir='ltr'>solem</span> <span class='ocrx_word' id='word_1_93' title='bbox 668 1374 744 1433; x_wconf 89' lang='lat' dir='ltr'>adeo</span> <span class='ocrx_word' id='word_1_94' title='bbox 777 1371 974 1449; x_wconf 90' lang='lat' dir='ltr'>propinquum</span> <span class='ocrx_word' id='word_1_95' title='bbox 1007 1371 1211 1451; x_wconf 78' lang='lat' dir='ltr'>imaginamur,</span> <span class='ocrx_word' id='word_1_96' title='bbox 1241 1375 1311 1451; x_wconf 85' lang='lat' dir='ltr'>quia</span> <span class='ocrx_word' id='word_1_97' title='bbox 1333 1374 1395 1451; x_wconf 83' lang='lat' dir='ltr'>ejus</span> <span class='ocrx_word' id='word_1_98' title='bbox 1457 1442 1458 1457; x_wconf 12' lang='grc' dir='ltr'>χ</span> 
     </span>
     <span class='ocr_line' id='line_1_11' title="bbox 203 1482 1394 1566; baseline 0.002 -19"><span class='ocrx_word' id='word_1_99' title='bbox 203 1502 301 1547; x_wconf 89' lang='lat' dir='ltr'>veram</span> <span class='ocrx_word' id='word_1_100' title='bbox 332 1482 495 1546; x_wconf 83' lang='lat' dir='ltr'>distantiam</span> <span class='ocrx_word' id='word_1_101' title='bbox 527 1483 710 1562; x_wconf 84' lang='lat' dir='ltr'>ignoramus;</span> <span class='ocrx_word' id='word_1_102' title='bbox 739 1483 789 1545; x_wconf 88' lang='lat' dir='ltr'>sed</span> <span class='ocrx_word' id='word_1_103' title='bbox 818 1484 887 1561; x_wconf 91' lang='lat' dir='ltr'>quia</span> <span class='ocrx_word' id='word_1_104' title='bbox 908 1486 995 1546; x_wconf 89' lang='lat' dir='ltr'>Mens</span> <span class='ocrx_word' id='word_1_105' title='bbox 1021 1502 1144 1547; x_wconf 89' lang='lat' dir='ltr'>eatenus</span> <span class='ocrx_word' id='word_1_106' title='bbox 1165 1486 1394 1566; x_wconf 76' lang='lat' dir='ltr'>magnitudinem</span> 
     </span>
     <span class='ocr_line' id='line_1_12' title="bbox 204 1593 1395 1672; baseline 0.003 -17"><span class='ocrx_word' id='word_1_107' title='bbox 204 1593 273 1655; x_wconf 88' lang='lat' dir='ltr'>solis</span> <span class='ocrx_word' id='word_1_108' title='bbox 303 1594 453 1672; x_wconf 85' lang='lat' dir='ltr'>concipit,</span> <span class='ocrx_word' id='word_1_109' title='bbox 483 1610 630 1672; x_wconf 84' lang='lat' dir='ltr'>quatenus</span> <span class='ocrx_word' id='word_1_110' title='bbox 661 1594 779 1672; x_wconf 89' lang='lat' dir='ltr'>Corpus</span> <span class='ocrx_word' id='word_1_111' title='bbox 812 1597 847 1655; x_wconf 91' lang='lat' dir='ltr'>ab</span> <span class='ocrx_word' id='word_1_112' title='bbox 876 1598 980 1657; x_wconf 87' lang='lat' dir='ltr'>eodem</span> <span class='ocrx_word' id='word_1_113' title='bbox 1002 1595 1138 1657; x_wconf 89' lang='lat' dir='ltr'>afficitur.</span> <span class='ocrx_word' id='word_1_114' title='bbox 1169 1596 1217 1657; x_wconf 85' lang='lat' dir='ltr'>Sic</span> <span class='ocrx_word' id='word_1_115' title='bbox 1238 1614 1303 1659; x_wconf 92' lang='lat' dir='ltr'>cum</span> <span class='ocrx_word' id='word_1_116' title='bbox 1326 1598 1395 1659; x_wconf 89' lang='lat' dir='ltr'>solis</span> 
     </span>
    </p>
   </div>
   <div class='ocr_carea' id='block_1_7' title="bbox 204 1708 1394 1787">
    <p class='ocr_par' dir='ltr' id='par_1_7' title="bbox 204 1708 1394 1787">
     <span class='ocr_line' id='line_1_13' title="bbox 204 1708 1394 1787; baseline 0.003 -18"><span class='ocrx_word' id='word_1_117' title='bbox 204 1708 293 1783; x_wconf 90' lang='lat' dir='ltr'>radii,</span> <span class='ocrx_word' id='word_1_118' title='bbox 324 1726 406 1786; x_wconf 83' lang='lat' dir='ltr'>aquae</span> <span class='ocrx_word' id='word_1_119' title='bbox 437 1708 599 1785; x_wconf 87' lang='lat' dir='ltr'>superficiei</span> <span class='ocrx_word' id='word_1_120' title='bbox 631 1708 813 1785; x_wconf 84' lang='lat' dir='ltr'>incidentes,</span> <span class='ocrx_word' id='word_1_121' title='bbox 844 1710 880 1769; x_wconf 92' lang='lat' dir='ltr'>ad</span> <span class='ocrx_word' id='word_1_122' title='bbox 912 1708 1027 1769; x_wconf 83' lang='lat' dir='ltr'>nostros</span> <span class='ocrx_word' id='word_1_123' title='bbox 1060 1710 1165 1770; x_wconf 88' lang='lat' dir='ltr'>oculos</span> <span class='ocrx_word' id='word_1_124' title='bbox 1185 1710 1394 1787; x_wconf 68' lang='lat' dir='ltr'>reflectuntur,</span> 
     </span>
    </p>
   </div>
   <div class='ocr_carea' id='block_1_8' title="bbox 202 1818 1458 2126">
    <p class='ocr_par' dir='ltr' id='par_1_8' title="bbox 202 1818 1458 2126">
     <span class='ocr_line' id='line_1_14' title="bbox 205 1818 1458 1911; baseline 0.002 -30"><span class='ocrx_word' id='word_1_125' title='bbox 205 1823 329 1883; x_wconf 89' lang='lat' dir='ltr'>eundem</span> <span class='ocrx_word' id='word_1_126' title='bbox 350 1820 471 1898; x_wconf 89' lang='lat' dir='ltr'>perinde</span> <span class='ocrx_word' id='word_1_127' title='bbox 477 1865 487 1896; x_wconf 94' lang='lat'>,</span> <span class='ocrx_word' id='word_1_128' title='bbox 508 1839 542 1882; x_wconf 91' lang='lat' dir='ltr'>ac</span> <span class='ocrx_word' id='word_1_129' title='bbox 565 1819 586 1881; x_wconf 85' lang='lat' dir='ltr'>si</span> <span class='ocrx_word' id='word_1_130' title='bbox 607 1820 637 1881; x_wconf 90' lang='lat' dir='ltr'>in</span> <span class='ocrx_word' id='word_1_131' title='bbox 657 1840 734 1898; x_wconf 89' lang='lat' dir='ltr'>aqua</span> <span class='ocrx_word' id='word_1_132' title='bbox 756 1820 842 1897; x_wconf 86' lang='lat' dir='ltr'>esset,</span> <span class='ocrx_word' id='word_1_133' title='bbox 862 1820 1061 1899; x_wconf 82' lang='lat' dir='ltr'>imaginamur,</span> <span class='ocrx_word' id='word_1_134' title='bbox 1080 1818 1192 1881; x_wconf 78' lang='lat' dir='ltr'>tametsi</span> <span class='ocrx_word' id='word_1_135' title='bbox 1209 1838 1313 1883; x_wconf 89' lang='lat' dir='ltr'>verum</span> <span class='ocrx_word' id='word_1_136' title='bbox 1330 1822 1395 1899; x_wconf 83' lang='lat' dir='ltr'>ejus</span> <span class='ocrx_word' id='word_1_137' title='bbox 1457 1902 1458 1911; x_wconf 8' lang='grc' dir='ltr'>ἵ</span> 
     </span>
     <span class='ocr_line' id='line_1_15' title="bbox 202 1931 1395 2011; baseline 0.002 -19"><span class='ocrx_word' id='word_1_138' title='bbox 202 1934 302 1994; x_wconf 85' lang='lat' dir='ltr'>locunt</span> <span class='ocrx_word' id='word_1_139' title='bbox 322 1933 507 2010; x_wconf 84' lang='lat' dir='ltr'>noverimrrs;</span> <span class='ocrx_word' id='word_1_140' title='bbox 528 1950 559 1994; x_wconf 90' lang='lat' dir='ltr'>et</span> <span class='ocrx_word' id='word_1_141' title='bbox 580 1932 618 1993; x_wconf 86' lang='lat' dir='ltr'>fic</span> <span class='ocrx_word' id='word_1_142' title='bbox 640 1932 759 2010; x_wconf 84' lang='lat' dir='ltr'>reliquae</span> <span class='ocrx_word' id='word_1_143' title='bbox 781 1932 1023 2011; x_wconf 82' lang='lat' dir='ltr'>imaginationes,</span> <span class='ocrx_word' id='word_1_144' title='bbox 1041 1931 1150 2009; x_wconf 88' lang='lat' dir='ltr'>quibus</span> <span class='ocrx_word' id='word_1_145' title='bbox 1168 1934 1256 1993; x_wconf 85' lang='lat' dir='ltr'>Mens</span> <span class='ocrx_word' id='word_1_146' title='bbox 1273 1934 1395 2010; x_wconf 87' lang='lat' dir='ltr'>sallittu,</span> 
     </span>
     <span class='ocr_line' id='line_1_16' title="bbox 207 2026 1458 2126; baseline 0.002 -21"><span class='ocrx_word' id='word_1_147' title='bbox 207 2043 265 2107; x_wconf 85' lang='lat' dir='ltr'>stuc</span> <span class='ocrx_word' id='word_1_148' title='bbox 286 2064 327 2105; x_wconf 86' lang='lat' dir='ltr'>cae</span> <span class='ocrx_word' id='word_1_149' title='bbox 348 2049 507 2108; x_wconf 87' lang='lat' dir='ltr'>naturalem</span> <span class='ocrx_word' id='word_1_150' title='bbox 529 2046 671 2123; x_wconf 85' lang='lat' dir='ltr'>Corporis</span> <span class='ocrx_word' id='word_1_151' title='bbox 687 2046 946 2122; x_wconf 83' lang='lat' dir='ltr'>constitutionem,</span> <span class='ocrx_word' id='word_1_152' title='bbox 962 2046 1020 2109; x_wconf 89' lang='lat' dir='ltr'>srve</span> <span class='ocrx_word' id='word_1_153' title='bbox 1039 2047 1121 2121; x_wconf 88' lang='lat' dir='ltr'>quod</span> <span class='ocrx_word' id='word_1_154' title='bbox 1138 2044 1266 2122; x_wconf 82' lang='lat' dir='ltr'>ejusdem</span> <span class='ocrx_word' id='word_1_155' title='bbox 1285 2049 1391 2126; x_wconf 89' lang='lat' dir='ltr'>agendi</span> <span class='ocrx_word' id='word_1_156' title='bbox 1457 2026 1458 2049; x_wconf 65' lang='lat'>³</span> 
     </span>
    </p>
   </div>
   <div class='ocr_carea' id='block_1_9' title="bbox 206 2154 1458 2236">
    <p class='ocr_par' dir='ltr' id='par_1_9' title="bbox 206 2154 1458 2236">
     <span class='ocr_line' id='line_1_17' title="bbox 206 2154 1458 2236; baseline 0.003 -21"><span class='ocrx_word' id='word_1_157' title='bbox 206 2154 370 2231; x_wconf 83' lang='lat' dir='ltr'>potentiam</span> <span class='ocrx_word' id='word_1_158' title='bbox 398 2157 497 2236; x_wconf 88' lang='lat' dir='ltr'>augeri</span> <span class='ocrx_word' id='word_1_159' title='bbox 525 2159 575 2219; x_wconf 88' lang='lat' dir='ltr'>vel</span> <span class='ocrx_word' id='word_1_160' title='bbox 599 2157 690 2219; x_wconf 88' lang='lat' dir='ltr'>minui</span> <span class='ocrx_word' id='word_1_161' title='bbox 712 2158 860 2231; x_wconf 88' lang='lat' dir='ltr'>indicant,</span> <span class='ocrx_word' id='word_1_162' title='bbox 881 2175 953 2221; x_wconf 87' lang='lat' dir='ltr'>vero</span> <span class='ocrx_word' id='word_1_163' title='bbox 976 2175 1035 2217; x_wconf 91' lang='lat' dir='ltr'>non</span> <span class='ocrx_word' id='word_1_164' title='bbox 1058 2156 1125 2217; x_wconf 90' lang='lat' dir='ltr'>sunt</span> <span class='ocrx_word' id='word_1_165' title='bbox 1147 2158 1319 2233; x_wconf 87' lang='lat' dir='ltr'>contrariae,</span> <span class='ocrx_word' id='word_1_166' title='bbox 1340 2177 1394 2221; x_wconf 89' lang='lat' dir='ltr'>occ</span> <span class='ocrx_word' id='word_1_167' title='bbox 1457 2180 1458 2183; x_wconf 43' lang='lat'>¹</span> 
     </span>
    </p>
   </div>
   <div class='ocr_carea' id='block_1_10' title="bbox 203 2266 1396 3017">
    <p class='ocr_par' dir='ltr' id='par_1_10' title="bbox 203 2266 1396 3017">
     <span class='ocr_line' id='line_1_18' title="bbox 204 2266 1394 2347; baseline 0.002 -19"><span class='ocrx_word' id='word_1_168' title='bbox 204 2266 331 2344; x_wconf 73' lang='lat' dir='ltr'>eiusdem</span> <span class='ocrx_word' id='word_1_169' title='bbox 351 2269 504 2345; x_wconf 75' lang='lat' dir='ltr'>prasentia</span> <span class='ocrx_word' id='word_1_170' title='bbox 526 2270 713 2333; x_wconf 87' lang='lat' dir='ltr'>evanescunt.</span> <span class='ocrx_word' id='word_1_171' title='bbox 744 2270 790 2329; x_wconf 84' lang='lat' dir='ltr'>Fit</span> <span class='ocrx_word' id='word_1_172' title='bbox 812 2269 948 2347; x_wconf 87' lang='lat' dir='ltr'>quidem,</span> <span class='ocrx_word' id='word_1_173' title='bbox 968 2287 1034 2329; x_wconf 89' lang='lat' dir='ltr'>cum</span> <span class='ocrx_word' id='word_1_174' title='bbox 1057 2266 1129 2327; x_wconf 88' lang='lat' dir='ltr'>falso</span> <span class='ocrx_word' id='word_1_175' title='bbox 1149 2267 1269 2346; x_wconf 91' lang='lat' dir='ltr'>aliquod</span> <span class='ocrx_word' id='word_1_176' title='bbox 1287 2270 1394 2331; x_wconf 87' lang='lat' dir='ltr'>malum</span> 
     </span>
     <span class='ocr_line' id='line_1_19' title="bbox 205 2378 1396 2458; baseline 0.001 -18"><span class='ocrx_word' id='word_1_177' title='bbox 205 2380 356 2458; x_wconf 88' lang='lat' dir='ltr'>timemus,</span> <span class='ocrx_word' id='word_1_178' title='bbox 387 2397 420 2442; x_wconf 91' lang='lat' dir='ltr'>ut</span> <span class='ocrx_word' id='word_1_179' title='bbox 448 2382 536 2443; x_wconf 91' lang='lat' dir='ltr'>timor</span> <span class='ocrx_word' id='word_1_180' title='bbox 563 2381 719 2444; x_wconf 83' lang='lat' dir='ltr'>evanescat</span> <span class='ocrx_word' id='word_1_181' title='bbox 748 2380 850 2441; x_wconf 86' lang='lat' dir='ltr'>audito</span> <span class='ocrx_word' id='word_1_182' title='bbox 872 2398 944 2443; x_wconf 84' lang='lat' dir='ltr'>vero</span> <span class='ocrx_word' id='word_1_183' title='bbox 967 2378 1092 2456; x_wconf 86' lang='lat' dir='ltr'>nuntio;</span> <span class='ocrx_word' id='word_1_184' title='bbox 1114 2378 1162 2441; x_wconf 91' lang='lat' dir='ltr'>sed</span> <span class='ocrx_word' id='word_1_185' title='bbox 1183 2395 1284 2441; x_wconf 89' lang='lat' dir='ltr'>contra</span> <span class='ocrx_word' id='word_1_186' title='bbox 1307 2382 1396 2441; x_wconf 89' lang='lat' dir='ltr'>etiarn</span> 
     </span>
     <span class='ocr_line' id='line_1_20' title="bbox 204 2492 1395 2572; baseline 0 -18"><span class='ocrx_word' id='word_1_187' title='bbox 204 2495 253 2568; x_wconf 87' lang='lat' dir='ltr'>fit,</span> <span class='ocrx_word' id='word_1_188' title='bbox 275 2511 341 2555; x_wconf 89' lang='lat' dir='ltr'>cum</span> <span class='ocrx_word' id='word_1_189' title='bbox 361 2495 483 2570; x_wconf 90' lang='lat' dir='ltr'>malum,</span> <span class='ocrx_word' id='word_1_190' title='bbox 504 2497 586 2572; x_wconf 92' lang='lat' dir='ltr'>quod</span> <span class='ocrx_word' id='word_1_191' title='bbox 606 2509 685 2555; x_wconf 91' lang='lat' dir='ltr'>certe</span> <span class='ocrx_word' id='word_1_192' title='bbox 708 2510 866 2556; x_wconf 88' lang='lat' dir='ltr'>venturum</span> <span class='ocrx_word' id='word_1_193' title='bbox 888 2493 945 2569; x_wconf 87' lang='lat' dir='ltr'>est,</span> <span class='ocrx_word' id='word_1_194' title='bbox 968 2492 1121 2568; x_wconf 89' lang='lat' dir='ltr'>timemus,</span> <span class='ocrx_word' id='word_1_195' title='bbox 1143 2507 1177 2554; x_wconf 87' lang='lat' dir='ltr'>ut</span> <span class='ocrx_word' id='word_1_196' title='bbox 1198 2493 1286 2554; x_wconf 88' lang='lat' dir='ltr'>timor</span> <span class='ocrx_word' id='word_1_197' title='bbox 1306 2493 1395 2555; x_wconf 89' lang='lat' dir='ltr'>ctiam</span> 
     </span>
     <span class='ocr_line' id='line_1_21' title="bbox 204 2602 1396 2683; baseline 0.002 -18"><span class='ocrx_word' id='word_1_198' title='bbox 204 2604 356 2667; x_wconf 90' lang='lat' dir='ltr'>evanescat</span> <span class='ocrx_word' id='word_1_199' title='bbox 376 2605 479 2667; x_wconf 89' lang='lat' dir='ltr'>audito</span> <span class='ocrx_word' id='word_1_200' title='bbox 497 2606 570 2668; x_wconf 86' lang='lat' dir='ltr'>salso</span> <span class='ocrx_word' id='word_1_201' title='bbox 588 2605 712 2679; x_wconf 88' lang='lat' dir='ltr'>nuntio;</span> <span class='ocrx_word' id='word_1_202' title='bbox 731 2620 821 2682; x_wconf 89' lang='lat' dir='ltr'>atque</span> <span class='ocrx_word' id='word_1_203' title='bbox 840 2607 914 2668; x_wconf 89' lang='lat' dir='ltr'>adeo</span> <span class='ocrx_word' id='word_1_204' title='bbox 934 2602 1159 2683; x_wconf 84' lang='lat' dir='ltr'>imaginationes</span> <span class='ocrx_word' id='word_1_205' title='bbox 1170 2621 1230 2664; x_wconf 93' lang='lat' dir='ltr'>non</span> <span class='ocrx_word' id='word_1_206' title='bbox 1242 2604 1396 2680; x_wconf 85' lang='lat' dir='ltr'>praesentiai</span> 
     </span>
     <span class='ocr_line' id='line_1_22' title="bbox 203 2715 1393 2794; baseline -0.002 -14"><span class='ocrx_word' id='word_1_207' title='bbox 203 2717 282 2791; x_wconf 90' lang='lat' dir='ltr'>veri,</span> <span class='ocrx_word' id='word_1_208' title='bbox 309 2732 454 2792; x_wconf 85' lang='lat' dir='ltr'>quatenus</span> <span class='ocrx_word' id='word_1_209' title='bbox 481 2737 599 2794; x_wconf 88' lang='lat' dir='ltr'>verum,</span> <span class='ocrx_word' id='word_1_210' title='bbox 628 2717 825 2794; x_wconf 89' lang='lat' dir='ltr'>evanescunt,</span> <span class='ocrx_word' id='word_1_211' title='bbox 846 2716 895 2778; x_wconf 91' lang='lat' dir='ltr'>sed</span> <span class='ocrx_word' id='word_1_212' title='bbox 917 2715 985 2794; x_wconf 92' lang='lat' dir='ltr'>quia</span> <span class='ocrx_word' id='word_1_213' title='bbox 1008 2716 1071 2778; x_wconf 87' lang='lat' dir='ltr'>aliae</span> <span class='ocrx_word' id='word_1_214' title='bbox 1094 2731 1253 2777; x_wconf 90' lang='lat' dir='ltr'>occurrunt</span> <span class='ocrx_word' id='word_1_215' title='bbox 1273 2715 1310 2776; x_wconf 93' lang='lat' dir='ltr'>iis</span> <span class='ocrx_word' id='word_1_216' title='bbox 1331 2717 1393 2778; x_wconf 90' lang='lat' dir='ltr'>sot-</span> 
     </span>
     <span class='ocr_line' id='line_1_23' title="bbox 203 2825 1394 2909; baseline 0.004 -23"><span class='ocrx_word' id='word_1_217' title='bbox 203 2825 308 2904; x_wconf 90' lang='lat' dir='ltr'>tiotes,</span> <span class='ocrx_word' id='word_1_218' title='bbox 326 2846 391 2904; x_wconf 86' lang='lat' dir='ltr'>quae</span> <span class='ocrx_word' id='word_1_219' title='bbox 409 2845 516 2906; x_wconf 88' lang='lat' dir='ltr'>rerum,</span> <span class='ocrx_word' id='word_1_220' title='bbox 535 2848 607 2905; x_wconf 89' lang='lat' dir='ltr'>quas</span> <span class='ocrx_word' id='word_1_221' title='bbox 626 2829 824 2909; x_wconf 87' lang='lat' dir='ltr'>imaginamur,</span> <span class='ocrx_word' id='word_1_222' title='bbox 842 2828 1010 2906; x_wconf 70' lang='lat' dir='ltr'>presentem</span> <span class='ocrx_word' id='word_1_223' title='bbox 1029 2825 1209 2890; x_wconf 84' lang='lat' dir='ltr'>existentiam</span> <span class='ocrx_word' id='word_1_224' title='bbox 1227 2829 1394 2907; x_wconf 90' lang='lat' dir='ltr'>secludunt,</span> 
     </span>
     <span class='ocr_line' id='line_1_24' title="bbox 204 2939 722 3017; baseline 0.006 -19"><span class='ocrx_word' id='word_1_225' title='bbox 204 2953 237 2998; x_wconf 92' lang='lat' dir='ltr'>ut</span> <span class='ocrx_word' id='word_1_226' title='bbox 257 2939 345 3017; x_wconf 89' lang='lat' dir='ltr'>Prop.</span> <span class='ocrx_word' id='word_1_227' title='bbox 368 2957 413 3016; x_wconf 84' lang='lat'>17.</span> <span class='ocrx_word' id='word_1_228' title='bbox 435 2961 464 3016; x_wconf 90' lang='lat' dir='ltr'>p.</span> <span class='ocrx_word' id='word_1_229' title='bbox 484 2960 512 3002; x_wconf 84' lang='lat' dir='ltr'>a.</span> <span class='ocrx_word' id='word_1_230' title='bbox 533 2941 722 3004; x_wconf 87' lang='lat' dir='ltr'>ostendimus.</span> 
     </span>
    </p>
   </div>
   <div class='ocr_carea' id='block_1_11' title="bbox 241 3086 1393 3262">
    <p class='ocr_par' dir='ltr' id='par_1_11' title="bbox 241 3086 1393 3262">
     <span class='ocr_line' id='line_1_25' title="bbox 590 3086 998 3148; baseline 0 -2"><span class='ocrx_word' id='word_1_231' title='bbox 590 3086 919 3148; x_wconf 83' lang='lat' dir='ltr'>PROPOSlTIO</span> <span class='ocrx_word' id='word_1_232' title='bbox 961 3087 998 3147; x_wconf 88' lang='grc' dir='ltr'>ΙΙ.</span> 
     </span>
     <span class='ocr_line' id='line_1_26' title="bbox 241 3180 1393 3262; baseline 0.001 -21"><span class='ocrx_word' id='word_1_233' title='bbox 241 3182 305 3242; x_wconf 89' lang='lat' dir='ltr'>Nos</span> <span class='ocrx_word' id='word_1_234' title='bbox 335 3195 450 3242; x_wconf 80' lang='lat' dir='ltr'>eatenus</span> <span class='ocrx_word' id='word_1_235' title='bbox 476 3186 624 3261; x_wconf 81' lang='lat' dir='ltr'>patimur,</span> <span class='ocrx_word' id='word_1_236' title='bbox 656 3197 797 3260; x_wconf 72' lang='lat' dir='ltr'>quanam</span> <span class='ocrx_word' id='word_1_237' title='bbox 825 3183 954 3244; x_wconf 71' lang='lat' dir='ltr'>Natura</span> <span class='ocrx_word' id='word_1_238' title='bbox 967 3180 1070 3257; x_wconf 72' lang='lat' dir='ltr'>stamus</span> <span class='ocrx_word' id='word_1_239' title='bbox 1087 3195 1179 3261; x_wconf 82' lang='lat' dir='ltr'>pars,</span> <span class='ocrx_word' id='word_1_240' title='bbox 1200 3197 1263 3258; x_wconf 81' lang='lat' dir='ltr'>quae</span> <span class='ocrx_word' id='word_1_241' title='bbox 1280 3181 1393 3262; x_wconf 83' lang='lat' dir='ltr'>perse</span> 
     </span>
    </p>
   </div>
   <div class='ocr_carea' id='block_1_12' title="bbox 201 3293 713 3374">
    <p class='ocr_par' dir='ltr' id='par_1_12' title="bbox 201 3293 713 3374">
     <span class='ocr_line' id='line_1_27' title="bbox 201 3293 713 3374; baseline 0.004 -22"><span class='ocrx_word' id='word_1_242' title='bbox 201 3293 310 3372; x_wconf 83' lang='lat' dir='ltr'>absque</span> <span class='ocrx_word' id='word_1_243' title='bbox 329 3295 398 3354; x_wconf 77' lang='lat' dir='ltr'>aliis</span> <span class='ocrx_word' id='word_1_244' title='bbox 417 3314 472 3354; x_wconf 83' lang='lat' dir='ltr'>non</span> <span class='ocrx_word' id='word_1_245' title='bbox 491 3295 576 3373; x_wconf 80' lang='lat' dir='ltr'>potest</span> <span class='ocrx_word' id='word_1_246' title='bbox 596 3298 713 3374; x_wconf 78' lang='lat' dir='ltr'>concipt&#39;.</span> 
     </span>
    </p>
   </div>
   <div class='ocr_carea' id='block_1_13' title="bbox 600 3440 996 3486">
    <p class='ocr_par' dir='ltr' id='par_1_13' title="bbox 600 3440 996 3486">
     <span class='ocr_line' id='line_1_28' title="bbox 600 3440 996 3486; baseline -0.003 -3"><span class='ocrx_word' id='word_1_247' title='bbox 600 3440 996 3486; x_wconf 68' lang='lat' dir='ltr'>uuuousultarlo.</span> 
     </span>
    </p>
   </div>
   <div class='ocr_carea' id='block_1_14' title="bbox 242 3517 1391 3598">
    <p class='ocr_par' dir='ltr' id='par_1_14' title="bbox 242 3497 1458 3598">
     <span class='ocr_line' id='line_1_29' title="bbox 242 3517 1391 3598; baseline 0 -18"><span class='ocrx_word' id='word_1_248' title='bbox 242 3521 308 3580; x_wconf 85' lang='lat' dir='ltr'>Nos</span> <span class='ocrx_word' id='word_1_249' title='bbox 339 3535 401 3581; x_wconf 88' lang='lat' dir='ltr'>tum</span> <span class='ocrx_word' id='word_1_250' title='bbox 433 3519 494 3595; x_wconf 86' lang='lat' dir='ltr'>pati</span> <span class='ocrx_word' id='word_1_251' title='bbox 525 3519 665 3595; x_wconf 88' lang='lat' dir='ltr'>dicimur,</span> <span class='ocrx_word' id='word_1_252' title='bbox 696 3539 762 3582; x_wconf 89' lang='lat' dir='ltr'>cum</span> <span class='ocrx_word' id='word_1_253' title='bbox 790 3520 902 3598; x_wconf 88' lang='lat' dir='ltr'>aliquid</span> <span class='ocrx_word' id='word_1_254' title='bbox 929 3519 958 3580; x_wconf 95' lang='lat' dir='ltr'>in</span> <span class='ocrx_word' id='word_1_255' title='bbox 986 3519 1073 3580; x_wconf 84' lang='lat' dir='ltr'>nobis</span> <span class='ocrx_word' id='word_1_256' title='bbox 1094 3518 1203 3594; x_wconf 84' lang='lat' dir='ltr'>oritur,</span> <span class='ocrx_word' id='word_1_257' title='bbox 1224 3517 1309 3595; x_wconf 87' lang='lat' dir='ltr'>cujus</span> <span class='ocrx_word' id='word_1_258' title='bbox 1331 3538 1391 3580; x_wconf 89' lang='lat' dir='ltr'>non</span> 
     </span>
    </p>
   </div>
   <div class='ocr_carea' id='block_1_15' title="bbox 196 3631 1392 4378">
    <p class='ocr_par' dir='ltr' id='par_1_15' title="bbox 196 3631 1392 4378">
     <span class='ocr_line' id='line_1_30' title="bbox 201 3631 1390 3712; baseline 0 -20"><span class='ocrx_word' id='word_1_259' title='bbox 201 3631 252 3692; x_wconf 83' lang='lat' dir='ltr'>nisa</span> <span class='ocrx_word' id='word_1_260' title='bbox 273 3632 404 3708; x_wconf 87' lang='lat' dir='ltr'>partialis</span> <span class='ocrx_word' id='word_1_261' title='bbox 424 3631 520 3694; x_wconf 89' lang='lat' dir='ltr'>sumus</span> <span class='ocrx_word' id='word_1_262' title='bbox 541 3633 626 3694; x_wconf 87' lang='lat' dir='ltr'>causa</span> <span class='ocrx_word' id='word_1_263' title='bbox 648 3633 721 3712; x_wconf 86' lang='lat' dir='ltr'>(per</span> <span class='ocrx_word' id='word_1_264' title='bbox 740 3632 835 3711; x_wconf 81' lang='lat' dir='ltr'>Defia.</span> <span class='ocrx_word' id='word_1_265' title='bbox 847 3650 875 3692; x_wconf 86' lang='lat'>2.</span> <span class='ocrx_word' id='word_1_266' title='bbox 892 3645 924 3711; x_wconf 88' lang='lat' dir='ltr'>p.</span> <span class='ocrx_word' id='word_1_267' title='bbox 936 3631 990 3710; x_wconf 81' lang='lat'>3.),</span> <span class='ocrx_word' id='word_1_268' title='bbox 1011 3631 1069 3692; x_wconf 94' lang='lat' dir='ltr'>hoc</span> <span class='ocrx_word' id='word_1_269' title='bbox 1090 3631 1131 3690; x_wconf 89' lang='lat' dir='ltr'>est</span> <span class='ocrx_word' id='word_1_270' title='bbox 1152 3631 1224 3709; x_wconf 83' lang='lat' dir='ltr'>(per</span> <span class='ocrx_word' id='word_1_271' title='bbox 1244 3631 1341 3710; x_wconf 82' lang='lat' dir='ltr'>Defin.</span> <span class='ocrx_word' id='word_1_272' title='bbox 1367 3647 1390 3692; x_wconf 89' lang='lat'>1.</span> 
     </span>
     <span class='ocr_line' id='line_1_31' title="bbox 196 3739 1389 3822; baseline -0.003 -20"><span class='ocrx_word' id='word_1_273' title='bbox 196 3755 228 3822; x_wconf 85' lang='lat' dir='ltr'>p.</span> <span class='ocrx_word' id='word_1_274' title='bbox 262 3742 304 3820; x_wconf 84' lang='lat'>3.)</span> <span class='ocrx_word' id='word_1_275' title='bbox 336 3741 464 3817; x_wconf 89' lang='lat' dir='ltr'>aliquid,</span> <span class='ocrx_word' id='word_1_276' title='bbox 491 3744 572 3819; x_wconf 90' lang='lat' dir='ltr'>quod</span> <span class='ocrx_word' id='word_1_277' title='bbox 600 3760 638 3802; x_wconf 84' lang='lat' dir='ltr'>cx</span> <span class='ocrx_word' id='word_1_278' title='bbox 666 3741 735 3803; x_wconf 88' lang='lat' dir='ltr'>solis</span> <span class='ocrx_word' id='word_1_279' title='bbox 756 3741 870 3821; x_wconf 88' lang='lat' dir='ltr'>legibus</span> <span class='ocrx_word' id='word_1_280' title='bbox 891 3740 994 3802; x_wconf 78' lang='lat' dir='ltr'>nostre</span> <span class='ocrx_word' id='word_1_281' title='bbox 1016 3755 1126 3802; x_wconf 88' lang='lat' dir='ltr'>naturae</span> <span class='ocrx_word' id='word_1_282' title='bbox 1146 3739 1253 3800; x_wconf 89' lang='lat' dir='ltr'>deduci</span> <span class='ocrx_word' id='word_1_283' title='bbox 1275 3741 1389 3818; x_wconf 89' lang='lat' dir='ltr'>nequit.</span> 
     </span>
     <span class='ocr_line' id='line_1_32' title="bbox 201 3848 1389 3929; baseline 0.001 -20"><span class='ocrx_word' id='word_1_284' title='bbox 201 3851 328 3911; x_wconf 85' lang='lat' dir='ltr'>Patimur</span> <span class='ocrx_word' id='word_1_285' title='bbox 357 3848 463 3929; x_wconf 88' lang='lat' dir='ltr'>igitur,</span> <span class='ocrx_word' id='word_1_286' title='bbox 493 3865 640 3927; x_wconf 88' lang='lat' dir='ltr'>quatenus</span> <span class='ocrx_word' id='word_1_287' title='bbox 670 3851 792 3910; x_wconf 78' lang='lat' dir='ltr'>Natura</span> <span class='ocrx_word' id='word_1_288' title='bbox 824 3850 921 3912; x_wconf 90' lang='lat' dir='ltr'>sumus</span> <span class='ocrx_word' id='word_1_289' title='bbox 949 3867 1034 3926; x_wconf 90' lang='lat' dir='ltr'>pars,</span> <span class='ocrx_word' id='word_1_290' title='bbox 1063 3867 1127 3925; x_wconf 83' lang='lat' dir='ltr'>quae</span> <span class='ocrx_word' id='word_1_291' title='bbox 1156 3865 1208 3925; x_wconf 92' lang='lat' dir='ltr'>per</span> <span class='ocrx_word' id='word_1_292' title='bbox 1228 3849 1258 3908; x_wconf 84' lang='lat' dir='ltr'>se</span> <span class='ocrx_word' id='word_1_293' title='bbox 1278 3851 1389 3928; x_wconf 89' lang='lat' dir='ltr'>absque</span> 
     </span>
     <span class='ocr_line' id='line_1_33' title="bbox 201 3961 721 4039; baseline 0.004 -19"><span class='ocrx_word' id='word_1_294' title='bbox 201 3961 264 4020; x_wconf 86' lang='lat' dir='ltr'>aliis</span> <span class='ocrx_word' id='word_1_295' title='bbox 284 3961 387 4038; x_wconf 92' lang='lat' dir='ltr'>nequit</span> <span class='ocrx_word' id='word_1_296' title='bbox 406 3961 534 4038; x_wconf 87' lang='lat' dir='ltr'>concipi.</span> <span class='ocrx_word' id='word_1_297' title='bbox 566 3964 600 4039; x_wconf 83' lang='lat' dir='ltr'>Q.</span> <span class='ocrx_word' id='word_1_298' title='bbox 621 3963 659 4023; x_wconf 86' lang='lat' dir='ltr'>E.</span> <span class='ocrx_word' id='word_1_299' title='bbox 680 3964 721 4024; x_wconf 85' lang='lat' dir='ltr'>D.</span> 
     </span>
     <span class='ocr_line' id='line_1_34' title="bbox 582 4090 1003 4152; baseline 0.002 -1"><span class='ocrx_word' id='word_1_300' title='bbox 582 4090 912 4151; x_wconf 85' lang='lat' dir='ltr'><strong>PROPOSITIO</strong></span> <span class='ocrx_word' id='word_1_301' title='bbox 952 4091 1003 4152; x_wconf 91' lang='lat' dir='ltr'>lll.</span> 
     </span>
     <span class='ocr_line' id='line_1_35' title="bbox 241 4185 1392 4266; baseline 0.003 -20"><span class='ocrx_word' id='word_1_302' title='bbox 241 4186 310 4263; x_wconf 82' lang='lat' dir='ltr'>Vis,</span> <span class='ocrx_word' id='word_1_303' title='bbox 338 4206 397 4265; x_wconf 86' lang='lat' dir='ltr'>qua</span> <span class='ocrx_word' id='word_1_304' title='bbox 424 4186 501 4248; x_wconf 79' lang='lat' dir='ltr'>honac</span> <span class='ocrx_word' id='word_1_305' title='bbox 526 4192 557 4247; x_wconf 79' lang='lat' dir='ltr'>in</span> <span class='ocrx_word' id='word_1_306' title='bbox 578 4186 718 4266; x_wconf 77' lang='lat' dir='ltr'>existendo</span> <span class='ocrx_word' id='word_1_307' title='bbox 735 4187 927 4266; x_wconf 81' lang='lat' dir='ltr'>perseverat,</span> <span class='ocrx_word' id='word_1_308' title='bbox 948 4189 1076 4247; x_wconf 79' lang='lat' dir='ltr'>limitata</span> <span class='ocrx_word' id='word_1_309' title='bbox 1096 4185 1151 4264; x_wconf 75' lang='lat' dir='ltr'>est,</span> <span class='ocrx_word' id='word_1_310' title='bbox 1171 4199 1199 4246; x_wconf 75' lang='lat' dir='ltr'>es</span> <span class='ocrx_word' id='word_1_311' title='bbox 1218 4203 1239 4245; x_wconf 85' lang='lat' dir='ltr'>o</span> <span class='ocrx_word' id='word_1_312' title='bbox 1255 4193 1392 4266; x_wconf 79' lang='lat' dir='ltr'>potentia</span> 
     </span>
     <span class='ocr_line' id='line_1_36' title="bbox 200 4299 897 4378; baseline 0.003 -22"><span class='ocrx_word' id='word_1_313' title='bbox 200 4299 353 4374; x_wconf 83' lang='lat' dir='ltr'>causarum</span> <span class='ocrx_word' id='word_1_314' title='bbox 372 4312 560 4359; x_wconf 80' lang='lat' dir='ltr'>externarum</span> <span class='ocrx_word' id='word_1_315' title='bbox 578 4299 692 4377; x_wconf 76' lang='lat' dir='ltr'>infinste</span> <span class='ocrx_word' id='word_1_316' title='bbox 705 4300 897 4378; x_wconf 79' lang='lat' dir='ltr'>superatur..</span> 
     </span>
    </p>
   </div>
   <div class='ocr_carea' id='block_1_16' title="bbox 0 0 1472 4900">
    <p class='ocr_par' dir='ltr' id='par_1_16' title="bbox 0 0 1472 4900">
     <span class='ocr_line' id='line_1_37' title="bbox 0 0 1472 4900; baseline 0 1"><span class='ocrx_word' id='word_1_317' title='bbox 0 0 1472 4900; x_wconf 95' lang='lat' dir='ltr'> </span> 
     </span>
    </p>
   </div>
  </div>
 </body>
</html>
