2934 4900
214 331 272 392 eso
371 398 375 407 ,
638 292 822 395 ethices
848 333 979 396 omn.
1022 382 1027 388 .

215 526 260 571 ter
291 510 362 590 (per
386 527 411 571 1.
432 508 535 588 Affeii.
555 510 684 591 Depo),
716 527 778 587 quo
810 510 898 572 Meus
926 508 1041 571 adhoc
1062 508 1235 585 aptiorest,
1255 527 1295 570 eo
1317 508 1399 587 ornis

215 623 273 683 hoc
294 622 386 701 cupit.
430 624 464 701 Q.
486 624 523 685 E.
544 626 584 685 D.

562 780 893 842 PROPOSITIO
932 778 1057 840 XXVII.

257 906 307 966 En
333 904 383 966 hoc
410 912 497 968 tertio
525 912 697 985 cognitionis
720 926 826 985 genere
840 910 972 987 sommo,
993 924 1057 985 qun
1077 908 1148 967 dori
1163 907 1269 985 potest,
1292 906 1402 966 Mentis

216 1019 426 1096 requiescentis
448 1025 553 1082 oritur.

614 1150 1012 1195 otuousnnsrro

256 1243 371 1304 Summa
392 1244 504 1306 Mentis
525 1244 619 1306 virtus
640 1244 680 1305 est
700 1247 796 1307 Deum
818 1244 995 1324 cognoscere
1017 1244 1088 1323 (per
1107 1244 1197 1323 Prop.
1218 1244 1266 1302 28.
1284 1256 1319 1321 p.
1340 1241 1403 1320 4),

217 1352 276 1416 sive
303 1372 349 1415 res
376 1356 466 1417 tertio
494 1354 674 1437 cognitionis
702 1375 808 1437 genere
828 1356 989 1437 intelligere
1011 1357 1083 1436 (per
1102 1357 1192 1435 Prop.
1215 1366 1262 1429 25.
1285 1352 1401 1431 liujus);

218 1486 284 1544 quae
312 1466 429 1545 quidem
457 1466 551 1530 virtus
572 1486 610 1529 eo
630 1468 722 1545 major
743 1469 800 1546 esi,
829 1487 889 1546 quo
911 1471 998 1530 Mens
1018 1467 1077 1529 hoc
1097 1465 1277 1547 cognitionis
1299 1482 1400 1545 genere

218 1578 308 1658 magis
338 1598 383 1639 res
414 1580 566 1659 cognoscit
598 1581 670 1661 (per
689 1582 779 1663 Prop.
800 1598 848 1661 24
869 1580 989 1659 nujus);
1020 1582 1155 1657 adeoque
1185 1578 1237 1657 qui
1267 1595 1316 1638 res
1346 1577 1400 1635 hoc

218 1691 399 1770 cognitionis
427 1710 530 1771 genere
559 1694 728 1773 cognoscit,
756 1694 781 1755 is
802 1697 839 1756 ad
858 1694 994 1756 summam
1019 1693 1173 1755 humanam
1194 1691 1401 1769 persedioncm

218 1804 338 1879 transit,
361 1821 390 1867 et
412 1806 625 1883 consequenter
646 1807 717 1887 (per
738 1824 766 1868 2.
788 1804 891 1885 Affeii.
911 1807 1021 1887 Defin.)
1044 1806 1151 1868 summa
1171 1803 1292 1865 Laetitia
1314 1800 1399 1862 affici-

219 1930 284 1991 tur,
304 1915 393 1993 idque
422 1918 494 1997 (per
513 1919 602 1999 Prop.
624 1936 673 1998 43.
690 1932 722 1998 p.
745 1917 788 2001 2.)
816 1918 1036 1981 concomitante
1057 1918 1122 1980 idea
1143 1916 1186 1979 sui
1206 1915 1325 1991 suteque
1346 1912 1401 1974 vir-

219 2028 309 2104 tutis;
330 2047 363 2089 ac
385 2028 508 2105 proinde
535 2030 607 2110 (per
627 2043 675 2106 25.
696 2029 800 2108 Affed.
820 2031 929 2110 Depin.)
951 2050 989 2091 ex
1008 2032 1067 2091 hoc
1087 2027 1270 2109 cognitionis
1298 2041 1400 2105 genere

219 2136 342 2215 summa,
363 2157 428 2216 quae
450 2140 510 2201 dari
532 2141 644 2217 potest,
666 2141 760 2203 oritur
780 2141 1004 2219 acquiescentia.
1046 2144 1081 2219 Q.
1101 2142 1139 2203 E.
1158 2141 1200 2202 D.

558 2316 886 2378 PROPOSITIO
926 2316 1065 2377 XXVIII.

261 2442 386 2504 Conotns
398 2445 455 2521 sen
476 2444 630 2524 Cupiditas
650 2446 832 2522 cognoscendi
851 2463 898 2504 res
917 2449 1004 2506 tertio
1024 2445 1192 2522 cognitionis
1205 2461 1310 2518 genere
1327 2442 1402 2500 oriri

219 2576 274 2616 non
290 2557 379 2636 potest
399 2577 436 2617 esc
451 2561 564 2637 prino,
584 2572 618 2618 ot
639 2561 751 2636 quidem
771 2578 808 2617 est
822 2559 945 2635 serrendo
966 2561 1135 2634 cognitionis
1150 2574 1265 2632 genere.

620 2719 1015 2764 nnnousrnanro

261 2813 331 2872 Haec
360 2812 525 2889 Proposrtio
554 2831 605 2890 per
632 2814 662 2874 se
690 2829 784 2890 patet.
824 2815 900 2874 Naro
932 2812 1075 2890 quicquid
1104 2813 1180 2873 clare
1211 2826 1241 2872 et
1271 2809 1399 2871 distincte

221 2923 423 3002 intelligimus,
444 2924 474 2986 id
495 2926 543 2988 vel
565 2925 665 3002 perse
687 2926 736 2987 vel
757 2943 809 3001 per
829 2925 915 2999 iliud,
936 2927 1018 3000 quod
1039 2923 1140 3000 perse
1161 2922 1343 2998 concipitur,
1359 2921 1401 2980 in·

221 3035 393 3114 telliginrus3
414 3036 471 3098 hoc
494 3036 548 3112 est,
569 3037 659 3114 ideae,
680 3055 746 3114 quae
768 3035 797 3097 in
820 3037 907 3097 nobis
928 3038 1011 3097 clarae
1033 3051 1063 3096 et
1084 3034 1222 3096 distinete
1243 3033 1325 3107 sunt,
1345 3033 1401 3092 sive

222 3167 287 3224 quoe
309 3150 346 3209 ad
367 3148 484 3210 tertium
506 3148 686 3227 cognitionis
708 3167 801 3228 genus
821 3149 987 3209 reseruntur
1007 3147 1088 3226 (vide
1108 3165 1137 3208 α.
1154 3145 1245 3207 Senos.
1256 3147 1345 3224 Prop.
1356 3163 1401 3224 40.

220 3272 249 3338 p.
271 3260 332 3338 2.),
359 3277 419 3320 non
448 3261 566 3337 possunt
594 3261 675 3337 sequi
705 3281 742 3322 ex
770 3260 844 3322 ideis
861 3259 1010 3322 mutilatis
1030 3275 1061 3320 et
1082 3259 1226 3333 confusis,
1247 3277 1314 3335 quae
1335 3259 1403 3336 (per

221 3370 294 3429 idem
321 3369 426 3450 Senot.)
454 3374 490 3433 ad
519 3372 639 3448 primum
669 3370 850 3451 cognitionis
878 3391 971 3451 genus
1001 3372 1182 3446 reseruntur,
1203 3371 1253 3432 sed
1273 3390 1311 3431 ex
1331 3369 1402 3431 ideis

222 3483 399 3559 odaequatis,
427 3484 486 3546 srve
516 3485 680 3564 (peridem
700 3483 806 3564 Sestos.)
835 3503 872 3544 ex
901 3485 1029 3545 secundo
1057 3499 1089 3544 et
1115 3483 1204 3545 tertio
1225 3481 1403 3564 cognitionis

221 3611 343 3673 genere3
365 3615 397 3656 ac
419 3595 542 3672 proinde
565 3596 636 3676 (per
660 3614 685 3657 1.
708 3594 810 3673 Affeii.
831 3596 942 3675 Defin.)
968 3595 1125 3672 Cupiditas
1144 3595 1341 3674 cognoscendi
1361 3611 1403 3653 res

221 3707 310 3767 tertio
339 3707 519 3787 cognitionis
546 3726 651 3787 genere
680 3727 740 3769 non
766 3707 863 3785 potest
891 3705 958 3769 oriri
988 3726 1025 3767 ex
1046 3709 1157 3784 primo,
1177 3724 1207 3768 at
1229 3706 1347 3786 quidem
1368 3721 1402 3764 ex

222 3817 360 3880 secundo
403 3820 438 3896 Q.
459 3820 495 3880 E.
515 3820 556 3881 D.

575 3977 903 4052 PROPOSITIO
943 3978 1051 4039 XXIX.

265 4099 410 4175 Quicquid
427 4099 514 4160 Mens
529 4099 589 4174 snb
602 4102 698 4180 specie
720 4107 894 4163 eternitatis
913 4104 1070 4179 inteiligit,
1089 4103 1125 4162 id
1141 4121 1178 4162 ess
1197 4123 1228 4161 eo
1248 4121 1303 4160 reon
1323 4101 1403 4160 intei-

222 4211 306 4287 ligit,
327 4213 403 4292 qnod
430 4212 568 4290 Corporis
590 4213 761 4291 praesentem
788 4215 927 4275 oduntem
946 4216 1125 4294 existentiam
1145 4217 1282 4292 conopit,
1297 4213 1356 4289 sed
1372 4229 1405 4270 es

223 4343 269 4397 eo,
291 4321 366 4398 quoti
386 4323 524 4402 Corporis
545 4324 688 4402 effentiarn
708 4329 829 4407 concipit
843 4328 903 4403 snb
915 4327 1013 4407 specie
1033 4328 1218 4391 eternitatis.
