2934 4900
456 347 511 408 De
550 347 821 410 affectibus
1173 365 1227 428 143

38 519 148 597 magia,
169 537 234 596 quo
254 520 357 598 majori
376 521 505 584 Tristitia
526 522 651 585 afficitur
672 523 744 601 (per
763 521 854 584 Sednl.
874 523 965 601 Prop.
978 520 1146 600 ruiturus).
1166 521 1226 604 Qui

37 630 130 708 igitur
158 631 235 711 (per
253 634 344 712 Prop.
366 649 413 694 20.
435 633 535 713 nujus)
563 652 644 711 rem,
671 653 759 712 quam
780 634 851 696 odio
870 634 979 709 habet,
997 633 1130 694 Tristitia
1150 633 1226 694 affici

38 742 238 822 imaginatur,
268 746 387 807 Laetitia
418 763 521 808 contra
552 746 714 823 afficietur;
747 765 778 808 er
809 765 847 808 eo
878 746 998 823 majori,
1033 764 1093 823 quo
1125 745 1227 821 majori

38 855 175 918 Tristitia
205 875 264 920 rem
293 859 423 922 odiosam
452 859 582 922 affeiiam
611 859 668 920 effe
689 859 878 938 imaginatum
900 860 990 942 Quod
1011 873 1072 920 erat
1093 857 1227 934 primum.

39 968 159 1029 Deinde
179 969 301 1030 Laetitia
323 971 504 1032 existentiam
526 971 567 1032 rei
588 973 663 1033 laetae
685 972 772 1048 ponit
795 971 868 1051 (per
887 974 961 1032 idem
977 969 1227 1049 Sedui.Prop.11.

39 1077 161 1158 dusiis),
190 1096 221 1143 et
250 1101 288 1142 eo
317 1083 422 1162 magis,
452 1101 513 1160 quo
535 1083 626 1162 major
647 1084 767 1146 Laetitia
788 1085 965 1160 concipitur.
1006 1083 1036 1143 Si
1058 1083 1228 1160 quiscum,

38 1209 125 1265 quem
148 1192 224 1254 odio
244 1193 350 1270 habet,
371 1195 491 1257 Laetitia
513 1196 649 1259 affeuum
671 1197 861 1276 imaginatur,
881 1197 943 1258 haec
964 1195 1133 1275 imaginatio
1155 1194 1228 1274 (per

39 1303 130 1380 Prop.
160 1319 209 1378 13.
237 1302 337 1384 nujus)
366 1301 493 1382 ejusdem
522 1323 664 1368 conatum
691 1307 856 1383 coercebit3
883 1307 941 1369 hoc
969 1308 1009 1368 est
1038 1308 1111 1386 (per
1137 1304 1227 1366 Schol.

40 1415 130 1494 Prnp.
146 1415 323 1498 inhujus),
344 1417 384 1494 is,
405 1417 455 1495 qui
478 1418 549 1480 odio
570 1419 675 1497 habet,
695 1419 827 1480 Tristitia
848 1419 1003 1500 afficietur,
1014 1436 1071 1481 etc.
1094 1421 1127 1498 Q.
1139 1421 1176 1480 Ε.
1186 1419 1226 1480 Ι).

515 1583 594 1626 sca
608 1583 627 1625 ο
640 1583 719 1626 aru
733 1583 770 1625 m.

79 1675 155 1736 Haec
177 1675 297 1737 Laetitia
318 1675 370 1738 vix
391 1675 482 1740 solida
505 1693 534 1738 et
556 1676 664 1754 absque
686 1679 748 1738 ullo
769 1675 858 1738 animi
886 1676 1024 1738 confliiiu
1045 1674 1100 1736 effe
1120 1673 1227 1752 potest.

40 1786 115 1846 Nam
145 1786 197 1864 (ut
224 1786 318 1848 statim
347 1787 375 1847 in
402 1787 608 1866 Propoiitione
630 1803 678 1865 27.
700 1787 795 1865 hujus.
818 1787 980 1868 ostendam)
1002 1802 1148 1864 quatenus
1167 1803 1226 1847 rem

41 1894 91 1955 srbi
123 1895 244 1958 similem
275 1897 414 1961 Tristitia
445 1899 553 1962 affeetu
583 1899 660 1960 affici
691 1899 882 1979 imaginatur,
912 1915 1035 1960 eatenus
1065 1897 1227 1960 contristari

42 2010 151 2086 debet;
181 2022 212 2070 et
239 2025 359 2088 contra,
386 2010 407 2071 fi
435 2013 555 2074 eandem
585 2011 702 2074 Laetitia
725 2010 801 2074 affici
821 2011 1004 2090 imaginetur.
1043 2010 1101 2071 Sed
1121 2009 1169 2070 hic
1190 2011 1227 2070 ad

43 2121 134 2184 solum
157 2123 268 2186 Odium
290 2126 477 2188 attendimus.

401 2285 729 2347 PROPOSITIO
759 2285 869 2346 XXIV.

78 2397 112 2456 Si
139 2397 268 2475 aliquem
294 2401 491 2474 imaginamur
517 2397 639 2458 Lacinia
659 2395 772 2473 afficere
792 2415 868 2471 rem,
889 2413 975 2473 quam
994 2395 1056 2455 odia
1076 2392 1226 2470 habemus,

45 2508 111 2567 Odia
129 2512 220 2568 eriam
237 2527 310 2585 erga
327 2528 387 2569 eum
404 2509 568 2585 afficiemur.
589 2510 622 2569 Si
638 2522 740 2569 contra
757 2509 871 2569 eundem
881 2512 1077 2584 imaginamur
1093 2506 1227 2584 Tristitia

43 2622 157 2681 eandem
177 2638 238 2681 rem
257 2620 384 2697 afficere,
404 2622 509 2683 Amore
530 2640 597 2697 ergo
616 2622 712 2700 ipsum
732 2620 903 2700 afficiemur.

439 2783 832 2827 unuonsrnarrn

80 2877 306 2941 Demonstratur
322 2880 425 2941 eodem
443 2880 532 2939 modo
550 2877 612 2939 haec
630 2876 812 2954 Propostrio,
828 2895 862 2939 ac
881 2874 1045 2953 Proposrtio
1064 2874 1227 2953 amirujus,

44 3006 128 3063 quam
151 2987 233 3051 vide.

510 3088 763 3132 senonum,

80 3180 121 3239 Hi
143 3195 175 3240 et
196 3179 298 3240 smiles
319 3180 387 3241 Odii
410 3180 530 3243 affeiius
551 3184 588 3242 ad
609 3182 762 3241 Invidiam
783 3182 963 3257 refenrntur,
985 3198 1050 3256 qua
1072 3194 1225 3254 propterea

43 3291 112 3351 nihil
135 3290 216 3351 aliud
236 3292 290 3367 est,
311 3310 397 3369 quam
419 3292 513 3368 ipsum
534 3294 653 3369 Odium,
671 3307 812 3370 quatenus
828 3293 864 3353 id
877 3292 1071 3370 consideratur
1087 3289 1227 3351 nominem

43 3410 85 3463 ira
112 3404 279 3483 disponere,
307 3420 341 3465 ur
367 3407 441 3465 mala
468 3407 591 3466 alterius
615 3406 758 3483 gaudeat,
786 3419 814 3466 et
842 3419 943 3466 contra
962 3418 995 3465 ut
1015 3405 1139 3482 ejusdem
1159 3404 1226 3463 bono

44 3517 235 3594 contristetur.

410 3630 739 3692 PROPOSITIO
769 3632 864 3693 XXV.

83 3752 125 3809 Id
148 3768 227 3809 omne
253 3752 287 3809 de
314 3750 394 3809 nobis
421 3750 509 3827 deque
536 3770 568 3810 re
595 3764 698 3811 amara
723 3751 877 3829 affirmare
899 3769 1045 3825 conamur,
1070 3752 1146 3827 quod
1162 3770 1229 3825 nos,

47 3862 92 3918 rel
118 3878 180 3919 rem
208 3874 360 3937 amatam,
386 3862 509 3923 Latitia
537 3862 653 3941 afficere
679 3866 900 3937 imaginarum,-
925 3877 953 3921 et
978 3875 1079 3922 contra
1101 3862 1136 3921 id
1152 3880 1230 3921 omne

46 3990 168 4049 negare,
186 3974 261 4049 quod
277 3992 344 4049 nos,
364 3975 414 4034 uei
432 3993 490 4033 rem
511 3988 655 4051 amatam,
683 3974 818 4052 Tristitia
838 3972 954 4053 afficere
972 3978 1177 4050 imaginamur.

445 4134 836 4179 namonsrnarrm

85 4230 178 4311 Quod
205 4246 263 4289 rem
292 4244 414 4289 amatam
441 4228 559 4291 Laetitia
588 4230 637 4293 vel
663 4228 795 4291 Tristitia
824 4229 937 4291 afficere
964 4228 1169 4308 imaginamur,
1196 4231 1227 4292 id

50 4360 102 4402 nos
123 4340 243 4402 Laetitia
267 4342 315 4403 vel
335 4340 465 4401 Tristitia
488 4340 577 4403 afficit
599 4341 673 4420 (per
693 4342 782 4419 Prop.
794 4357 841 4401 αι.
853 4339 963 4421 nujus).
983 4343 1025 4401 At
1045 4342 1134 4402 Mens
1154 4343 1228 4419 (per
