2934 4900
224 318 283 380 492
699 307 935 368 Tractatus

665 481 874 546 CAPUT
915 481 971 544 IX.

224 636 270 697 De
298 637 399 715 iisdem
430 637 532 698 Libris
561 641 624 700 alia
652 643 862 718 inquiruntur:
888 654 997 720 nempe,
1023 659 1064 700 an
1083 641 1200 702 Hezros
1220 643 1260 699 iis
1281 639 1406 698 ultim

284 751 397 793 manum
422 733 590 814 imposuerit
595 759 608 810 ‚·
628 749 656 796 et
677 738 791 813 deinde,
811 751 910 798 utrum
929 750 1001 797 noia
1021 737 1215 812 marginales,
1235 752 1304 812 qua
1323 737 1356 792 in

344 830 477 892 Hebraeis
504 832 644 893 codicibus
671 838 875 912 reperiuntur,
898 837 995 894 varie
1015 832 1134 910 fuerint
1151 833 1293 892 ieiiiooes.

267 1009 418 1090 Quantum
449 1008 579 1086 superior
610 1009 773 1089 disquisstio
802 1013 839 1072 de
869 1026 941 1073 vero
971 1011 1075 1072 horum
1100 1009 1240 1070 librorum
1259 1007 1408 1082 Scriptort

223 1119 311 1197 juvet
330 1123 367 1182 ad
387 1124 546 1184 eorundem
567 1124 724 1200 perfectam
746 1121 985 1202 intelligentiam,
1005 1122 1091 1184 facile
1110 1120 1260 1200 colligitur
1285 1137 1326 1180 er
1348 1117 1409 1178 solis

227 1229 295 1306 ipsis
315 1230 404 1308 locis,
425 1251 490 1310 quae
512 1235 549 1294 ad
570 1233 694 1294 nostram
716 1236 752 1295 de
773 1234 828 1295 hac
849 1251 879 1294 te
901 1232 1074 1296 sententiam
1095 1234 1326 1296 confirmandam
1337 1245 1408 1292 attu-

226 1341 327 1418 limus,
358 1363 481 1422 quaeque
513 1344 621 1424 absque
650 1365 684 1408 ea
716 1345 877 1424 unicuique
908 1349 1049 1408 deberent
1081 1345 1277 1408 obscurissima
1311 1339 1410 1406 videri.

227 1456 337 1517 Verum
357 1471 463 1534 preter
483 1458 659 1535 scriptorem
681 1457 737 1520 alio
757 1458 1014 1522 animadvertenda
1031 1458 1062 1520 in
1072 1457 1140 1536 ipfis
1150 1457 1231 1519 libris
1241 1455 1411 1535 supersunt,

228 1584 294 1644 quae
323 1568 486 1630 communis
514 1568 679 1646 superstitio
712 1572 819 1650 vulgus
849 1571 1065 1648 deprehendere
1096 1587 1156 1632 non
1186 1568 1263 1630 sinit
1301 1569 1410 1628 Horum

228 1679 406 1756 precipuum
427 1682 483 1758 est,
504 1685 586 1760 quod
608 1683 719 1744 Hezras
736 1683 822 1762 (eum
843 1701 899 1760 pro
920 1682 1070 1759 Scriptote
1097 1680 1304 1758 predictorum
1326 1679 1411 1739 libro·

228 1809 290 1853 rum
317 1794 451 1871 habebo,
479 1799 574 1858 donec
602 1795 707 1875 aliquis
738 1797 825 1857 alium
854 1795 1007 1856 certiorem
1028 1794 1175 1873 ostendat)
1195 1792 1411 1854 narrationibus

230 1903 260 1964 in
287 1904 366 1966 hisce
392 1907 473 1970 libris
501 1909 651 1970 contentis
679 1907 809 1970 ultimam
837 1925 952 1969 manum
981 1924 1041 1968 non
1069 1906 1225 1984 imposuit,
1252 1923 1312 1966 nec
1338 1903 1412 1964 aliud

230 2015 316 2094 fecit,
338 2037 423 2094 quam
443 2019 576 2082 historias
597 2037 634 2081 ex
656 2019 775 2083 diversu
795 2018 988 2096 scriptoribus
1008 2017 1162 2098 colligere,
1180 2032 1213 2078 et
1232 2019 1411 2094 quandoque

230 2151 290 2194 non
311 2133 362 2194 nifi
390 2132 555 2212 fimplicitet
583 2135 762 2212 describere,
782 2150 872 2212 atque
894 2153 943 2196 eas
963 2136 1094 2196 nondum
1116 2132 1298 2194 examinatas
1321 2145 1412 2204 neque

230 2245 379 2306 ordinatas
416 2246 538 2322 posteris
575 2247 702 2324 reliquit.
744 2247 820 2328 Quae
851 2262 950 2309 autem
981 2245 1074 2307 ceusae
1107 2243 1317 2321 impediverint
1350 2237 1411 2318 (nist

230 2354 307 2414 forte
328 2354 529 2431 intempestiva
549 2357 658 2436 mors),
681 2375 742 2432 quo
764 2355 860 2417 minus
879 2356 1032 2432 hocopus
1053 2354 1189 2416 omnibus
1209 2352 1268 2414 suis
1288 2347 1411 2414 numetis

230 2466 416 2543 adimpleret,
444 2485 560 2545 nequeo
588 2447 744 2546 conjicere.
786 2470 827 2529 At
855 2468 966 2545 reipsa,
987 2467 1121 2545 quamvis
1141 2466 1272 2543 antiquis
1293 2465 1409 2526 Hebrae·

230 2595 313 2639 orum
333 2577 478 2639 historicis
497 2576 629 2641 destituti
649 2579 752 2656 simus,
773 2598 810 2640 ex
829 2578 1220 2657 pauciffimistameneorum
1230 2573 1409 2657 fragmentis,

231 2707 296 2765 quae
325 2690 481 2767 habemus,
512 2691 720 2755 evidentislime
742 2692 865 2753 constat.
905 2694 982 2753 Nam
1002 2691 1122 2754 historia
1144 2691 1259 2752 Hiskiae
1280 2708 1321 2751 ex
1342 2683 1408 2749 veti.

234 2818 279 2877 17.
300 2822 365 2879 cap.
389 2804 434 2864 18.
454 2803 504 2865 lib.
525 2822 555 2865 2.
575 2807 708 2885 Regum,
735 2823 773 2864 ex
800 2804 944 2865 relatione
964 2803 1076 2881 Esaiae,
1096 2818 1188 2881 prout
1213 2802 1275 2879 ipsa
1300 2812 1408 2875 reperta

231 2914 272 2975 est
299 2914 404 2991 scripte
428 2914 458 2977 in
485 2915 640 2978 Chronicis
669 2919 784 2995 Regum
812 2918 914 2997 Judae,
944 2915 1089 2993 descripta
1116 2915 1172 2977 esi:
1193 2914 1269 2975 hanc
1289 2924 1408 2985 namque

231 3043 325 3088 totam
352 3029 383 3090 in
410 3028 485 3089 libro
512 3027 621 3105 Esaiae,
651 3027 702 3105 qui
731 3028 760 3088 in
789 3027 945 3090 chronicis
966 3030 1081 3107 Regum
1101 3028 1185 3108 Judae
1206 3022 1408 3087 continebatur

232 3136 315 3215 (vide
345 3136 409 3197 libr.
440 3154 468 3198 2.
499 3137 620 3213 Paralip.
651 3155 715 3213 cap.
737 3154 785 3215 32.
807 3136 880 3199 vers.
900 3137 1055 3215 penult),
1076 3135 1193 3212 iisdem,
1216 3135 1325 3214 quibus
1348 3130 1405 3201 hirs

232 3249 329 3311 verbis
356 3264 497 3310 narratam
523 3248 662 3329 legimus,
688 3249 823 3324 exceptis
848 3249 864 3282 *
892 3263 1006 3309 tantum
1033 3247 1223 3325 paucissimis3
1248 3245 1406 3325 exquibus

232 3376 329 3422 tamen
360 3360 432 3421 nihil
458 3360 537 3423 aliud
565 3360 700 3422 concludi
730 3360 845 3437 potest,
872 3379 959 3437 quam
987 3363 1069 3437 quod
1096 3359 1185 3437 hujus
1205 3359 1298 3421 Esaiae
1320 3372 1403 3419 narn·

232 3472 324 3534 tionis
352 3472 438 3535 variae
466 3472 606 3535 lebiones
632 3487 754 3549 repertae
775 3472 901 3549 fuerint3
933 3472 984 3535 nili
1004 3474 1071 3551 quis
1091 3474 1190 3535 mallet
1210 3473 1240 3534 in
1260 3472 1308 3534 his
1328 3470 1405 3533 etiau

232 3586 366 3664 mysteria
387 3584 537 3646 somniare.
558 3584 672 3645 Deinde
693 3584 780 3645 etiam
801 3600 891 3661 caput
913 3584 1046 3646 ultimum
1067 3584 1155 3663 hujus
1166 3579 1404 3665 libriinJereniae

234 3718 298 3775 cap.
326 3698 447 3775 ultimo,
469 3716 523 3777 39,
544 3713 575 3759 et
594 3716 643 3777 40.
672 3697 850 3759 continetur.
893 3698 1034 3759 Praeterea
1055 3716 1119 3775 cap.
1142 3714 1170 3773 7.
1190 3698 1315 3758 Samnii
1336 3713 1362 3755 2.
1380 3689 1405 3749 in

233 3810 298 3872 libs.
328 3828 353 3871 1.
381 3810 503 3887 Paralip.
531 3828 594 3886 cap.
620 3826 664 3887 17.
694 3808 869 3886 descriptum
897 3809 1072 3886 reperimus:
1100 3826 1131 3869 at
1158 3810 1250 3871 verba
1277 3806 1362 3869 variis
1379 3801 1403 3859 in

233 3922 307 3985 locis
328 3924 403 3983 adeo
424 3922 541 3983 mirifice
560 3922 713 3983 mutata**
735 3922 993 3997 deprehenduntur
999 3937 1054 3998 ,ut
1065 3920 1200 3982 facillime
1210 3920 1402 3999 dignoscatur,

232 4034 294 4095 haec
322 4036 383 4095 duo
411 4033 508 4111 capita
537 4052 574 4095 ex
601 4035 719 4095 duobus
745 4032 866 4095 diversis
894 4033 1109 4109 exemplaribus
1135 4032 1262 4093 historie
1289 4025 1402 4092 Nasonis

233 4146 385 4222 desumpta
414 4146 480 4207 esse.
520 4146 657 4223 Denique
688 4146 858 4225 genealogia
889 4148 1005 4227 Regum
1033 4146 1177 4223 Idumeae,
1206 4162 1272 4228 quae
1292 4143 1400 4209 babetur

269 4317 281 4347 ·
316 4314 357 4373 Cf.
373 4316 470 4370 Annos.
487 4316 532 4371 xl.
630 4316 658 4353 Ψ·
682 4313 725 4375 Gi.
742 4318 838 4366 Annot.
855 4316 913 4367 xu.
