2934 4900
332 294 823 374 Theologico·l’olitici
852 295 926 372 Cap.
952 295 1033 356 Xlll.
1214 304 1272 372 536

92 471 211 550 itaque,
236 471 404 552 jeremiam,
429 469 552 547 Mosen,
576 471 741 552 Jobannem
759 472 818 534 Dei
837 471 1055 552 cognitionem,
1076 489 1164 550 quam
1183 470 1272 533 unus-

93 583 216 662 quisque
245 583 317 644 scire
346 598 480 660 tenetur,
508 584 611 660 paucis
632 585 894 662 comprehendere,
914 603 1036 662 eamque
1056 584 1088 646 in
1106 583 1166 645 hoc
1191 583 1274 659 solo,

92 711 128 758 ut
147 696 334 772 volebamus,
355 711 483 772 ponere;
502 699 585 774 quod
606 694 716 757 scilicet
736 698 818 758 Deus
838 697 875 758 lit
894 696 1002 759 summe
1019 695 1273 774 justusetsumme

92 807 270 884 misericors,
300 808 359 872 live
389 807 506 870 unicum
538 825 615 870 verae
646 808 717 871 vita
750 811 905 886 exemplar.
946 808 1002 870 His
1032 808 1163 884 accedit,
1191 809 1274 886 quod

91 920 242 996 Scriptura
261 919 367 980 nullam
388 918 445 982 Dei
466 917 667 981 definitionem
687 918 818 995 exprelse
837 919 943 997 tradit,
964 937 1019 981 nec
1039 919 1095 980 alia
1113 919 1172 980 Dei
1192 918 1275 980 attri-

93 1035 166 1094 buta
186 1032 383 1108 ampleslenda
403 1044 508 1108 prater
530 1033 620 1093 modo
641 1029 719 1092 dista
739 1029 922 1106 prascrihat,
943 1049 997 1092 nec
1017 1049 1055 1092 ex
1076 1030 1220 1107 professo,
1240 1046 1275 1092 ut

92 1144 172 1219 haec,
198 1146 392 1205 commendet.
431 1142 479 1204 Ex
509 1142 617 1220 quibus
645 1142 782 1204 omnibus
806 1143 1029 1220 concludimus,
1050 1143 1274 1206 intelleelualem

92 1255 149 1318 Dei
177 1254 395 1334 cognitionem,
422 1272 488 1333 quae
515 1253 581 1330 ejus
608 1269 740 1316 namnam
770 1269 860 1332 prout
881 1254 912 1315 in
933 1253 962 1315 se
983 1255 1025 1315 est
1044 1254 1222 1332 considerat,
1243 1271 1274 1316 et

92 1384 179 1442 quam
210 1381 340 1428 naturam
371 1366 504 1428 homines
535 1381 613 1428 certa
645 1366 767 1430 vivendi
794 1366 910 1428 ratione
929 1365 1036 1427 imitari
1055 1384 1117 1427 non
1137 1365 1274 1443 poliunt,

92 1497 189 1556 neque
215 1493 352 1556 tanquam
380 1480 545 1556 exemplum
576 1479 685 1541 sumere
714 1481 751 1541 ad
773 1495 869 1543 veram
889 1478 1012 1541 vivendi
1031 1478 1173 1540 rationem
1194 1477 1293 1538 insti·

92 1592 246 1666 tuendam,
266 1592 303 1653 ad
323 1591 409 1653 lidetn
430 1606 460 1654 et
480 1590 650 1670 religionem
670 1592 828 1654 revelatam
851 1591 932 1652 nullo
953 1593 1044 1652 modo
1064 1589 1224 1666 pertinere,
1243 1604 1276 1650 et

92 1701 305 1780 consequenter
323 1703 456 1766 homines
476 1703 552 1765 circa
573 1703 647 1765 hanc
669 1704 727 1764 fine
748 1703 854 1765 scelere
883 1718 953 1764 toto
973 1704 1050 1764 caelo
1062 1720 1164 1765 errare
1184 1701 1275 1779 polle.

92 1813 214 1876 Minime
241 1815 342 1892 itaque
370 1816 488 1892 mhum,
516 1817 598 1894 quod
626 1817 708 1876 Deus
733 1814 793 1876 sese
813 1813 1071 1895 imaginationibus
1092 1829 1123 1875 et
1143 1831 1275 1890 praecon-

92 1925 187 2002 ceptis
218 1926 430 2003 Prophetarum
461 1927 653 2005 opinionibus
684 1925 969 2003 accommodaverit,
999 1928 1139 2004 quodque
1175 1927 1275 1988 fideles

92 2036 221 2101 diversas
250 2040 287 2100 de
314 2039 382 2100 Deo
410 2040 540 2103 foverint
568 2039 744 2114 sententias,
765 2054 800 2100 ut
810 2029 850 2100 ‘in
870 2038 944 2116 Cap.
964 2056 993 2101 a.
1014 2038 1113 2101 multis
1133 2039 1275 2115 exemplis

95 2147 283 2210 ostendimus.
323 2149 436 2210 Deinde
457 2147 573 2209 minime
595 2147 681 2208 etiarn
701 2147 821 2223 mirum,
838 2149 920 2225 quod
940 2146 1019 2208 sacra
1038 2147 1189 2209 volumina
1208 2146 1274 2209 ubi-

92 2276 152 2334 que
172 2260 246 2320 adeo
267 2258 425 2336 improprie
445 2261 481 2321 de
501 2259 568 2320 Deo
589 2258 764 2336 loquantur,
785 2257 872 2336 eique
893 2277 1011 2336 manus,
1032 2261 1136 2336 pedes,
1159 2259 1278 2334 oculos,

92 2387 194 2447 ames,
213 2385 356 2449 mentem,
377 2387 408 2432 et
427 2386 540 2433 motum
560 2372 681 2432 localem
703 2371 848 2447 tribuant,
869 2386 899 2433 et
920 2387 1059 2449 praeterea
1079 2373 1166 2434 etiam
1187 2371 1274 2434 animi

91 2483 325 2560 commotiones,
358 2499 392 2546 ut
422 2487 505 2561 quod
534 2484 570 2545 srt
600 2484 780 2564 zelotypus,
817 2484 996 2561 misericors,
1025 2500 1100 2562 etc.,
1130 2500 1161 2547 et
1192 2487 1275 2562 quod

92 2596 220 2673 denique
242 2595 335 2672 ipsum
355 2595 516 2676 depingant
536 2611 674 2673 tanquam
702 2595 854 2678 Judicem,
875 2611 905 2657 et
926 2597 958 2657 in
976 2596 1059 2658 coelis
1084 2612 1223 2674 tanquam
1243 2596 1273 2656 in

91 2705 166 2767 solio
198 2706 279 2785 regio
310 2705 473 2783 sedentem,
506 2722 536 2769 et
568 2706 712 2771 Christum
741 2709 779 2769 ad
805 2707 895 2784 ipsius
915 2710 1056 2769 dextram.
1095 2708 1276 2784 Loquuntut

92 2816 225 2879 nimirum
253 2816 410 2880 secundum
439 2834 556 2895 captum
584 2818 684 2897 vulgi,
712 2837 799 2896 quem
820 2818 968 2895 Scriptura
988 2836 1049 2879 non
1070 2821 1205 2893 dodum,
1225 2818 1275 2880 sed

91 2928 280 2991 obedientem
313 2932 432 2992 reddere
463 2930 568 2992 studet.
616 2929 795 2991 Communes
825 2944 923 2990 tamen
954 2930 1103 3009 Theologi
1132 2930 1275 3009 quicquid

91 3040 195 3101 horum
223 3040 348 3126 Lumine
376 3040 510 3103 Naturali
537 3040 637 3104 videre
666 3054 847 3118 potuentnt,
874 3058 941 3102 cum
969 3040 1070 3103 divina
1090 3056 1194 3103 natura
1214 3056 1275 3102 non

90 3151 267 3227 convenire,
287 3152 512 3228 metaphorice*
533 3152 802 3229 interpretandum,
821 3167 852 3212 et
873 3151 1015 3229 quicquid
1036 3169 1136 3213 eorum
1155 3168 1274 3228 captum

90 3262 213 3343 effugit,
233 3264 390 3326 secundum
411 3262 523 3326 literam
545 3264 764 3341 accipiendum,
784 3266 1010 3327 contenderunt.
1030 3266 1104 3342 Sed,
1124 3263 1146 3325 sr
1167 3264 1274 3340 omnia,

90 3394 158 3453 qua
184 3374 215 3437 in
243 3376 391 3453 Scriptura
418 3376 507 3455 hujus
534 3376 648 3457 generis
677 3375 878 3453 reperiuntur,
897 3374 987 3437 client
1007 3374 1163 3438 necessario
1183 3392 1274 3437 meta·

89 3486 212 3565 phorice
244 3487 462 3565 interpretanda
493 3505 524 3551 et
556 3489 761 3569 intelligenda,
790 3504 854 3550 tum
883 3487 1031 3564 Scriptura
1062 3506 1122 3549 non
1143 3487 1222 3564 plebi
1243 3502 1274 3547 et

89 3598 156 3660 rudi
185 3599 294 3677 vulgo,
323 3599 373 3661 sed
403 3600 574 3676 peritissimis
606 3615 739 3677 tantum,
759 3615 790 3661 et
809 3598 932 3660 manime
962 3598 1147 3676 Philosophis
1167 3598 1274 3675 scripta

89 3708 170 3793 esset.
202 3709 361 3792 Quinimo,
381 3710 402 3771 s1
423 3711 544 3790 impium
566 3710 654 3788 esset,
674 3710 723 3789 pie
745 3727 775 3773 et
797 3710 979 3787 simplicitate
1001 3710 1087 3773 animi
1108 3711 1187 3785 baec,
1207 3726 1273 3787 quae

89 3823 181 3883 morlo
203 3820 372 3897 retulimus,
392 3824 428 3883 de
449 3824 516 3885 Deo
539 3826 671 3898 credere;
693 3824 826 3900 profesio
847 3820 970 3883 masinae
990 3838 1094 3883 cavere
1112 3820 1273 3884 debuissent

89 3932 265 4009 Propheta,
285 3933 384 3995 saltem
406 3950 528 4010 propter
549 3934 629 4013 vulgi
650 3932 894 4009 imbecillitatem,
914 3952 931 3994 a
952 3931 1089 3995 similibus
1108 3933 1277 4011 phrasibus,

91 4060 124 4106 et
144 4047 248 4107 contra
268 4045 324 4107 Dei
348 4046 509 4124 attributa,
530 4062 621 4124 prout
649 4045 847 4125 unusquisque
867 4048 967 4109 eadem
988 4044 1122 4122 ampleeli
1143 4061 1275 4127 tenetur,

124 4295 138 4321 ‘
172 4294 221 4357 Ed.
237 4296 511 4366 &omnisapientiam
544 4296 587 4361 cs,
602 4308 684 4363 putent
700 4294 751 4361 jam
768 4294 884 4362 proxima
900 4292 1032 4361 sententia,
