2934 4900
228 327 288 404 330
703 317 942 387 Tractatus

230 502 341 564 solebat
372 501 441 562 olim
473 500 603 562 nationis
633 499 826 577 antiquitates
857 499 974 562 Psalmis
1010 513 1138 562 cantate.
1175 494 1297 562 Summa
1331 494 1423 560 etiam

229 631 322 676 terum
342 632 359 675 a
379 611 494 674 Christo
522 611 663 691 gestatum
690 627 721 672 et
743 609 808 688 ejus
832 613 920 688 pallio
941 611 1036 673 statim
1055 630 1108 689 pet
1126 627 1226 674 totum
1245 615 1423 674 Romanum

229 724 385 802 Imperium
415 725 533 802 vulgata
564 721 631 784 fuit.
672 723 771 805 Quare
800 722 918 784 minime
938 725 1117 786 credendum
1136 724 1195 802 eli,
1214 722 1270 786 nifi
1293 726 1422 786 maxima

229 837 378 900 hominum
410 853 476 912 pars
505 835 536 896 in
567 853 604 898 eo
636 835 826 911 conveniret,
856 839 940 914 quod
969 835 1139 899 incredibile
1169 835 1227 912 eli,
1254 836 1310 912 id,
1341 839 1421 914 quod

230 949 329 1011 hatum
356 947 538 1010 historiarum
567 947 747 1023 precipuum
766 946 824 1024 est,
849 947 983 1025 polieros
1001 947 1084 1008 aliter
1102 945 1270 1025 tradidisse,
1293 967 1421 1025 quams

230 1061 329 1138 primis
360 1075 542 1137 acceperant.
573 1058 726 1141 Quicquid
755 1059 846 1138 igitur
871 1061 1064 1122 adulteratum
1091 1059 1133 1121 ell
1153 1075 1206 1121 aut
1225 1060 1421 1135 mendosum,

228 1175 260 1235 id
290 1189 404 1236 tantum
431 1172 462 1234 in
489 1171 607 1248 reliquis
629 1171 800 1250 contingere
821 1173 938 1248 potuit:
959 1172 1098 1236 videlicet
1119 1172 1150 1233 in
1170 1190 1231 1234 una
1252 1189 1311 1235 aut
1333 1176 1422 1234 altera

229 1285 363 1346 Historia
395 1301 446 1346 aut
475 1283 641 1360 Prophetis
671 1283 899 1361 circumstantia,
930 1300 966 1347 ut
994 1287 1125 1362 populus
1156 1289 1194 1348 ad
1214 1287 1421 1350 devotionem

229 1397 319 1476 magis
339 1409 590 1470 commovetettu;
610 1396 660 1460 vel
679 1394 709 1456 in
729 1415 792 1457 uno
812 1411 864 1458 aut
884 1397 977 1459 altero
998 1398 1155 1474 miraculo,
1173 1413 1208 1460 ut
1218 1397 1423 1474 philosophos

229 1525 418 1587 torquerent;
448 1509 498 1572 vel
524 1507 652 1586 denique
679 1507 709 1570 in
731 1510 819 1571 rebus
839 1507 1046 1587 speculativis,
1065 1509 1219 1588 postquam
1240 1530 1260 1572 a
1280 1510 1421 1572 schisma·

229 1623 298 1685 ticis
328 1623 358 1683 in
389 1619 575 1700 Religionem
607 1619 757 1682 introduci
787 1620 978 1699 inceperunt;
1008 1636 1043 1683 ut
1071 1620 1111 1683 lic
1140 1621 1353 1700 unusquisque
1374 1624 1423 1684 sua

228 1737 365 1815 figmenta
392 1731 573 1794 authoritate
599 1731 700 1795 divina
729 1733 881 1794 abutendo
908 1731 1117 1796 littuminaret.
1156 1734 1215 1794 Sed
1234 1737 1275 1795 ad
1296 1733 1422 1796 salutem

229 1865 328 1926 parum
348 1848 453 1922 refert,
479 1843 539 1909 five
559 1844 630 1906 talia
656 1847 816 1920 depravata
835 1843 892 1906 lint
911 1844 972 1910 live
992 1844 1103 1906 minus:
1124 1847 1207 1923 quod
1226 1845 1259 1906 in
1280 1845 1423 1924 sequenti

228 1961 301 2038 Cap.
321 1979 360 2022 ex
379 1957 508 2036 professo
536 1958 701 2035 ostendam,
728 1957 780 2019 etii
801 1975 839 2018 en
858 1957 919 2035 jam
939 1957 1042 2035 diliis,
1061 1973 1092 2019 et
1112 1957 1261 2034 precipue
1281 1939 1325 2018 ex
1346 1959 1423 2034 Cap.

227 2091 275 2151 m,
290 2071 350 2150 jam
371 2071 502 2133 constare
523 2085 608 2148 puto.

673 2281 853 2346 CAPUT
892 2281 974 2345 XIII.

231 2447 411 2529 ostenditur,
435 2449 619 2527 Scriptorum
639 2466 693 2506 non
712 2445 767 2525 nest
782 2446 981 2528 fimplicsfflma
999 2449 1112 2523 docere,
1131 2468 1181 2507 nec
1199 2447 1286 2508 aliud
1297 2461 1422 2527 prater

279 2560 463 2622 obedientiam
482 2560 646 2631 intendere‚·
666 2580 716 2619 nee
736 2559 770 2617 de
789 2560 894 2619 divina
912 2572 1023 2621 natum
1041 2560 1128 2620 aliud
1143 2561 1255 2636 docere,
1275 2580 1366 2637 quam

387 2674 463 2751 quod
479 2670 603 2733 homines
622 2684 702 2732 certa
722 2672 845 2731 vivendi
864 2674 978 2731 ratione
997 2674 1114 2731 inritati
1128 2670 1249 2750 poffunt.

268 2842 303 2903 ln
324 2840 398 2916 Cap.
417 2858 446 2902 s.
474 2840 563 2917 hujus
582 2842 739 2904 Tradetur
760 2840 954 2918 ostendimus,
974 2840 1138 2917 Prophetas
1157 2840 1327 2921 singularem
1347 2856 1419 2903 tan·
1450 2870 1452 2927 ι

228 2968 290 3016 tum
311 2951 475 3027 potentiam
503 2951 695 3030 imaginandi,
723 2951 855 3016 sednon
882 2952 1064 3031 intelligendi
1091 2952 1237 3029 habuisse,
1257 2953 1419 3029 Deumque
1450 2946 1452 2955 ¹

229 3064 306 3126 nulla
333 3063 526 3141 philosophie
554 3082 672 3141 ateana,
701 3064 752 3127 sed
771 3084 818 3127 tes
838 3064 1050 3142 sempliciffimas
1070 3079 1185 3127 tantum
1206 3063 1305 3127 iisdem
1328 3083 1418 3127 teve·

227 3175 346 3251 lavisse,
377 3174 495 3253 seseque
526 3194 626 3239 eorum
664 3176 879 3253 preconceptis
913 3176 1107 3254 opinionibus
1142 3176 1416 3240 accommodavisse.

228 3285 413 3350 Ostendimus
440 3287 546 3349 deinde
573 3288 603 3349 in
632 3286 705 3365 Cap.
734 3301 779 3366 5.,
806 3288 984 3366 scripturam
1004 3308 1051 3352 res
1071 3307 1109 3351 eo
1135 3292 1226 3353 modo
1246 3292 1362 3353 tradere
1381 3308 1415 3351 et

228 3403 351 3477 docere,
380 3417 442 3476 quo
470 3399 604 3462 facillime
635 3403 671 3463 ab
703 3419 887 3480 unoquoque
918 3401 1030 3479 percipi
1060 3402 1195 3480 possunt;
1214 3421 1282 3479 quse
1301 3402 1413 3465 scilicet

227 3530 288 3573 non
320 3530 358 3574 ex
387 3510 543 3573 axiomatis
573 3527 604 3573 et
634 3512 858 3575 delinitionibus
885 3531 931 3576 res
957 3513 1078 3577 deducit
1098 3530 1130 3576 et
1148 3528 1344 3591 concatenat,
1363 3515 1412 3576 sed

227 3638 341 3684 tantum
370 3622 536 3699 stmplicitet
567 3622 656 3699 dicit,
688 3640 718 3685 et
749 3626 788 3685 ad
817 3625 903 3686 fidem
933 3624 1095 3687 faciendam
1126 3624 1188 3686 sola
1214 3624 1412 3702 expedenda,

227 3733 371 3796 miraculis
401 3733 511 3795 scilicet
542 3750 573 3796 et
604 3734 748 3811 historiis,
779 3734 856 3799 disis
886 3736 1054 3813 confirmat,
1085 3754 1212 3814 quaque
1242 3736 1329 3799 etiam
1360 3738 1413 3799 tali

227 3845 303 3925 stylo
324 3860 354 3907 et
375 3845 524 3921 phrasibus
557 3862 723 3924 manantur,
745 3846 854 3925 quibus
873 3848 998 3909 maxime
1017 3848 1112 3925 plebis
1141 3848 1254 3914 animus
1280 3867 1410 3911 commo·

227 3956 290 4019 veri
310 3957 425 4033 potest:
447 3977 505 4035 qua
526 3960 562 4021 de
584 3976 613 4021 re
635 3959 705 4023 vide
726 3959 801 4035 Cap.
820 3962 851 4021 6.
871 3959 947 4021 circa
968 3978 1019 4034 ea,
1039 3977 1106 4037 que
1125 3961 1195 4021 loco
1215 3961 1268 4022 111.
1287 3962 1410 4022 demon-

226 4069 359 4131 strantur.
389 4069 575 4133 Ostendimus
604 4070 731 4149 denique
762 4071 793 4133 in
823 4070 898 4147 Cap.
930 4086 976 4148 7.,
1005 4071 1207 4135 difficultatem
1228 4074 1409 4153 intelligendi

226 4178 402 4256 scripturam
423 4180 453 4243 in
474 4181 535 4243 sola
555 4182 670 4261 lingua,
692 4199 722 4245 et
743 4201 805 4245 non
825 4184 856 4245 in
874 4182 1052 4247 sublimitate
1072 4186 1234 4264 argumenti
1253 4185 1405 4249 sitametse.

226 4290 281 4351 His
313 4291 441 4366 accedit,
473 4295 555 4369 quod
585 4294 742 4370 Prophetae
777 4312 839 4357 non
869 4294 990 4371 peritis,
1027 4295 1078 4357 sed
1107 4296 1245 4358 omnibus
1274 4296 1404 4361 absolute
