2934 4900
541 341 597 404 De
627 342 781 406 Mente.
1213 341 1251 419 83

59 517 130 578 ideo
156 515 278 595 afftiios
305 516 509 596 confidentur,
538 517 619 594 cunin
645 521 731 579 etiam
751 519 832 580 Deus
851 518 889 597 est
909 519 1014 596 causa,
1034 530 1174 596 quatenus
1193 519 1257 579 alid

60 629 158 691 tenid
177 629 299 708 affoflus
319 631 375 710 est,
394 643 423 691 er
438 631 480 710 fic
499 635 531 691 r'n
552 633 710 712 Infinitum.

469 777 862 823 nnnonsrnnrro.

106 859 178 920 Idea
199 857 240 920 rei
261 857 427 938 singularis,
446 861 512 921 aiio
532 857 698 934 existentis,
720 859 825 920 modus
845 855 995 935 singularis
1024 855 1174 937 cogitandi
1196 857 1254 935 est,

67 987 98 1032 ct
119 990 136 1030 t
157 971 279 1048 reliquie
300 969 450 1032 distiniius
472 969 545 1050 (per
567 969 670 1030 Coroll.
688 983 716 1030 er
733 967 825 1030 Schol.
842 969 932 1048 Prop.
944 966 1100 1049 8.)iujus);
1121 971 1254 1046 adeoque

66 1083 143 1162 (per
171 1085 262 1163 Prop.
282 1083 312 1144 6.
333 1081 434 1162 hujus)
461 1083 574 1158 Deum,
602 1096 749 1159 quatenus
770 1081 811 1143 est
830 1096 945 1142 tantum
964 1098 1011 1142 ree
1029 1080 1180 1160 cogitant,
1200 1099 1254 1158 pro

67 1193 154 1256 causa
174 1195 274 1256 habet.
295 1195 338 1256 At
360 1211 421 1256 non
441 1194 514 1274 (per
534 1196 623 1274 Prop.
644 1195 694 1256 28.
710 1206 744 1274 p.
766 1195 806 1274 1.)
828 1209 976 1271 quatenus
996 1193 1037 1254 est
1056 1211 1103 1254 rer
1122 1191 1254 1254 absolute

67 1307 224 1386 cogitans,
244 1306 294 1368 sed
314 1322 460 1384 quatenus
480 1307 537 1369 alio
560 1305 710 1387 cogitandi
741 1309 831 1367 modo
852 1305 973 1369 affectus
993 1305 1204 1381 confidentem
1225 1319 1256 1366 et

68 1418 158 1496 huius
187 1419 274 1481 etiam
299 1421 381 1481 Deus
408 1418 449 1480 est
476 1419 560 1482 causo
580 1421 612 1495 *,
642 1432 788 1496 quatenus
816 1417 874 1478 alio
895 1417 1017 1480 affectus
1037 1417 1094 1494 est,
1115 1430 1145 1477 et
1165 1415 1203 1476 stc
1223 1414 1254 1476 in

67 1529 227 1592 infinitum.
267 1531 364 1608 Atqui
390 1533 464 1592 ordo
491 1547 522 1592 et
550 1529 698 1592 connexio
727 1529 856 1591 idearum
885 1528 960 1609 (per
987 1531 1076 1608 Prop.
1098 1544 1126 1604 7.
1153 1525 1254 1606 nujus)

66 1644 145 1706 idem
168 1645 210 1705 est
230 1663 264 1706 tc
285 1647 358 1706 ordo
379 1661 410 1706 et
430 1645 577 1708 connexio
600 1644 765 1720 causarum
796 1659 866 1722 ergo
888 1642 976 1704 unius
1004 1641 1151 1721 singularis
1181 1641 1255 1703 ideae

67 1756 122 1818 ulia
152 1755 238 1832 idea,
264 1755 324 1820 sive
350 1758 449 1833 Deus,
477 1772 624 1835 quatenus
652 1756 707 1817 alii
735 1756 802 1818 idei
829 1754 951 1818 effecius
978 1752 1191 1828 consideratur,
1215 1752 1256 1813 est

66 1867 172 1942 causa,
191 1883 223 1929 et
243 1867 330 1946 hujus
350 1868 454 1946 etiam,
476 1884 622 1946 quatenus
643 1867 699 1930 alii
720 1867 842 1930 effecius
864 1865 922 1944 est,
944 1881 974 1927 et
994 1863 1033 1928 iic
1053 1864 1084 1926 in
1101 1863 1255 1926 infinitum.

94 1979 226 2040 .E.D.

67 1981 93 2056 Q
483 2077 848 2122 cononnnnruu.

106 2153 260 2236 Quicquid
289 2153 320 2216 in
351 2153 484 2236 singulari
516 2155 717 2234 cujuscunque
749 2155 821 2216 ideae
852 2153 969 2232 objeiio
999 2152 1162 2232 contingit,
1190 2151 1254 2230 ejus

65 2271 155 2328 datur
174 2267 205 2328 in
225 2267 292 2328 Deo
309 2268 457 2347 cognitio,
475 2283 620 2346 quatenus
639 2283 752 2330 tantum
771 2267 898 2345 ejusdem
916 2265 1025 2344 objet'ti
1043 2267 1135 2329 ideam
1153 2268 1252 2329 habet.

464 2414 860 2461 Dnuonsrnnrlo.

105 2491 259 2577 Quicquid
289 2493 319 2553 in
351 2492 467 2570 objecto
499 2493 697 2573 cujuscunque
729 2492 801 2555 ideae
833 2490 997 2573 contingit,
1024 2492 1089 2570 ejus
1116 2493 1253 2555 daturin

67 2604 135 2663 Deo
157 2602 222 2665 idea
241 2602 314 2685 (per
333 2604 422 2685 Prop.
444 2623 472 2683 3.
493 2604 610 2687 hujus),
632 2625 692 2668 non
713 2620 860 2683 quatenus
879 2604 1011 2666 infinitus
1032 2604 1089 2681 esi,
1109 2603 1159 2667 sed
1178 2623 1251 2683 qua·

65 2732 154 2775 tenue
175 2712 230 2773 alin
250 2714 290 2775 rei
311 2714 458 2795 singularis
478 2716 544 2779 idea
564 2701 684 2785 effecius
706 2716 1247 2799 consideratur(perpraeced.Prop.);

64 2828 112 2888 sed
143 2826 218 2909 (per
242 2828 331 2906 Prop.
359 2844 387 2903 7.
420 2828 520 2911 hujus)
553 2832 627 2892 ordo
655 2846 685 2892 ct
712 2831 862 2893 connexio
889 2830 1017 2894 idearum
1046 2832 1122 2895 idem
1150 2830 1192 2892 est
1219 2850 1252 2891 ac

64 2942 139 3001 ordo
168 2954 200 3000 et
227 2938 375 3002 connexio
403 2960 512 3019 rerum3
542 2943 598 3006 erit
618 2962 688 3025 ergo
708 2945 842 3024 cognitio
864 2941 944 3021 ejus,
964 2946 1047 3020 quod
1067 2944 1097 3003 in
1119 2941 1251 3022 singulari

63 3052 167 3129 aliquo
198 3050 317 3129 objecto
345 3054 509 3135 contingit,
537 3054 568 3117 in
589 3056 672 3135 Deo,
693 3072 841 3135 quotenus
860 3070 975 3119 tontum
995 3052 1123 3132 ejusdem
1145 3053 1253 3131 objetii

62 3161 152 3222 habet
173 3159 276 3223 ideam.
321 3162 357 3241 Q.
377 3162 414 3224 E.
435 3165 475 3226 D.

462 3304 791 3367 PROPOSITIO
821 3305 859 3366 X.

103 3395 158 3458 Ar
182 3397 325 3476 effutiam
352 3396 473 3459 hominis
500 3420 555 3461 non
578 3405 709 3481 pertinet
735 3402 787 3481 effe
806 3402 995 3481 substantia,
1010 3401 1072 3481 five
1086 3402 1252 3483 substantia

65 3508 198 3584 sormam
220 3508 341 3570 nominis
360 3530 415 3572 non
434 3512 587 3592 constituit.

463 3658 857 3705 ounonsruncro

100 3733 167 3795 Esse
190 3734 266 3795 enirn
288 3735 451 3798 substantio
473 3736 600 3801 involvit
622 3736 802 3799 necessariam
825 3737 1005 3800 existentiam
1027 3738 1101 3817 (per
1119 3740 1209 3816 Prop.
1221 3753 1249 3813 7.

57 3868 88 3924 p.
112 3848 166 3928 1.).
207 3845 239 3907 si
266 3846 356 3926 igitur
376 3852 412 3909 ad
433 3849 560 3911 hominis
589 3849 735 3911 essentiam
756 3850 885 3926 pertinet
906 3850 960 3912 esse
981 3850 1161 3926 substantiae,
1180 3853 1249 3912 dati

61 3979 131 4040 ergo
164 3959 324 4021 substantii
355 3962 473 4023 darettu
503 3962 659 4025 necessario
690 3962 781 4023 homo
814 3962 887 4045 (per
905 3963 1004 4043 Defin.
1025 3980 1054 4027 α.
1074 3962 1191 4043 husus),
1219 3978 1249 4023 et

61 4071 279 4148 consequenter
297 4071 388 4133 homo
409 4070 565 4135 necessario
587 4072 740 4152 existeret,
761 4076 845 4151 quod
866 4072 938 4153 (per
958 4072 1019 4135 Ax.
1042 4090 1068 4134 1.
1088 4071 1189 4152 liujus)
1207 4072 1249 4133 est

61 4183 229 4247 absurdum.
247 4184 329 4263 Ergo
350 4199 407 4247 etc.
451 4186 485 4263 Q.
507 4186 544 4247 E.
566 4188 606 4247 D.

94 4356 107 4385 ¹
143 4354 221 4405 Vere.
236 4352 306 4419 ung.
321 4377 357 4391 -
374 4352 422 4403 uo.
438 4352 495 4403 ΡΜ
514 4360 541 4401 et
559 4351 634 4417 injus
651 4350 746 4413 eriam,
762 4360 895 4417 quatenus.
