2934 4900
210 377 231 439 4
617 356 672 419 De
713 353 983 419 Intellectus

209 534 289 595 hitur
315 552 411 609 ruens,
444 531 601 610 presertim
628 532 680 595 ubi
711 530 722 573 ¹
752 533 797 593 ite
825 551 886 594 non
914 531 965 594 nisi
993 550 1115 611 propter
1141 532 1172 595 se
1202 549 1390 611 queruntur,

210 644 278 721 quia
308 660 370 707 tum
402 644 608 721 supponuntur
637 643 777 707 summum
807 642 863 705 effe
893 645 1020 719 bonum
1051 646 1164 706 honore
1194 663 1268 708 vero
1295 647 1391 707 multo

209 757 316 818 adhoc'
332 757 422 835 magis
449 774 530 817 mens
557 754 738 817 distrahitur:
766 756 944 832 supponitur
970 756 1047 817 enim
1074 756 1185 833 semper
1204 758 1315 819 bonum
1337 755 1394 819 eri'e

209 885 262 944 per
280 865 326 943 se,
347 881 377 929 et
397 882 536 944 tanquam
556 866 622 928 finis
642 866 780 943 ultimus,
800 869 836 928 ad
857 886 944 944 quem
964 867 1062 929 omnia
1082 867 1256 947 diriguntur.
1275 867 1396 929 Deinde

209 978 238 1039 in
260 978 305 1040 hir
325 998 385 1040 non
406 982 509 1054 datur,
528 978 601 1040 srcut
619 954 651 1040 in
671 978 811 1055 libidine,
832 979 1023 1057 punitentia
1044 980 1094 1042 sed
1114 999 1177 1058 quo
1197 982 1263 1057 plur
1285 979 1395 1043 utrius·

210 1108 267 1167 que
292 1092 465 1166 possidetur,
491 1108 528 1153 eo
557 1092 647 1171 magis
674 1108 799 1171 augetur
822 1092 942 1168 laetitin;
963 1107 994 1153 et
1014 1091 1228 1170 consequenter
1247 1092 1337 1171 mnqir
1360 1112 1396 1153 ac

209 1202 299 1281 magis
324 1202 480 1264 incitamur
510 1206 546 1265 ad
574 1218 729 1282 utrumque
760 1206 938 1284 augendum:
969 1204 990 1265 sr
1021 1218 1119 1265 autem
1149 1203 1200 1280 spe
1230 1204 1260 1264 in
1291 1203 1397 1281 aliquo

208 1313 276 1376 casu
296 1314 471 1389 frustremur,
490 1331 552 1377 trun
574 1314 679 1377 summa
701 1316 796 1377 oritur
815 1316 941 1378 tristitia.
961 1316 1012 1377 Est
1032 1316 1159 1394 denique
1177 1316 1396 1395 honormagno

209 1425 435 1502 impedimento,
466 1444 502 1487 eo
534 1430 632 1504 quod,
664 1442 697 1489 ut
729 1427 821 1503 ipsum
852 1426 1045 1505 assequamur,
1077 1427 1139 1491 vita
1169 1426 1324 1489 necessario
1357 1432 1399 1491 ad

208 1554 326 1615 caprum
348 1538 496 1601 hominurn
519 1540 559 1600 est
580 1539 746 1619 dirigenda,
767 1540 910 1619 fugiendo
925 1539 1051 1617 scilicet,
1062 1544 1144 1619 quod
1156 1543 1246 1620 vulgo
1257 1542 1398 1619 fugiunt,

208 1665 239 1712 et
260 1654 436 1727 quaerendo,
456 1654 538 1728 quod
559 1652 649 1731 vulgo
672 1667 806 1728 quaerunr
827 1651 968 1713 homines.

248 1762 323 1825 Cum
343 1762 444 1841 itaque
466 1762 611 1838 viderem,
631 1764 693 1825 haec
714 1763 813 1825 omnia
833 1766 908 1826 odeo
930 1764 1058 1840 obstare,
1076 1784 1137 1842 quo
1158 1765 1253 1828 minor
1273 1784 1395 1843 operam

208 1893 291 1937 novo
312 1874 398 1939 alicui
419 1875 554 1937 instituto
576 1878 686 1950 darem3
709 1874 769 1937 imo
790 1878 865 1937 odeo
887 1874 943 1936 esse
963 1876 1119 1953 opposita,
1139 1892 1173 1939 ut
1194 1880 1231 1939 eb
1254 1896 1317 1940 uno
1340 1895 1396 1940 aut

207 1988 299 2049 tltero
331 1986 486 2049 neceffario
517 1986 587 2048 esset
618 1986 841 2061 abstinendum,
870 1992 997 2067 cogebar
1027 1988 1191 2065 inquirere,
1219 1989 1293 2067 quid
1323 1989 1398 2051 milri

209 2096 278 2159 esset
308 2097 425 2173 utiliut;
453 2116 574 2175 nempe,
604 2114 637 2159 ut
665 2098 744 2174 diri,
769 2097 891 2161 videbar
917 2101 1028 2161 bonum
1055 2071 1168 2161 certum
1196 2118 1250 2176 pro
1277 2100 1396 2163 incerto

209 2208 340 2271 emittere
372 2210 457 2271 velle.
497 2211 555 2271 Sed
585 2210 738 2287 postquam
769 2209 982 2288 aliquantulum
1013 2210 1081 2273 huic
1112 2211 1154 2273 rei
1183 2210 1397 2287 incubuertm,

211 2319 311 2383 inveni
338 2320 446 2397 primo,
470 2320 507 2395 fi,
535 2320 613 2382 hisce
640 2322 759 2395 omissis,
779 2324 815 2383 ad
837 2338 948 2383 novum
964 2321 1129 2384 institutum
1149 2322 1327 2402 accingerer,
1347 2342 1397 2384 me

209 2435 320 2496 bonurn
347 2431 397 2495 sua
425 2449 526 2496 natura
554 2432 713 2508 incertum,
741 2451 776 2496 ut
800 2435 875 2496 clare
903 2453 941 2496 er
966 2432 1051 2498 diiiis
1071 2433 1220 2511 possumus
1238 2434 1398 2515 colligere,

210 2543 373 2606 omissurum
395 2562 449 2622 pro
469 2544 601 2620 incerto,
628 2563 688 2606 non
709 2545 827 2622 quidem
847 2545 897 2608 sua
917 2562 1020 2608 natura
1048 2547 1152 2624 (fixum
1179 2546 1255 2608 enim
1280 2549 1396 2608 bonum

211 2658 405 2736 querebam),
431 2655 481 2718 sed
509 2672 623 2718 tantum
652 2660 752 2734 quoad
773 2657 862 2733 ipsius
882 2657 1130 2720 consecutionem.
1157 2659 1275 2719 Aiiidua
1295 2673 1397 2719 eutem

210 2767 401 2829 meditatione
422 2785 459 2828 eo
479 2767 619 2844 perveni,
636 2782 669 2829 ut
686 2767 833 2842 viderem,
853 2771 935 2844 quod
956 2783 1038 2843 tum,
1054 2771 1144 2830 modo
1163 2767 1396 2845 possem*peni-

210 2895 259 2942 rur
280 2879 453 2957 deliberare,
472 2881 546 2940 malt
566 2893 645 2940 certa
665 2897 721 2956 pro
742 2883 824 2942 bono
845 2895 929 2941 certo
949 2879 1124 2942 omitterem.
1151 2879 1295 2941 Videbam
1316 2879 1397 2942 enirn

209 3009 255 3052 me
282 2990 311 3051 in
340 2989 450 3052 summo
477 2990 583 3054 versari
604 2991 755 3066 periculo,
775 3006 806 3051 et
827 3009 873 3052 me
892 2990 978 3069 cogi,
998 2991 1172 3065 remedium,
1193 2990 1328 3067 quumvis
1348 2990 1395 3052 in·

208 3119 334 3175 certum,
355 3101 470 3164 summis
491 3102 604 3166 viribus
625 3121 768 3180 quererc;
790 3102 885 3166 veluti
905 3120 979 3182 aeqer
1001 3102 1102 3164 lethali
1122 3104 1226 3164 morbo
1245 3103 1396 3177 laborans,

208 3213 259 3292 qui
290 3213 341 3276 ubi
372 3228 493 3276 mortem
525 3229 631 3275 certam
663 3212 806 3290 praevidet
845 3213 876 3274 rri
905 3213 1078 3276 adiribeetur
1104 3213 1284 3289 remedium,
1320 3212 1396 3275 iliud

207 3326 314 3404 ipsum,
345 3325 478 3403 quamvis
505 3324 664 3400 incertum,
692 3325 808 3388 summis
828 3325 941 3388 viribur
962 3325 1079 3404 cogitur
1118 3342 1267 3402 querere,
1287 3342 1396 3401 nempe

207 3437 237 3499 in
258 3455 295 3500 eo
317 3452 382 3499 tota
404 3437 468 3514 ejus
488 3436 553 3514 spec
574 3437 615 3498 est
636 3436 701 3512 srta;
723 3437 771 3498 illa
793 3451 890 3498 autem
911 3435 1022 3511 omnia,
1043 3421 1109 3513 quae
1128 3436 1234 3514 vulgus
1251 3434 1397 3512 sequitur,

206 3567 267 3611 non
284 3565 398 3612 tantum
414 3550 523 3612 nulium
542 3550 699 3611 conferunt
719 3532 876 3612 remedium
894 3551 932 3610 ed
942 3547 1069 3610 nostrum
1079 3545 1135 3608 eise
1146 3547 1395 3621 conservandum,

205 3661 255 3724 sed
276 3661 362 3722 eriam
382 3661 414 3724 id
434 3660 617 3738 impediunt,
636 3676 666 3720 er
686 3661 854 3737 frequenter
870 3660 936 3722 sunt
955 3659 1039 3722 causa
1056 3659 1195 3722 interitus
1211 3677 1328 3734 eorum,
1340 3661 1393 3738 qui

205 3793 239 3836 ea
256 3775 414 3852 possident,
428 3777 440 3814 ²
454 3787 486 3834 et
502 3772 615 3849 semper
633 3770 717 3832 causa
736 3771 873 3834 interitus
890 3789 1007 3847 eorum,
1024 3771 1076 3849 qui
1093 3773 1131 3832 ab
1149 3772 1189 3834 iir¹
1203 3773 1393 3849 poffidentut.

241 3947 248 3971 ¹
287 3939 424 3992 nocuissent
446 3941 499 3991 nec
522 3939 595 3991 latim
619 3953 645 3991 et
677 3937 817 3990 distinstiur
843 3939 978 4004 explicari,
1003 3938 1179 4007 distinguendo
1205 3937 1299 3991 scilicet
1325 3939 1393 3993 divi·

203 4023 264 4086 ties,
290 4039 346 4087 qure
372 4036 520 4087 queruntur
536 4024 578 4074 vei
598 4035 703 4087 propter
720 4020 764 4085 se,
782 4022 824 4073 vei
842 4036 948 4088 propter
966 4024 1107 4084 honorem,
1124 4023 1167 4075 ves
1184 4035 1291 4087 propter
1306 4023 1391 4075 sibidi-

202 4121 275 4169 nem,
298 4106 341 4158 vel
365 4119 471 4170 propter
493 4105 683 4168 valetudinem,
705 4117 731 4156 et
754 4119 917 4172 augmentum
940 4104 1097 4156 scientiarum
1114 4118 1142 4157 et
1157 4106 1264 4168 ertium3
1280 4105 1323 4157 sed
1341 4109 1391 4160 hoc

200 4190 231 4240 ed
250 4188 319 4242 suurn
337 4189 421 4240 iocum
438 4188 589 4252 reservatur,
606 4187 664 4253 quir
683 4187 759 4252 hujus
773 4189 824 4240 ioci
838 4203 889 4240 non
905 4188 955 4251 est,
969 4191 1021 4240 hec
1037 4189 1101 4240 rdeo
1117 4201 1231 4240 eccrrrete
1253 4188 1391 4252 inquirere.

234 4275 246 4304 ¹
284 4272 374 4323 Verrio
391 4272 461 4338 Beip.
479 4300 508 4310 -
528 4273 576 4324 lid.
593 4271 726 4337 Princeps:
744 4272 838 4339 poffirr.

236 4361 244 4385 ’
284 4355 344 4404 Herc
360 4353 501 4406 accuratius
518 4351 575 4406 sunt
591 4353 792 4406 demonstranda.
