2934 4900
347 317 851 408 'theologico-Pontici
891 317 1051 404 Capilli.
1230 335 1289 406 525

96 503 263 577 diceretur,
292 499 448 578 templum,
475 503 556 579 quod
578 517 640 563 tum
661 499 802 578 temporis
822 501 963 578 templum
983 501 1040 562 Dei
1062 499 1149 577 esset,
1170 503 1290 564 flammis

97 613 223 691 periisse.
265 615 355 696 Quod
384 613 444 689 ipse
472 612 609 693 Jeremias
631 615 646 648 *
675 613 762 674 etiam
792 615 828 674 de
848 611 910 689 ipsa
930 613 1010 692 Lege
1031 614 1085 676 ait:
1107 614 1144 676 src
1165 634 1289 692 namque

96 728 208 805 impios
237 727 279 788 sui
310 726 450 804 temporis
477 727 625 804 increpat,
654 743 756 801 nnnrn
791 743 885 801 narnate
917 743 1027 802 ononi
1060 743 1168 804 rnonn
1199 746 1287 804 narn

98 861 228 920 orioro
257 861 334 939 npu
362 861 410 924 tarr
437 860 514 922 nur
536 833 634 938 apul
655 831 725 918 ulra
755 857 832 918 unte
854 857 932 918 mro
963 864 1022 922 qua
1042 849 1154 906 ratane
1174 847 1289 924 raras,

97 965 194 1042 periti
213 964 333 1041 sumus,
360 977 389 1022 et
414 963 461 1022 lex
487 963 546 1024 Dei
571 962 713 1039 nobiscum
733 961 797 1040 est?
816 975 892 1023 certe
904 960 1025 1041 frustra
1044 964 1190 1022 adornata
1202 961 1288 1040 fuit,·

99 1077 228 1136 calamus
253 1075 423 1152 scribarum
443 1073 564 1154 frustra
590 1076 684 1136 salius
712 1075 770 1150 est;
796 1076 854 1136 hoc
886 1075 944 1150 est,
975 1075 1047 1136 falso
1079 1074 1194 1152 dicitis,
1216 1093 1289 1150 vos,

99 1185 153 1246 etsr
174 1186 322 1262 Scriptura
343 1205 432 1262 penes
454 1203 509 1249 vos
531 1186 587 1261 est,
607 1187 699 1266 legem
721 1186 778 1247 Dei
798 1187 921 1262 habere,
942 1185 1094 1262 postquam
1115 1185 1205 1262 ipsam
1225 1185 1287 1246 irri-

99 1315 160 1359 tam
181 1297 298 1360 fecistis.
327 1298 373 1360 Sic
396 1299 500 1374 etiam,
521 1317 586 1360 curn
608 1299 709 1360 Moses
731 1298 836 1374 primas
857 1299 971 1361 tabulas
992 1298 1095 1376 fregit,
1110 1298 1157 1358 ille
1172 1298 1287 1360 minime

99 1412 222 1474 verbum
242 1411 299 1472 Dei
320 1429 378 1487 prae
400 1411 441 1471 ira
462 1429 478 1471 e
499 1411 632 1472 manibus
653 1410 741 1487 ejecit
762 1426 852 1487 atque
874 1410 960 1490 fregit
982 1410 1063 1487 (nam
1084 1409 1230 1486 quiahoc
1250 1413 1286 1472 de

99 1523 188 1584 Mose
210 1539 240 1584 et
260 1524 353 1586 verbo
374 1523 432 1584 Dei
452 1523 587 1599 suspicari
608 1521 735 1602 pollet),
756 1521 807 1584 sed
828 1537 941 1583 tantum
962 1523 1092 1598 lapides,
1113 1522 1165 1600 qui
1186 1541 1287 1600 quam·

100 1636 149 1699 vis
170 1653 255 1698 antea
276 1637 346 1698 sacri
369 1635 477 1712 esent,
499 1636 568 1713 quia
588 1636 624 1696 iis
645 1635 814 1713 inscriptum
836 1651 897 1698 erat
917 1636 1031 1712 sudus,
1049 1635 1101 1698 sub
1120 1636 1287 1716 qquudaei

99 1751 169 1810 Deo
198 1748 317 1812 obedire
346 1749 375 1810 se
403 1749 622 1827 obligaverant,
642 1763 757 1824 tamen,
779 1747 847 1824 quia
868 1747 968 1823 postea
990 1747 1115 1810 vitulum
1136 1750 1286 1810 adorando

99 1863 217 1936 padum
246 1861 317 1922 illud
345 1859 456 1922 irritum
484 1861 630 1936 fecerant,
658 1859 767 1921 nullius
787 1858 905 1936 prorsus
924 1876 988 1920 tum
1007 1874 1089 1921 erant
1110 1859 1287 1936 sanditati33

100 1987 133 2033 et
154 1975 254 2035 eadem
275 1973 361 2035 etiam
383 1977 419 2036 de
440 1972 524 2034 causa
545 1972 679 2036 secundae
700 1991 767 2034 cum
788 1990 853 2034 arca
875 1973 968 2050 perire
1000 1989 1173 2051 potuerunt.
1212 1977 1285 2036 Non

100 2085 202 2162 itaque
224 2085 341 2164 mirum,
362 2085 382 2147 li
400 2085 460 2163 jam
482 2087 568 2148 etiam
590 2086 680 2162 prima
702 2087 854 2165 originalia
872 2086 965 2148 Molis
982 2105 1042 2149 non
1061 2103 1177 2165 extent,
1188 2105 1285 2164 neque

100 2201 185 2274 quod
205 2217 255 2274 ea,
276 2217 341 2275 quae
363 2197 393 2259 in
414 2198 612 2275 superioribus
633 2199 776 2279 diximus,
798 2198 893 2275 libris,
915 2217 992 2276 quos
1012 2199 1166 2276 habemus,
1188 2200 1285 2261 conti·

100 2310 212 2388 gerint,
241 2313 359 2388 quando
388 2331 488 2374 verum
517 2312 656 2392 originale
677 2312 797 2374 foederis
818 2312 929 2389 divini,
951 2328 981 2374 et
1003 2313 1132 2374 omnium
1153 2312 1284 2375 sanstissi-

100 2443 193 2501 mum,
215 2425 347 2487 totaliter
367 2425 460 2503 perire
481 2426 621 2504 potuerit.
643 2426 783 2489 Desinant
804 2445 873 2505 ergo
895 2445 951 2489 nos
971 2424 1131 2504 impietatis
1142 2427 1286 2504 accusare,

100 2539 155 2616 qui
174 2540 246 2601 nihil
266 2543 500 2605 contraverbum
520 2541 577 2603 Dei
597 2542 691 2605 locuti
713 2542 824 2619 sumus,
836 2560 890 2603 nec
910 2541 987 2603 idem
1008 2540 1285 2619 contaminavimus;

101 2650 152 2712 sed
179 2651 266 2728 iram,
291 2651 312 2712 st
340 2672 425 2730 quam
443 2653 547 2730 jastam
568 2654 674 2715 habere
695 2656 819 2730 pollint,
840 2653 871 2714 in
892 2652 1032 2729 antiquos
1053 2668 1188 2728 vertant,
1208 2672 1283 2730 quo·

100 2782 164 2825 rum
185 2765 293 2825 malitia
313 2766 371 2826 Dei
392 2785 501 2841 arcam,
522 2769 678 2843 templum,
699 2768 811 2845 legem,
831 2781 861 2827 et
883 2765 979 2827 omnia
999 2765 1078 2827 sacra
1098 2766 1285 2841 profanavit,

102 2892 133 2936 et
165 2878 347 2954 corruptioni
378 2878 511 2955 subjecit.
552 2879 685 2954 Deinde,
713 2879 914 2941 srsecundum
945 2878 1016 2940 illud
1046 2878 1183 2954 Apostoli
1203 2879 1233 2939 in
1254 2898 1284 2939 2.

100 2987 193 3063 Epist.
215 2992 251 3051 ad
272 2990 406 3053 Corinth.
428 3009 492 3067 cap.
514 3009 541 3069 3.
564 2992 636 3055 vers.
659 3010 686 3067 3.
721 2990 778 3051 Dei
799 2990 957 3067 Epistolam
979 2990 1008 3050 in
1030 2990 1059 3050 se
1080 2991 1202 3067 habent,
1223 3009 1284 3051 non

102 3116 265 3163 atramento
294 3104 343 3165 sed
370 3104 426 3166 Dei
454 3104 583 3182 Spiritu,
610 3122 705 3181 neque
728 3102 758 3163 in
779 3103 891 3165 tabulis
911 3101 1034 3178 lapideis
1056 3102 1105 3164 sed
1126 3103 1156 3163 in
1176 3102 1285 3165 tabulis

102 3214 213 3275 carneis
241 3216 337 3277 cordis
364 3215 516 3294 scriptam,
542 3217 674 3279 desinant
704 3216 816 3278 literam
840 3218 959 3278 adorare
980 3231 1010 3277 tt
1031 3218 1068 3277 de
1089 3217 1189 3277 eadem
1209 3219 1284 3278 adeo

102 3324 158 3385 else
180 3326 306 3387 solliciti.

143 3439 198 3499 His
228 3455 303 3515 puto
334 3458 378 3501 me
409 3441 477 3502 satis
507 3442 693 3519 explicuisse,
724 3461 783 3519 qua
813 3441 927 3504 rarione
965 3442 1113 3517 Scriptura
1145 3461 1225 3503 sacra
1253 3458 1285 3505 et

108 3548 207 3613 divina
238 3552 369 3613 habenda
401 3551 445 3613 srt.
477 3553 645 3615 Videndum
674 3554 733 3631 jann
755 3555 812 3630 est,
834 3554 906 3632 quid
926 3553 1044 3632 proprie
1064 3554 1285 3633 intelligendum

102 3660 137 3723 lit
164 3682 217 3739 per
247 3682 411 3739 mni-125
445 3666 535 3727 debat
555 3666 665 3736 Jelrova
695 3666 842 3745 (Verbum
862 3666 1030 3747 Deip-m
1051 3666 1147 3727 dabar
1166 3667 1284 3744 quidem

101 3776 242 3857 fignificat
261 3782 394 3859 verbum,
414 3786 585 3858 orationem,
606 3782 741 3857 adratum,
762 3796 792 3843 et
814 3801 882 3843 rem.
903 3782 1020 3865 Quibus
1040 3797 1136 3844 autem
1157 3785 1194 3843 de
1215 3800 1284 3843 cau·

102 3888 138 3949 srs
168 3908 213 3951 res
243 3892 339 3969 aliqua
371 3894 514 3955 Hebraice
546 3894 654 3956 dicitur
680 3894 738 3956 Dei
768 3893 841 3972 elle,
872 3911 902 3956 et
924 3897 960 3957 ad
980 3895 1075 3956 Deum
1096 3896 1235 3972 refertur,
1254 3896 1284 3958 in

103 4000 177 4078 Cap.
212 4020 237 4064 1.
268 4003 461 4082 ostendimus;
493 4021 580 4083 atque
602 4026 639 4067 ea
659 4006 696 4068 iia
717 4008 803 4068 facile
834 4006 1024 4086 intelligitur,
1044 4006 1115 4083 quid
1136 4006 1284 4083 Scriptura

105 4113 262 4192 significare
284 4116 357 4179 velit
379 4121 571 4192 perverbum
592 4118 667 4197 Dei,
688 4120 867 4197 orationem,
887 4119 1029 4195 edilium,
1049 4134 1079 4179 et
1100 4137 1168 4181 rem.
1179 4120 1284 4180 Omnia

138 4348 151 4378 ·
169 4348 268 4412 capa.
284 4342 379 4401 anna
397 4348 517 4401 memor-ra
535 4349 667 4413 laurata„
682 4350 709 4401 rn
727 4348 999 4419 reimaginantur
1017 4318 1115 4426 ‘spui
1132 4347 1198 4403 rom
1215 4345 1284 4420 tnta·
