2934 4900
541 327 679 403 Caput
710 327 762 387 lll.
1186 342 1245 403 297

56 506 224 583 explicato,
244 506 385 583 superest,
406 521 438 565 ut
460 523 556 566 earum
576 505 629 584 Jus
651 504 680 565 in
703 505 814 582 reliqua
835 504 1062 578 confideremus,
1084 506 1165 581 quod
1182 504 1242 581 jam

55 638 89 678 ex
111 618 199 680 dictis
221 618 307 678 facile
328 616 529 695 cognoscitur.
549 618 642 692 Nam,
663 617 903 693 quandoquidem
926 616 997 695 (per
1018 616 1088 676 Art,
1109 635 1137 677 2.
1158 616 1245 691 hujus

59 733 143 811 Cap.)
174 733 228 812 Jus
256 730 370 791 summae
400 728 555 807 potestatis
577 728 648 789 nihil
670 729 710 788 est
730 744 836 805 ptaeter
857 728 949 805 ipsum
969 730 1090 789 Naturae
1110 729 1181 808 jus,
1201 729 1243 788 se-

57 843 173 918 quitur,
194 844 255 901 duo
275 840 397 915 Imperia
419 842 455 903 ad
476 840 602 902 invicem
624 842 683 902 sese
704 843 827 916 habere,
847 857 881 903 ut
902 845 963 904 duo
982 842 1116 902 homines
1127 842 1156 902 in
1167 843 1244 904 statu

57 954 198 1029 naturum
227 968 354 1028 excepto
385 952 461 1029 hoc,
488 956 570 1030 quod
598 954 713 1016 Civitas
742 953 794 1015 fibi
816 972 919 1016 cavere
941 954 1055 1030 potest,
1075 974 1111 1015 ne
1133 958 1169 1015 ab
1190 956 1245 1015 alia

59 1069 256 1144 opprimatur,
286 1069 367 1142 quod
395 1066 485 1128 homo
516 1067 546 1127 in
574 1068 649 1128 statu
680 1067 804 1128 naturali
825 1086 885 1128 non
907 1066 1019 1143 potest,
1039 1066 1171 1127 nimirum
1193 1067 1244 1143 qui

59 1181 193 1257 quotidie
215 1182 332 1255 somn0,
354 1181 429 1257 saepe
452 1183 555 1241 morbo
577 1197 628 1242 aut
650 1179 737 1241 animi
758 1180 944 1259 aegritudine,
962 1194 992 1240 et
1010 1182 1127 1241 tandem
1145 1179 1243 1240 senec-

62 1308 121 1353 tute
144 1308 300 1373 gravatur,
329 1309 358 1353 et
387 1308 491 1369 praeter
511 1294 573 1355 lraec
595 1294 659 1353 aliis
680 1291 873 1354 incommodis
894 1293 934 1353 est
955 1290 1120 1366 obnoxius,
1140 1312 1156 1352 a
1178 1292 1243 1368 qui·

60 1409 111 1467 bus
132 1406 250 1467 Civitas
272 1406 398 1467 securam
420 1406 448 1467 se
470 1407 588 1467 reddere
611 1405 716 1481 potest.

97 1518 123 1596 ς.
144 1518 211 1577 Xll.
253 1516 368 1579 Civitas
397 1516 486 1597 igitur
513 1534 635 1579 eatenus
665 1518 707 1579 sui
726 1519 801 1596 juris
823 1520 876 1594 est,
898 1534 1043 1595 quatenus
1063 1518 1114 1577 srbi
1136 1518 1242 1578 consu-

62 1632 131 1705 lere,
159 1644 189 1690 et
218 1648 320 1693 cavere
350 1631 463 1707 potest,
492 1649 528 1692 ne
557 1632 592 1691 ab
623 1630 677 1691 alia
705 1630 887 1707 opprimatur
914 1631 986 1710 (per
1007 1629 1076 1690 Art.
1096 1648 1126 1706 9.
1146 1644 1174 1689 ct
1197 1640 1242 1703 15.

60 1743 176 1819 praced.
200 1743 303 1821 Cap.);
325 1758 355 1802 et
376 1743 446 1820 (per
467 1747 538 1804 Art.
559 1760 604 1805 ro.
625 1758 653 1803 et
677 1754 721 1817 15.
728 1744 853 1822 praced.
876 1742 962 1821 Cap.)
983 1757 1104 1803 eatenus
1124 1740 1241 1802 alterius

60 1852 146 1929 juris,
175 1870 321 1930 quatenus
350 1854 468 1915 alterius
495 1854 636 1917 Civitatis
665 1855 828 1931 potentiam
850 1853 950 1930 timet,
971 1856 1019 1917 vel
1039 1870 1185 1931 quatenus
1205 1859 1241 1915 ab

63 1984 93 2025 ea
124 1966 300 2041 impeditur,
330 1984 390 2042 quo
422 1967 517 2028 minus
549 1968 596 2043 id,
627 1970 709 2045 quod
737 1969 819 2043 vult,
847 1982 1026 2045 exequatur,
1047 1969 1095 2029 vel
1115 1967 1242 2044 denique

65 2093 207 2152 qtratenus
230 2076 317 2153 ipfius
338 2077 448 2139 auxilio
470 2079 506 2139 ad
528 2078 570 2140 sui
597 2078 849 2140 conservationem
870 2081 918 2142 vel
938 2079 1146 2141 incrementum
1167 2079 1242 2140 Indi·

65 2202 126 2265 get3
155 2206 220 2249 nam
249 2189 381 2249 dubitare
403 2207 584 2267 nequaquam
606 2188 772 2266 possumus,
793 2190 882 2268 quin,
902 2190 922 2251 st
944 2194 1008 2253 duae
1030 2190 1176 2254 Civitates
1197 2192 1241 2251 ln·

66 2298 153 2360 vicem
183 2315 314 2362 mutuum
343 2301 482 2362 atrxilium
511 2302 642 2378 praellare
671 2304 793 2379 volunt,
822 2306 912 2363 ambae
933 2302 1013 2363 simul
1034 2304 1100 2379 plns
1121 2304 1243 2379 polhnt,

63 2424 89 2470 et
110 2410 324 2488 consequenter
343 2414 409 2489 plus
426 2412 500 2490 juris
521 2412 601 2475 simul
621 2415 767 2490 habeant,
795 2433 881 2491 quam
903 2414 1038 2476 alterutra
1059 2413 1127 2475 sola.
1170 2415 1239 2476 Vid.

63 2523 129 2582 Art.
153 2539 197 2600 13.
220 2525 292 2602 Cap.
309 2537 398 2603 praec.

100 2635 126 2714 S.
146 2636 224 2696 XIII.
265 2639 336 2698 Haec
368 2653 464 2698 autem
497 2638 602 2700 clarius
634 2637 758 2718 intelligi
789 2638 927 2715 poliunt,
958 2639 977 2699 sr
1010 2639 1241 2716 confideremus,

64 2751 138 2822 quod
159 2751 224 2810 duae
246 2749 392 2811 Civitates
413 2754 516 2812 naturri
536 2751 633 2812 hostes
656 2751 738 2812 sunt:
760 2752 893 2813 homines
914 2753 991 2813 enim
1012 2752 1084 2832 (per
1099 2754 1170 2814 Art.
1195 2769 1241 2832 14„

62 2873 142 2936 prae.
176 2862 262 2940 Cap.)
295 2859 323 2922 in
356 2861 430 2922 statu
462 2863 586 2924 naturali
616 2863 714 2923 hostes
747 2864 831 2939 sunt;
859 2865 910 2940 qui
938 2862 1026 2942 igitur
1044 2864 1098 2943 Jus
1118 2865 1239 2924 Natutae

66 2990 139 3034 etna
170 2974 330 3038 Civitatem
362 2976 506 3052 renuent,
538 2976 635 3037 hostes
667 2992 795 3038 manent.
835 2977 865 3038 Si
894 2977 993 3054 itaque
1015 2979 1104 3037 altera
1125 2976 1240 3038 Civitas

66 3087 139 3146 alteri
161 3089 268 3148 bellum
291 3088 412 3162 inferre,
440 3105 470 3150 et
492 3105 621 3150 extremo
649 3090 785 3151 adhibere
806 3089 899 3151 media
920 3091 1010 3164 velit,
1030 3109 1090 3166 quo
1113 3108 1174 3149 eam
1196 3088 1240 3150 sui

64 3195 128 3270 juris
148 3199 255 3273 faciat,
275 3199 305 3260 id
326 3199 352 3259 ei
370 3199 436 3277 jure
458 3216 571 3262 tentare
593 3201 679 3276 licet,
700 3201 955 3279 quandoquidem,
977 3217 1011 3263 ut
1030 3203 1137 3263 bellum
1158 3220 1238 3281 gera·

68 3324 116 3384 tut,
135 3311 161 3372 ei
184 3309 290 3372 sufficit
312 3311 376 3387 ejus
397 3311 436 3372 rei
458 3311 564 3372 habere
586 3313 779 3374 voluntatem.
807 3315 849 3375 At
871 3318 908 3376 de
928 3333 1000 3391 pace
1022 3313 1093 3374 nihil
1114 3313 1238 3374 statuere

68 3422 169 3496 potest,
191 3419 242 3481 nist
265 3421 443 3484 connivente
465 3423 584 3484 alterins
604 3422 744 3486 Civitatis
766 3427 931 3486 volontate.
952 3425 999 3484 Ex
1020 3443 1081 3501 quo
1099 3425 1239 3502 sequitur,

67 3530 124 3606 Juro
153 3532 222 3594 belli
251 3532 476 3610 uniuscujusque
506 3533 646 3596 Civitatis
667 3533 744 3610 ell‘e,
763 3535 845 3613 pacis
865 3551 962 3596 autem
983 3553 1043 3597 non
1064 3535 1167 3610 nnius,
1188 3535 1238 3597 sed

68 3645 175 3706 duarum
199 3647 235 3708 ad
256 3644 404 3707 minimum
426 3646 589 3708 CIvitatum
612 3647 666 3708 else
686 3649 773 3728 Jurn,
795 3668 859 3725 quae
881 3664 1036 3726 propterea
1056 3651 1237 3711 confoedera-

69 3757 263 3817 radicentur.

98 3867 121 3946 §.
143 3869 225 3928 XIV.
267 3869 333 3929 Hoc
357 3869 453 3930 fredus
476 3870 586 3932 tamdiu
607 3873 694 3932 fixum
717 3887 830 3946 manet,
858 3873 995 3949 quamdin
1016 3872 1100 3934 causa
1121 3873 1239 3935 foedetis

68 3980 217 4058 pangendi,
250 3999 352 4058 nempe
385 3997 479 4042 metus
511 3981 606 4043 damni
638 3983 687 4044 seu
718 3985 791 4045 lueri
821 3985 903 4061 spes,
931 3985 960 4046 in
988 3985 1084 4048 medio
1106 3987 1162 4062 est;
1183 3987 1238 4048 hac

68 4104 151 4150 autern
182 4107 234 4152 out
265 4093 315 4153 illo
348 4092 511 4154 Civitatnm
544 4096 673 4157 alterutri
705 4099 860 4172 adempto,
891 4112 988 4158 manet
1016 4097 1075 4174 ipsa
1104 4097 1239 4174 suijuris

69 4199 129 4276 (per
149 4204 218 4264 Art,
243 4219 289 4264 ro.
306 4218 395 4284 proc.
419 4207 524 4285 Cap),
554 4222 583 4267 et
605 4207 771 4283 vinculum,
792 4228 853 4285 quo
874 4209 1021 4271 Civitates
1041 4209 1166 4271 invicem
1187 4213 1238 4272 ad-

70 4307 157 4374 stric'lae
188 4331 286 4390 erant,
318 4315 422 4392 sponte
454 4317 595 4394 solvitur3
627 4337 660 4378 ac
692 4318 815 4395 proinde
847 4319 1006 4398 unicuique
1037 4319 1160 4383 Civitati
1187 4319 1238 4396 jus
