2934 4900
405 20 471 50 ’,Δ

363 328 675 401 Emendatione
705 328 953 399 'stac‘iaturss
1221 344 1270 417 fis

83 526 208 590 propter
234 510 422 591 pertinuere,
449 530 573 591 quonam
600 510 700 575 causta
719 511 820 589 postea
840 511 871 574 in
891 510 988 574 nostra
1006 509 1195 591 Philosophia
1215 528 1267 573 ex·

83 622 268 698 piicabinua.
307 625 423 687 Deinde
452 625 520 703 quia
548 644 626 703 opor
652 625 694 689 est
722 644 824 706 magna
851 640 883 687 et
914 640 1049 687 accurata
1070 623 1271 698 distinbiione,

83 734 158 797 sicut
190 736 292 812 postea
321 736 522 812 ostendentem
552 738 583 799 id
614 740 696 814 quod
724 738 810 800 valde
838 737 880 797 esi
907 734 1094 799 laboriosum.
1134 735 1270 811 Denique

82 861 207 923 propter
227 846 330 909 statum
349 866 444 910 rerum
464 848 667 921 humanarum,
689 848 756 925 qui,
777 864 811 910 ιιι
828 847 888 923 jam
909 846 1052 912 ostensum
1072 846 1133 924 est,
1150 847 1269 923 prorsus

81 961 124 1022 est
145 960 305 1023 mutabilis.
344 962 420 1024 Sunt
441 961 535 1024 adhuc
556 960 618 1023 aliae
639 960 787 1036 rationes,
806 978 881 1037 quaa
900 978 961 1021 non
982 958 1165 1035 inquirimur.

122 1070 155 1131 Si
166 1070 235 1147 quit
244 1072 322 1133 sorte
333 1086 460 1147 querat,
470 1088 522 1132 cur
532 1088 592 1133 non
604 1071 619 1104 *
633 1069 696 1147 ipse
705 1069 799 1131 statim
809 1084 877 1131 ante
889 1068 986 1131 omnia
997 1068 1137 1131 veritatea
1146 1068 1268 1129 Naturae

80 1182 139 1244 isio
160 1180 265 1245 ordine
285 1182 472 1246 ostenderim:
495 1201 559 1243 nam
581 1182 690 1243 veritat
700 1182 729 1243 sc
740 1182 829 1258 ipsam
849 1181 1012 1260 patefacit?
1031 1180 1069 1243 Ei
1089 1181 1268 1257 respondeo,

81 1294 225 1371 simulque
251 1312 376 1369 moneo,
403 1312 439 1355 ne
467 1308 588 1370 propter
609 1296 773 1370 paradoxa,
794 1312 860 1370 quae
882 1293 959 1355 forte
981 1292 1076 1368 ptflim
1096 1306 1268 1365 occurrent,

81 1424 118 1466 ea
139 1406 214 1469 uelit
234 1422 371 1483 tanquam
399 1405 468 1467 salsa
494 1404 631 1482 rejicere;
652 1404 702 1467 sed
722 1405 803 1482 priua
824 1404 963 1483 dignetur
982 1403 1114 1466 ordinem
1135 1402 1267 1465 conside·

80 1536 161 1593 rare,
182 1537 244 1595 quo
265 1536 298 1579 ea
319 1520 493 1594 probemus,
514 1534 544 1579 et
565 1532 626 1579 tum
648 1532 746 1581 certus
767 1520 891 1592 evadet,
912 1534 1080 1580 noeverum
1101 1514 1269 1592 assequutus

81 1628 187 1702 sitisse,
207 1645 237 1691 et
257 1630 320 1692 haec
341 1630 399 1691 suit
420 1628 521 1705 causa,
543 1646 594 1691 cur
614 1629 677 1691 haec
698 1628 891 1706 praemiserim.

121 1740 151 1803 Si
183 1742 285 1818 postea
316 1743 394 1804 sorte
424 1741 492 1819 quia
517 1741 672 1819 Scepticur
700 1743 789 1803 etde
820 1740 881 1817 ipsa
901 1741 994 1817 prima
1015 1740 1159 1814 verinte,
1180 1754 1210 1800 et
1231 1741 1268 1800 de

79 1850 239 1929 omnibus,
266 1870 341 1929 quas
369 1856 406 1915 ad
434 1870 562 1915 normam
591 1853 687 1929 primae
709 1854 907 1929 deducentur,
927 1851 1034 1914 dubim
1056 1850 1151 1914 adhuc
1171 1866 1268 1913 mane-

78 1981 142 2039 ret,
168 1964 218 2027 ilie
247 1967 381 2041 profesto
409 1981 459 2028 aut
481 1979 583 2028 tenua
605 1964 813 2028 conscientiam
833 1966 988 2042 loquetur,
1011 1978 1062 2025 aut
1084 1980 1140 2025 not
1161 1960 1268 2023 fatebi-

79 2094 160 2153 mur,
180 2076 244 2139 dari
264 2076 397 2139 hominen
425 2076 546 2153 penitus
572 2076 659 2139 etiam
680 2077 777 2141 animo
798 2093 964 2139 occaecatos
985 2096 1001 2137 a
1023 2074 1195 2151 nativitate,
1216 2091 1268 2137 aut

81 2185 358 2263 apraejudiciorum
378 2187 480 2262 causa,
512 2188 542 2250 id
573 2188 631 2263 est,
661 2188 763 2266 aliquo
794 2204 919 2251 externo
949 2187 1027 2249 casu.
1067 2188 1142 2249 Nam
1173 2204 1268 2263 neque

81 2298 195 2375 seipsos
214 2298 362 2377 sentiunt;
383 2300 404 2361 si
424 2300 535 2378 aliquid
556 2301 713 2377 affirmant,
735 2304 785 2364 vel
804 2302 958 2377 dubitant,
977 2299 1111 2363 nesciunt
1132 2298 1161 2359 se
1182 2298 1268 2360 dubi·

81 2428 163 2489 tare,
191 2428 243 2475 aut
270 2412 426 2477 affirmare:
454 2414 556 2476 dicunt
584 2413 612 2475 se
633 2412 705 2476 nihil
726 2413 813 2490 scite;
835 2429 866 2476 et
885 2414 943 2476 boc
963 2412 1073 2490 ipsum,
1093 2414 1175 2489 quod
1196 2410 1268 2473 nihil

80 2525 194 2601 sciunt,
215 2525 319 2588 dicunt
340 2526 369 2587 se
390 2527 537 2606 ignorare;
558 2545 654 2604 neque
675 2526 733 2588 hoc
754 2526 888 2589 absolute
908 2526 1026 2588 dicunt:
1046 2543 1112 2588 nam
1133 2539 1268 2587 metuunt

80 2637 186 2713 fateri,
213 2637 243 2702 se
270 2638 410 2715 existere,
437 2638 576 2716 quamdiu
604 2637 675 2700 nihil
702 2638 814 2715 sciunt;
842 2641 917 2700 adeo
944 2654 978 2701 ut
1003 2641 1119 2702 tandem
1141 2639 1269 2700 debeant

80 2749 302 2826 obmutescere,
329 2769 366 2811 ne
393 2752 470 2812 sorte
498 2750 610 2830 aliquid
636 2750 820 2828 supponant,
852 2754 934 2828 quod
955 2750 1109 2813 veritatem
1128 2752 1269 2812 redoleat.

79 2861 220 2939 Denique
248 2881 313 2924 cum
341 2861 409 2941 ipsu
435 2881 496 2926 non
525 2863 565 2924 est
593 2865 774 2940 loquendum
802 2866 840 2925 de
867 2862 1013 2926 scientiis:
1041 2883 1107 2928 nam
1128 2867 1211 2942 quod
1231 2867 1267 2926 ad

80 2973 153 3036 vitae
189 2989 221 3034 et
248 2973 399 3036 societatis
425 2973 505 3038 usum
533 2974 658 3051 attinet,
687 2976 836 3038 necesitas
856 2993 911 3038 eoa
930 2977 1046 3057 coegit,
1066 2992 1101 3042 ut
1121 2977 1268 3055 suppone-

80 3099 162 3160 rent,
183 3084 214 3145 se
235 3083 303 3162 effe,
324 3101 356 3147 et
378 3101 411 3147 ut
431 3085 513 3148 suum
533 3085 606 3148 utile
627 3101 805 3164 quaterent,
825 3103 857 3150 et
872 3085 1063 3164 jurejurando
1083 3090 1174 3151 multa
1193 3087 1268 3150 affir-

80 3211 195 3258 marent
229 3211 259 3258 et
287 3215 436 3277 negarent
477 3199 570 3273 Nam,
596 3198 616 3259 fi
643 3196 755 3276 aliquid
781 3197 849 3275 ipsu
877 3201 1035 3277 probetur,
1059 3199 1211 3275 nesciunt,
1231 3217 1267 3260 an

81 3309 191 3385 probet
220 3323 271 3372 aut
298 3309 415 3372 desiciet
443 3310 666 3390 argumentatio.
706 3311 737 3374 Si
766 3327 892 3392 negant,
918 3315 1103 3391 concedunt,
1132 3327 1183 3374 aut
1213 3329 1268 3389 op·

83 3434 220 3496 ponunt;
257 3419 389 3482 nesciunt
420 3420 450 3483 se
477 3439 599 3502 negare,
635 3426 814 3499 concedere,
850 3439 902 3486 aut
934 3441 1103 3502 opponere;
1134 3427 1269 3502 adeoque

81 3529 212 3592 habendi
233 3529 300 3593 sunt
319 3547 457 3610 tanquam
479 3549 644 3610 automata,
665 3553 731 3612 que
752 3550 848 3598 mente
870 3535 992 3597 otnnino
1012 3551 1122 3598 tarem.

125 3643 318 3708 Resumantur
334 3645 395 3721 iam
421 3646 550 3709 nostrum
576 3647 769 3726 propofitum.
809 3648 973 3711 Habuimus
999 3649 1150 3727 hucusque
1176 3649 1271 3729 primo

84 3755 205 3832 Finem,
232 3759 270 3819 ad
307 3775 395 3834 quem
433 3777 533 3822 omnen
571 3759 681 3824 nostrae
719 3761 917 3840 cogitationes
953 3761 1077 3841 dirigere
1114 3763 1271 3826 studemus.

83 3867 289 3947 Cogttovimur
316 3868 463 3947 secundo,
490 3890 621 3949 quanam
649 3871 684 3935 sit
712 3872 824 3950 optima
848 3873 1022 3951 Perceptio,
1048 3873 1132 3952 cujus
1153 3893 1211 3952 ope
1232 3878 1269 3938 ed

83 3979 207 4042 nostram
236 3981 447 4058 perfectionem
474 3983 626 4060 pervenire
654 3985 799 4061 poffimur.
839 3985 1043 4066 Cognovitnnr
1063 3986 1171 4063 tertio,
1191 4005 1271 4064 quae-

83 4112 149 4155 nam
171 4091 206 4156 fit
227 4093 319 4172 prima
341 4095 417 4171 Via,
438 4095 485 4158 cui
507 4116 587 4159 ment
608 4095 735 4160 inflstere
753 4100 876 4176 debeat,
897 4099 1185 4176 urbeneincipia13
1206 4119 1271 4178 quae

117 4339 130 4366 ·
166 4337 275 4400 Paulus,
292 4337 405 4400 Bruticr,
422 4339 531 4403 Aueria„
548 4342 688 4395 scissen—
699 4343 747 4396 bd.
763 4345 821 4395 ΡΜ
838 4347 956 4412 canipae.
972 4345 1093 4395 Gsrbrcrr
1110 4343 1198 4411 quidni
1208 4347 1271 4413 ipse.
