2934 4900
321 326 818 408 Theologico·Politici
849 326 922 402 Cap.
944 327 1010 386 v11.
1202 327 1263 404 469

78 521 177 580 pauca
208 504 340 579 quaedam
371 503 532 582 fragmenta
561 503 668 582 lingtrae
700 517 730 563 et
762 519 921 578 paucorum
958 500 1096 561 librorum
1128 499 1266 577 retinuit,

79 614 181 676 omnia
203 615 279 675 enim
301 616 360 676 sere
382 615 500 676 nomina
521 617 681 690 susinum,
701 614 813 690 avium,
833 613 969 689 piscium,
987 629 1016 672 et
1037 613 1177 688 permulta
1194 610 1267 687 alia,

78 744 246 804 temporum
268 727 374 804 injuria
395 727 516 804 periere.
556 726 739 806 significatio
761 726 866 788 deinde
887 727 1045 786 multorum
1067 723 1216 786 nominum
1237 739 1268 784 et

79 841 255 914 verborum,
287 857 351 914 quae
385 839 413 900 in
445 838 547 900 Bibliis
579 853 754 914 occurrunt,
774 840 823 900 vel
842 836 960 915 prorsus
980 837 1141 916 ignoratur,
1162 835 1210 897 vel
1231 838 1267 897 de

79 953 183 1012 eadem
215 949 388 1026 disputatur.
430 949 505 1011 Cum
536 950 598 1010 haec
630 950 746 1026 omnia,
776 965 839 1010 tum
870 949 1017 1024 ptaecipue
1045 947 1133 1024 hujus
1160 947 1267 1026 linguae

79 1061 312 1141 phraseologiam
344 1061 552 1138 desideramus3
583 1061 647 1139 eJus
678 1061 754 1123 enim
785 1061 902 1138 phrases
923 1077 953 1122 et
974 1064 1080 1122 modos
1106 1058 1268 1136 loquendi,

79 1176 214 1234 Hebraeae
246 1172 358 1234 nationi
391 1171 569 1248 peculiares,
602 1189 702 1232 omnes
735 1173 794 1232 sere
826 1187 943 1246 tempus
964 1173 1039 1231 edax
1060 1189 1097 1231 ex
1117 1169 1267 1230 hominum

79 1287 219 1350 memoria
250 1285 391 1350 abolevit.
433 1287 503 1346 Non
535 1284 636 1361 itaque
667 1283 777 1360 semper
805 1283 983 1358 poterimus,
1004 1298 1038 1344 ut
1059 1280 1268 1358 desideramus,

80 1419 184 1462 omnes
211 1397 436 1476 uniuscujusque
466 1396 610 1458 orationis
639 1395 755 1471 sensus,
776 1413 853 1472 quos
874 1394 935 1471 ipsa
957 1414 995 1455 ea
1014 1394 1121 1473 linguae
1142 1393 1196 1456 usu
1216 1397 1267 1454 ad-

80 1515 197 1576 mittere
228 1513 343 1590 potest,
374 1509 561 1589 investigare;
582 1524 613 1570 et
635 1511 731 1568 multae
764 1523 919 1568 occunent
947 1506 1114 1583 orationes,
1135 1505 1268 1582 quamvis

80 1625 231 1688 notissimis
259 1623 385 1689 vocibus
414 1621 567 1698 expressa,
595 1639 716 1698 quarum
744 1634 842 1680 tamen
863 1618 962 1680 sensus
982 1616 1193 1680 obscurissimus
1214 1616 1269 1678 erit

79 1756 112 1802 et
134 1740 218 1814 plane
239 1733 486 1814 imperceptibilis.
516 1735 566 1794 Ad
586 1733 666 1809 haec,
688 1735 770 1809 quod
790 1731 899 1792 scilicet
921 1731 1027 1811 linguae
1049 1731 1181 1792 Hebtaeae
1201 1746 1267 1805 per·

79 1854 185 1913 festam
216 1848 362 1911 historiam
394 1865 453 1907 non
485 1844 633 1921 possumus
665 1846 789 1917 habere,
821 1845 935 1906 accedit
965 1843 1026 1920 ipsa
1052 1842 1141 1918 hujus
1161 1842 1267 1921 linguae

79 1961 256 2024 constitutio
278 1975 307 2020 et
330 1973 449 2032 natuta;
470 1976 509 2026 ex
531 1975 588 2033 qua
609 1971 657 2017 tot
680 1956 816 2018 oriuntur
844 1955 1066 2034 ambiguitates,
1089 1968 1122 2014 ut
1142 1953 1266 2030 impossi-

78 2075 139 2136 bile
170 2073 222 2148 stt,
253 2073 338 2132 talem
370 2069 501 2132 invenite
532 2067 703 2131 methodum
725 2069 750 2145 *,
782 2087 847 2144 quae
877 2086 977 2130 vetum
1006 2067 1117 2127 sensum
1139 2063 1268 2126 omnium

79 2185 248 2246 orationum
269 2182 425 2258 Scriptutae
447 2197 530 2242 certo
552 2182 658 2241 doceat
681 2179 863 2257 inuestigare.
904 2181 980 2240 Nam
1000 2193 1106 2255 praeter
1126 2175 1267 2254 ambigui-

80 2316 174 2362 tatum
197 2297 295 2360 causas
317 2295 454 2357 omnibus
474 2293 580 2373 linguis
599 2311 786 2369 communes,
807 2295 939 2370 quaedam
959 2289 1022 2350 aliae
1044 2288 1073 2349 in
1094 2290 1149 2350 hac
1169 2288 1268 2367 lingua

7 2470 8 2479 ,
79 2415 203 2486 dantur,
230 2427 267 2469 ex
296 2408 404 2485 quibus
432 2407 580 2484 permultae
603 2405 763 2467 nascuntur
783 2404 1005 2490 ambiguitates:
1027 2421 1076 2464 eas
1096 2401 1144 2463 hic
1166 2417 1269 2464 notare

79 2540 180 2599 operae
203 2521 329 2599 pretium
350 2523 439 2582 duco.

7 2720 8 2723 Ἴ
120 2634 212 2695 Prima
234 2633 329 2694 oritur
349 2632 378 2693 in
400 2632 503 2693 Bibliis
525 2631 601 2707 saepe
623 2631 798 2711 ambiguitas
819 2646 850 2691 et
871 2629 1037 2691 orationum
1059 2628 1221 2691 obscuritas
1232 2648 1270 2690 ex

7 2812 8 2833 2
79 2767 137 2822 eu,
164 2748 246 2823 quod
274 2745 364 2805 litetae
394 2744 522 2821 ejusdem
551 2744 653 2823 organi
674 2762 740 2805 ttnae
762 2761 816 2819 pro
839 2742 902 2803 aliis
924 2741 1081 2803 sumantur.
1120 2742 1270 2805 Dividunt

80 2857 192 2919 scilicet
221 2855 338 2917 Hebraei
366 2874 466 2917 omnes
494 2854 655 2931 Alphabeti
683 2856 783 2916 literas
804 2854 834 2914 in
856 2854 987 2930 quinque
1011 2852 1128 2928 classes,
1149 2869 1271 2930 propter

7 3024 9 3039 ,
79 2970 212 3047 quinque
235 2966 295 3029 otis
316 2966 519 3043 instrumenta,
538 2986 603 3044 quae
621 2964 859 3043 pronuntiationi
877 2964 1052 3040 inserviunt;
1064 2982 1168 3040 nempe
1178 2964 1269 3041 labia,

77 3082 194 3159 lingua,
215 3083 336 3154 dentes,
357 3081 500 3155 palatum,
521 3094 552 3141 et
572 3094 683 3158 guttur.
724 3078 781 3137 Ea.
803 3094 845 3156 gr.
868 3091 1012 3155 moroan
1034 3075 1149 3151 Alpha,
1171 3076 1269 3151 Gltet,

79 3196 195 3275 Hgain,
216 3196 262 3256 He
283 3196 446 3274 gutturales
467 3211 623 3272 vocantur,
643 3211 673 3256 et
694 3195 752 3255 stne
774 3194 836 3254 ullo
858 3190 1037 3269 discrimine,
1058 3194 1146 3254 nobis
1169 3193 1266 3253 saltem

79 3324 174 3384 noto,
205 3326 263 3369 una
293 3326 347 3383 pro
378 3306 433 3368 alia
465 3306 627 3383 usurpatur.
668 3308 783 3383 Nempe
804 3295 848 3379 Sp<
869 3308 910 3382 es,
936 3308 1018 3382 quod
1045 3304 1185 3383 fignificat
1211 3306 1268 3380 ad,

79 3426 202 3489 sumitur
223 3424 299 3501 saepe
319 3442 373 3500 pro
395 3412 436 3501 59
457 3422 546 3500 ligas,
567 3426 648 3501 quod
670 3424 809 3503 significat
825 3424 935 3503 super,
956 3437 987 3482 et
1008 3420 1165 3484 vicevetsa.
1178 3424 1267 3483 Unde

79 3544 131 3616 lit,
152 3556 185 3601 ut
206 3557 307 3600 omnes
329 3538 473 3600 orationis
494 3554 591 3615 partes
613 3539 688 3615 saepe
709 3541 757 3603 vel
778 3539 920 3617 ambiguae
940 3541 1116 3614 reddantur,
1133 3538 1181 3601 vel
1201 3552 1266 3597 tan·

80 3670 168 3730 quam
189 3670 297 3725 voces,
319 3670 383 3727 quae
405 3652 512 3712 nullam
532 3652 642 3712 habent
663 3650 912 3731 significationem.

120 3766 253 3825 Secunda
284 3762 389 3825 deinde
423 3762 517 3825 oritur
549 3763 717 3826 orationum
750 3763 926 3843 ambiguitas
954 3782 991 3823 ex
1020 3761 1175 3838 multiplici
1195 3780 1268 3822 con-

76 3876 263 3956 junstionum
294 3890 325 3935 et
355 3873 559 3937 adverbiorum
586 3874 808 3954 significatione.
848 3874 905 3934 Ex.
926 3892 968 3953 gr.
990 3890 1003 3945 t
1025 3893 1086 3934 vau
1106 3871 1268 3949 promiscue

81 3990 201 4055 inservit
230 3991 267 4050 nd
296 3987 534 4069 conjungendum
556 4005 585 4051 et
607 3988 851 4069 disjungendum,
873 3988 1012 4068 fignificat
1032 4004 1076 4063 et,
1089 3991 1162 4068 sed,
1182 3993 1268 4066 quia,

80 4119 189 4179 autem,
207 4118 276 4165 tum.
295 4114 331 4175 ³2
352 4104 383 4163 ki
403 4100 512 4179 septem
533 4118 584 4165 aut
604 4104 672 4164 osto
693 4104 784 4163 habet
804 4100 1047 4181 significationes,
1065 4118 1170 4181 nempe
1182 4104 1267 4181 quia,

87 4250 365 4266 ψ*

115 4338 128 4371 ⁸
163 4336 205 4395 cs.
221 4338 319 4390 Annos.
333 4338 394 4393 vlt.
