2934 4900
379 359 690 427 Emendatione
721 360 968 427 Tractatus.
1225 374 1260 441 3¹

74 536 189 603 fivero
216 558 263 602 tes
291 558 353 602 non
380 540 416 601 sn
443 540 473 601 in
495 540 542 615 se,
563 540 613 603 sed
633 540 763 618 requirat
782 542 913 617 causam,
933 557 968 604 ut
989 540 1109 617 existat,
1129 555 1191 602 tum
1211 558 1264 616 per

74 652 240 728 proximam
261 652 342 715 suam
362 652 475 715 causam
496 654 586 715 debet
607 652 740 733 intelligi:
756 655 833 716 Nam
849 670 951 715 revera
965 656 975 693 ¹
991 652 1124 731 cognitio
1141 651 1264 714 effeetus

74 764 149 825 nibil
180 765 261 827 aliud
292 764 353 840 est,
391 782 477 843 quam
516 764 717 841 persediorem
749 765 842 829 causae
874 764 1075 845 cognitionem
1105 764 1264 842 acquirere.

75 878 168 939 Unde
188 896 339 955 nunquam
360 877 446 939 nobis
466 878 584 954 licebit,
604 878 744 957 quamdiu
763 881 800 940 de
818 877 1006 956 inquisitione
1024 896 1117 940 rerum
1135 876 1264 955 agimus,

76 1006 113 1047 ea
135 987 285 1051 absimilis
305 988 417 1065 aliquid
437 990 628 1066 conludere,
645 1004 675 1051 et
694 1008 870 1069 magnopere
889 989 1073 1066 cavebimus,
1092 1008 1129 1051 ne
1146 989 1263 1051 miscea-

76 1116 142 1160 mus
170 1118 224 1175 ea,
250 1118 317 1177 quae
344 1115 459 1162 tantum
487 1100 555 1163 sunt
583 1100 612 1163 in
641 1101 809 1176 intelleiiu,
829 1120 895 1162 cnm
915 1101 970 1176 iis,
991 1120 1057 1179 quae
1078 1101 1145 1163 sunt
1165 1101 1195 1161 in
1211 1118 1264 1176 ·re;

76 1212 136 1274 Sed
165 1212 278 1290 optima
305 1212 454 1275 conclusio
483 1213 538 1275 erit
566 1216 764 1291 depromenda
784 1217 821 1277 ab
843 1212 961 1276 essentia
981 1214 1077 1291 aliqua
1099 1213 1264 1290 particulari
1356 1205 1358 1208 ’

77 1324 271 1401 affirmativa,
298 1324 358 1389 save
379 1347 397 1389 a
416 1345 485 1389 vera
514 1342 544 1389 et
571 1326 699 1406 legitima
726 1327 909 1389 delinitione.
949 1329 1025 1389 Nam
1052 1328 1089 1388 ab
1109 1324 1265 1387 axiomatis

77 1437 150 1501 solia
177 1438 391 1501 universalibua
418 1456 478 1501 non
506 1430 604 1515 potest
634 1437 799 1502 intellectus
826 1441 864 1500 ad
890 1437 1042 1518 singularia
1074 1436 1266 1511 descendere,

78 1549 321 1628 quandoquidem
350 1551 496 1615 axiomata
526 1554 564 1613 ad
591 1550 703 1613 infinita
732 1550 761 1611 se
789 1553 971 1625 extendunt,
1002 1568 1057 1611 nec
1086 1549 1265 1612 inteliedunt

77 1662 172 1741 magis
199 1665 238 1724 ad
264 1681 373 1739 mum,
400 1680 486 1740 quam
513 1664 550 1725 ad
576 1663 655 1753 aliud
674 1663 815 1743 singulare
845 1663 1102 1739 contemplandum
1130 1658 1265 1723 determi-

77 1792 161 1839 nant.
202 1778 302 1860 Quare
335 1780 413 1841 resia
449 1777 619 1841 inveniendi
648 1778 698 1841 via
729 1778 771 1839 est
801 1796 840 1840 ea
870 1780 938 1840 data
967 1776 1065 1854 aliqua
1094 1775 1266 1838 delinitione

78 1887 280 1967 cogitationes
300 1890 439 1951 formare:
461 1890 543 1968 quod
564 1891 601 1950 eo
622 1888 739 1951 felicius
758 1906 789 1951 et
809 1888 927 1951 facilius
947 1890 1105 1964 procedet,
1125 1903 1187 1963 quo
1207 1902 1265 1946 rem

78 1999 206 2077 aliquam
236 2000 340 2063 melius
371 2000 596 2064 definiverimus.
637 2002 737 2084 Quare
768 2005 857 2063 cardo
889 1999 984 2062 totius
1014 1997 1103 2076 hujus
1133 1996 1266 2058 secunde

79 2110 215 2173 methodi
241 2112 332 2188 partis
359 2112 390 2173 in
417 2113 475 2175 boc
495 2112 559 2175 solo
584 2113 731 2190 versatur,
752 2130 856 2189 nempe
877 2111 907 2173 in
928 2109 1152 2173 conditionibus
1179 2110 1266 2169 bonae

80 2220 264 2282 delinitionis
284 2220 517 2300 cognoscendis,
538 2238 568 2283 et
590 2221 695 2283 deinde
716 2220 747 2282 in
769 2224 858 2284 modo
879 2238 928 2282 eas
949 2206 1128 2284 inveniendi.
1169 2217 1266 2279 Primo

80 2332 182 2409 itaque
203 2334 242 2394 de
262 2332 485 2397 conditionibus
505 2333 697 2396 Definitionis
718 2352 809 2413 agant.

119 2444 267 2507 Definitio
288 2462 323 2508 ut
341 2445 455 2508 dicatur
474 2446 618 2523 perfedla,
645 2445 767 2510 debebit
787 2445 915 2509 intimam
936 2446 1083 2509 essentiam
1104 2444 1145 2508 rei
1167 2445 1262 2523 expli·

82 2574 164 2632 care,
192 2573 224 2619 et
250 2575 370 2634 canere,
391 2577 428 2620 ne
449 2558 512 2636 ejus
525 2539 602 2622 'loco
623 2559 742 2636 propria
762 2561 895 2636 quaedam
915 2559 1101 2637 usurpemus;
1124 2562 1161 2621 ad
1182 2563 1264 2637 quod

84 2669 306 2746 explicandum,
323 2645 369 2732 ¹ut
396 2670 452 2732 alia
478 2673 610 2748 exempla
639 2671 789 2746 omittam,
817 2689 855 2732 ne
882 2671 983 2734 videar
1010 2671 1131 2733 aliorum
1156 2688 1267 2732 errores

84 2761 160 2841 uelle
192 2782 347 2860 detegere,
378 2781 503 2844 adseram
534 2796 647 2844 tantum
678 2783 843 2859 exemplum
874 2782 997 2861 alicujus
1027 2782 1070 2845 rei
1099 2784 1266 2858 abstradlae,

85 2909 152 2968 que
172 2893 293 2969 perinde
314 2893 371 2968 esi,
391 2895 663 2971 quomodocunque
683 2893 854 2970 deliniatur,
874 2894 974 2956 circuli
994 2893 1121 2956 scilicet:
1143 2896 1225 2971 quod
1245 2892 1266 2954 sr

84 3003 257 3080 deliniatur,
284 3004 340 3067 elle
360 3005 478 3086 liguram
500 3006 641 3084 aliquam,
669 3005 755 3084 cujus
774 3005 875 3082 linea,
895 3024 912 3068 a
933 3023 1035 3068 centro
1056 3010 1093 3068 ad
1115 3006 1266 3068 circumse-

83 3113 207 3176 rentiam
235 3118 345 3192 dudae,
373 3117 440 3178 sunt
467 3119 609 3195 aquales,
636 3136 722 3180 tremo
756 3136 816 3180 non
844 3117 928 3181 videt
954 3120 1041 3179 talem
1067 3117 1267 3180 definitionem

83 3225 204 3290 minime
223 3227 367 3304 explicare
389 3227 536 3290 essentiam
557 3229 677 3304 circuli,
697 3229 748 3292 sed
767 3245 880 3292 tantum
901 3230 966 3309 ejus
986 3231 1111 3308 aliquam
1136 3230 1267 3306 proprie·

84 3355 187 3400 tatem.
227 3339 267 3401 Et
294 3341 443 3417 quamvis,
471 3358 506 3404 ut
531 3341 611 3418 dixi,
641 3341 717 3433 circa
737 3343 844 3422 figuras
872 3359 902 3404 et
921 3359 1025 3405 caetera
1046 3343 1125 3405 entia
1145 3341 1267 3404 rationis

85 3451 144 3512 hoc
165 3471 265 3529 parum
285 3454 406 3532 reserat3
434 3456 556 3518 multum
577 3471 674 3517 tamen
693 3455 781 3517 refert
801 3455 876 3517 circa
897 3456 976 3517 entia
1000 3453 1118 3534 phynca
1144 3470 1175 3515 et
1203 3471 1266 3516 rea·

85 3565 142 3626 lia:
177 3563 310 3626 nimirum
339 3565 407 3643 quia
434 3565 629 3643 proprietates
655 3583 748 3628 rerum
779 3584 840 3642 non
876 3565 1095 3644 intelliguntur,
1130 3563 1268 3641 quamdiu

86 3693 186 3738 earum
214 3673 342 3738 essentie
368 3676 556 3756 ignorantrn3
582 3676 604 3737 fi
632 3694 728 3740 autem
753 3678 805 3738 has
827 3677 1090 3753 pretermittimus,
1111 3675 1268 3738 necessario

86 3788 362 3851 concatenationem
397 3788 581 3865 inscindat,
613 3807 678 3866 quae
708 3791 829 3850 Naturae
860 3786 1133 3850 concatenationem
1163 3787 1269 3848 referre

87 3901 191 3975 debet,
211 3913 425 3976 pervertamus,
446 3915 477 3961 et
494 3917 510 3960 a
527 3899 625 3961 nostro
644 3899 737 3976 scopo
754 3896 1093 3976 prorsus'aberrabimua.
1113 3901 1159 3962 Ut
1167 3898 1268 3976 itaque

86 4011 144 4072 hoc
166 4010 243 4074 vitio
262 4010 425 4087 liberemur,
446 4027 532 4072 erunt
552 4012 614 4072 hac
636 4010 817 4074 observanda
837 4011 867 4072 in
889 4011 1078 4079 Definitione.

124 4291 133 4318 ¹
172 4285 254 4348 Nota,
279 4285 349 4350 quod
375 4283 434 4334 binc
459 4297 576 4349 appareat
603 4285 666 4336 nibil
692 4299 741 4336 nos
766 4285 798 4336 de
824 4286 918 4337 Natura
941 4285 1008 4350 polle
1031 4283 1190 4350 intelligere,
1206 4279 1268 4347 quin

87 4369 158 4422 nmnt
175 4368 349 4437 cognitionem
367 4367 454 4433 prime
471 4367 566 4430 cause,
583 4369 634 4420 srve
652 4369 719 4428 Dei,
734 4369 881 4434 ampliorem
899 4369 1038 4420 reddamus.
