2934 4900
519 320 576 380 De
615 321 769 381 Mente.
1180 338 1235 400 123

33 497 187 556 Praeterea
221 509 370 572 quatenus
400 497 511 568 docet,
542 508 576 554 ut
608 493 806 571 unusquisque
837 494 897 556 suis
927 496 962 557 srt
993 512 1174 572 contentus,
1205 513 1236 559 et

35 607 182 682 proximo
206 609 222 641 *
244 605 374 683 auxilio,
395 625 456 668 non
478 624 514 667 ex
537 605 670 668 muliebri
692 605 902 684 misericordia,
923 607 1118 686 partialitate,
1139 628 1236 687 neque

35 717 271 795 superstitione,
298 717 347 778 sed
374 737 411 778 ex
432 717 495 779 solo
517 717 657 780 Rationis
684 721 793 795 ductu,
821 735 911 796 prout
936 719 1048 782 scilicet
1069 737 1185 799 tempus
1205 739 1236 784 et

37 849 85 892 ret
119 831 273 908 postulat,
304 845 338 891 ut
370 830 400 892 in
428 830 515 892 tertia
546 832 631 892 Parte
664 831 821 893 ostendam.
862 832 929 894 1V0.
960 832 1088 911 denique
1119 836 1236 897 confert
1315 897 1319 905 ,

40 946 130 1006 etiam
160 945 227 1012 hac
256 943 386 1006 doetrina
415 962 476 1005 non
496 961 597 1020 parum
618 947 654 1005 ad
676 962 859 1007 communem
880 946 1067 1008 societatem:
1089 963 1236 1027 quatenus

42 1062 152 1133 docet,
175 1077 236 1135 qua
256 1055 370 1118 ratione
391 1055 473 1121 cives
494 1056 674 1136 gubernandi
696 1057 753 1118 srnt
773 1072 804 1119 et
825 1059 973 1135 ducendi,
994 1078 1099 1136 nempe
1119 1079 1180 1123 non
1201 1077 1236 1123 ut

42 1171 193 1246 serviant,
219 1169 270 1232 sed
298 1185 332 1232 ut
359 1169 449 1231 libere
478 1188 530 1246 ea,
558 1189 624 1247 quta
653 1169 767 1248 optima
797 1170 881 1248 sunt,
916 1187 1012 1250 agant.
1054 1173 1155 1249 Atque
1189 1172 1235 1234 his

42 1303 109 1360 quae
142 1283 175 1344 iu
204 1283 262 1343 hoc
293 1282 391 1344 Schol.
423 1299 507 1361 agere
539 1279 745 1343 constitueram
772 1281 903 1359 absolvi,
929 1297 961 1343 et
987 1301 1025 1344 eo
1053 1284 1139 1346 finem
1165 1283 1236 1345 huic

42 1398 148 1458 nolhae
170 1395 307 1458 secundae
328 1394 405 1456 Parti
427 1394 567 1471 impono;
596 1394 626 1457 in
652 1413 710 1472 qut
731 1409 808 1471 puto
830 1414 875 1456 me
895 1410 1027 1457 naturam
1047 1395 1161 1457 Mentis
1179 1396 1235 1458 hu·

43 1529 135 1570 ruanae
165 1506 289 1586 ejusque
318 1506 514 1583 proprietates
544 1505 612 1568 satis
642 1506 774 1584 prolixe,
802 1522 834 1569 et
854 1522 996 1586 quantum
1015 1507 1058 1569 rei
1080 1507 1235 1570 difficulter

41 1625 117 1696 sert,
145 1622 225 1682 clare
254 1617 443 1695 explicuisse,
470 1634 560 1696 atque
581 1617 650 1680 talia
671 1617 836 1696 tradidisse,
863 1637 901 1680 ert
922 1618 1031 1695 quibus
1051 1619 1142 1680 multa
1161 1635 1234 1695 prte-

41 1735 133 1807 clara,
154 1729 283 1792 maxime
304 1727 404 1804 utilia,
421 1745 451 1792 et
473 1729 598 1810 cognitu
617 1729 771 1792 necessaria
788 1728 926 1793 concludi
943 1727 1075 1807 possunt,
1086 1743 1120 1791 ut
1130 1728 1235 1807 partim

43 1865 80 1906 ex
102 1842 301 1923 sequentibus
320 1840 476 1904 constabit.

465 2882 558 2950 Finit
580 2882 723 2951 Secunde
746 2882 868 2951 Partis.

86 4250 98 4279 ·
130 4244 262 4299 Schmidtt
288 4244 342 4295 und
366 4246 413 4296 der
438 4246 552 4313 adelstan
577 4244 672 4311 Illlse.
696 4275 730 4285 -
755 4242 835 4298 Reste
860 4244 932 4299 vers.
957 4247 1044 4316 Belga
1066 4264 1096 4297 en
1113 4263 1165 4299 tan
1182 4248 1239 4311 afa

56 4330 135 4397 atelle
151 4328 324 4400 lelulpsm
343 4338 371 4381 tt
385 4330 453 4395 affre.
485 4328 527 4381 sic
542 4328 618 4383 etlam
635 4328 738 4393 Salfl‘et,
753 4330 904 4393 aramum,
920 4328 1083 4386 llircltmtun.
