2934 4900
352 351 848 430 Theologico-Politici
891 352 1007 428 Capi.
1212 366 1267 426 391

74 531 238 591 naturales
277 530 459 607 ignoramus;
497 532 630 605 adeoque
668 528 754 589 stulte
794 532 829 590 ad
867 532 988 589 eandem
1020 528 1075 588 Dei
1107 527 1270 603 potentiam

76 640 263 716 recurritur,
283 643 402 717 quando
421 639 462 700 rei
484 639 607 716 alicujus
628 639 742 701 causam
772 641 946 715 naturalem,
965 641 1023 701 hoc
1045 640 1085 700 est
1106 638 1195 715 ipsam
1215 639 1272 700 Dei

79 752 271 828 potentiam,
296 753 471 830 ignoramus.
498 752 608 812 Verum
637 768 691 812 nec
720 752 807 812 nobis
831 752 891 828 jam
913 769 990 826 opus
1011 750 1067 826 est,
1088 750 1270 826 Propheticae

80 864 268 943 cognitionis
289 864 401 925 causam
423 863 503 923 scire.
523 864 619 939 Nam,
639 878 673 923 ut
690 862 750 939 jam
772 862 889 937 monui,
909 862 958 923 hic
978 878 1092 923 tantum
1114 862 1269 937 Scripturae

82 981 264 1038 documenta
299 975 471 1053 inveffigare
508 993 663 1050 conamur,
701 991 735 1035 ut
775 992 811 1033 ex
849 973 903 1049 iis,
939 990 1078 1050 tanquam
1117 992 1155 1034 ex
1193 973 1270 1034 datis

82 1090 223 1162 Naturae,
261 1086 355 1147 nostra
392 1086 620 1160 concludamus;
656 1087 900 1147 documentorum
938 1100 1035 1146 autem
1067 1084 1166 1145 causas
1197 1084 1270 1145 nihil

83 1216 231 1260 curamus.

127 1313 202 1374 Cum
223 1313 323 1389 itaque
344 1312 499 1388 Propheta
520 1311 738 1391 imaginationis
760 1329 816 1387 ope
838 1310 895 1371 Dei
916 1312 1044 1373 revelata
1066 1309 1269 1385 perceperint,

85 1444 151 1487 non
181 1425 301 1487 dubium
340 1425 400 1500 est,
437 1442 490 1485 eos
528 1425 618 1486 multa
654 1439 737 1485 extra
774 1423 939 1484 intelletius
975 1422 1081 1484 limites
1119 1421 1267 1497 percipere

87 1536 231 1615 potuisse;
261 1556 326 1597 nam
354 1555 391 1596 ex
416 1536 513 1599 verbis
541 1551 571 1596 et
599 1534 774 1614 imaginibus
802 1536 888 1613 longe
917 1535 1013 1609 plures
1034 1532 1106 1594 ideae
1128 1532 1267 1609 componi

84 1648 224 1725 possunt,
251 1666 337 1725 quam
365 1667 402 1708 ex
430 1648 499 1708 solis
527 1647 563 1708 iis
590 1646 742 1723 principiis
768 1660 798 1707 et
825 1644 1016 1721 notionibus,
1055 1643 1163 1721 quibus
1202 1658 1267 1704 tota

85 1760 185 1822 nostra
203 1760 342 1821 naturalis
362 1759 495 1839 cognitio
516 1759 729 1835 superstruitur.

127 1873 212 1935 Patet
232 1872 355 1948 deinde,
382 1890 433 1934 tur
460 1871 614 1947 Prophetae
642 1869 820 1932 omniafere
848 1868 1014 1945 parabolice
1035 1884 1065 1929 et
1086 1866 1267 1946 aenigmatice

84 1986 270 2061 perceperint
298 2000 328 2045 et
356 1984 526 2059 docuerint,
554 1999 584 2044 et
614 1983 710 2044 omnia
732 1981 891 2058 spiritualia
912 1980 1104 2057 corporaliter
1124 1978 1266 2056 expresse·

83 2097 161 2157 rint:
183 2098 244 2159 ltaec
265 2097 342 2157 enim
364 2097 461 2159 omnia
489 2115 554 2157 cum
582 2110 684 2157 natura
712 2093 928 2173 imaginationis
956 2092 1046 2172 magis
1074 2091 1267 2153 conveniunt.

84 2209 151 2267 Nec
169 2206 228 2283 jam
249 2206 431 2281 mirabimur,
451 2224 503 2267 cur
522 2206 688 2283 Scriptura,
707 2207 757 2269 vel
777 2205 946 2282 Prophetae,
966 2206 1040 2266 adeo
1059 2203 1216 2280 improprie
1236 2219 1267 2265 et

85 2316 209 2378 obscure
237 2319 274 2378 de
301 2317 359 2378 Dei
385 2315 497 2392 Spiritu
525 2315 584 2377 live
612 2332 708 2377 mente
736 2318 909 2393 loquantur,
936 2332 970 2377 ut
990 2316 1111 2377 Numeri
1132 2335 1196 2393 cap.
1221 2332 1266 2376 ιι.

84 2429 159 2490 vers.
184 2418 237 2504 17!
251 2443 281 2489 et
302 2428 389 2489 Primi
409 2430 525 2508 Regum
546 2447 611 2507 cap.
632 2446 680 2489 22.
703 2428 775 2491 vers.
798 2446 825 2490 2.
837 2443 894 2490 etc.
906 2428 1020 2491 Deinde
1032 2431 1114 2506 quod
1125 2428 1266 2490 Micheas

81 2544 178 2602 Deum
209 2542 370 2616 sedentem,
404 2541 507 2602 Daniel
537 2556 635 2602 autem
665 2557 700 2603 ut
729 2542 823 2603 senem
854 2541 984 2604 vestibus
1014 2541 1086 2602 albis
1114 2541 1267 2617 indutum,

80 2652 222 2714 Ezechiel
241 2671 313 2716 vero
334 2652 428 2715 veluti
448 2654 562 2732 ignem,
583 2669 613 2714 et
635 2654 686 2730 qui
707 2653 822 2715 Christo
834 2653 1264 2730 aderant,SpiritumSandium

80 2780 114 2826 ut
146 2767 308 2826 columbam
339 2743 578 2843 descendentem,
609 2767 746 2843 Apostoli
779 2784 848 2830 vero
880 2781 914 2827 ut
945 2766 1057 2845 linguas
1088 2766 1204 2844 igneas,
1235 2781 1265 2826 et

81 2879 190 2940 Paulus
221 2879 363 2956 denique,
395 2898 461 2941 cum
492 2880 572 2955 prius
604 2895 843 2957 converteretur,
874 2881 968 2941 lucem
996 2897 1125 2958 magnam
1147 2879 1264 2942 viderit.

80 2993 153 3052 Haec
174 2991 250 3052 enim
272 2991 368 3052 omnia
391 3011 456 3053 cum
479 2994 646 3072 vulgaribus
669 2995 705 3054 de
727 2995 794 3054 Deo
817 3009 846 3052 ct
868 2991 1026 3070 Spiritibus
1048 2989 1264 3070 imaginationi·

81 3104 137 3162 bus
168 3103 253 3177 plane
284 3102 477 3164 conveniunt.
507 3102 662 3180 Denique,
692 3101 831 3179 quoniam
862 3099 1033 3179 imaginatio
1066 3117 1140 3178 vaga
1172 3099 1212 3160 est
1233 3115 1263 3160 et

83 3214 266 3288 inconstans,
297 3214 365 3274 ideo
397 3213 553 3290 Prophetia
585 3213 740 3289 Prophetis
768 3231 828 3274 non
857 3211 908 3274 diu
935 3213 1079 3286 herebat,
1102 3229 1155 3272 nec
1176 3211 1263 3272 etiam

84 3326 237 3402 frequens,
265 3326 313 3387 sed
341 3326 497 3387 admodum
517 3343 579 3386 rara
601 3342 679 3401 erat,
701 3325 730 3386 in
753 3325 924 3402 paucilhmis
945 3323 1053 3385 scilicet
1075 3321 1263 3399 hominibus,

85 3436 164 3498 etin
185 3434 222 3497 iis
243 3435 330 3496 etiam
353 3437 508 3498 admodum
529 3453 603 3497 rar0.
625 3435 699 3497 Cum
720 3435 778 3495 hoc
801 3434 841 3495 ita
862 3433 916 3510 lit,
936 3433 1068 3512 cogimur
1084 3433 1143 3512 jam
1164 3433 1262 3510 inqui·

83 3565 161 3624 rere,
181 3548 258 3607 unde
286 3545 442 3622 Prophetis
470 3545 538 3606 oriri
559 3545 661 3622 potuit
682 3545 830 3607 certitudo
853 3563 970 3620 eorum,
990 3564 1056 3622 quae
1078 3561 1191 3606 tantum
1212 3563 1263 3620 per

82 3656 334 3736 imaginationem,
370 3673 401 3718 et
433 3676 493 3719 non
532 3675 568 3719 ex
605 3657 692 3718 certis
730 3656 836 3718 mentis
867 3655 1018 3733 principiis
1050 3655 1260 3732 percipiebant.

82 3771 191 3852 Verum
212 3769 354 3846 quicquid
375 3784 406 3831 et
426 3770 503 3830 circa
530 3771 588 3831 hoc
617 3769 675 3832 dici
704 3769 818 3846 potest,
846 3787 883 3828 ex
903 3767 1050 3844 Scriptura
1072 3768 1135 3844 peti
1156 3770 1260 3843 debet,

83 3882 318 3959 quandoquidem
347 3880 436 3958 hujus
466 3883 508 3944 rei
539 3885 588 3963 (ut
617 3883 676 3961 jam
708 3881 850 3960 diximus)
890 3899 986 3944 veram
1020 3880 1167 3942 scientiam
1200 3899 1260 3942 nou

82 3995 237 4069 habemus,
264 3992 322 4057 live
351 4012 413 4054 eam
441 4013 493 4071 per
522 3996 627 4072 primas
649 3995 713 4056 suas
736 3993 835 4054 causas
857 3992 1001 4068 explicare
1023 4011 1082 4052 non
1105 3989 1262 4068 possumus.

85 4104 162 4187 Quid
183 4119 279 4166 autem
300 4106 449 4184 Scriptura
470 4110 507 4167 de
528 4105 704 4167 certitudine
725 4106 935 4181 Prophetantm
947 4106 1053 4166 doceat
1059 4103 1109 4180 ,in
1121 4103 1260 4180 sequente

0 4194 4 4241 Γ
85 4217 188 4293 Capite
209 4217 373 4293 ostendam,
394 4217 444 4279 nbi
466 4221 502 4282 de
523 4218 681 4295 Prophetis
701 4234 785 4296 agere
806 4215 954 4276 constitui.
