2934 4900
392 402 707 466 Emendatione
738 404 989 467 Tractatut.
1240 424 1279 483 23

85 580 296 656 perceptiones
324 578 482 641 necessario
510 578 622 659 semper
649 580 716 644 sunt
739 580 887 659 confusa,
907 580 1077 660 compositae
1099 600 1137 644 ex
1158 582 1279 645 diversit

86 691 217 753 confusis
238 692 483 770 perceptionibus
505 711 599 757 rerum
610 694 640 757 in
650 697 765 757 Natura
787 694 992 771 existentium,
1011 710 1046 758 ιιι
1066 714 1132 757 cum
1151 695 1279 758 homini·

79 806 144 897 ‘bue
163 805 367 881 persuadetur,
388 804 417 867 in
440 804 534 883 filvis,
555 806 586 868 in
607 806 798 887 imaginibus,
819 807 850 870 in
870 807 980 884 bnrtia,
1000 824 1032 869 et
1052 807 1165 869 caeteria
1185 805 1279 870 adesse

86 915 224 992 numina;
253 914 315 979 dari
336 933 482 993 corpora,
503 936 541 977 ex
562 936 687 995 quorum
709 918 770 980 sola
790 918 1006 995 compositione
1026 919 1079 981 flat
1097 919 1279 995 intellediue3

86 1030 231 1091 cadavera
258 1027 445 1105 ratiocinari,
472 1030 638 1107 ambulare,
664 1030 766 1108 loqui;
786 1033 883 1094 Deum
905 1031 1019 1110 decipi,
1040 1049 1071 1095 et
1091 1032 1208 1111 similia;
1229 1033 1278 1094 sed

87 1140 180 1217 idea,
201 1160 268 1219 quac
289 1142 356 1203 sunt
378 1143 461 1203 clarae
483 1156 513 1203 et
536 1142 694 1220 distindae,
715 1162 864 1221 nunquam
886 1143 1005 1222 possunt
1026 1144 1083 1207 esse
1099 1146 1193 1207 falsa:
1211 1163 1278 1208 nam

88 1254 163 1315 ideae
179 1272 291 1331 rerum,
308 1272 374 1332 quae
392 1255 468 1315 clare
486 1270 517 1315 ct
532 1252 664 1317 distinete
682 1254 906 1333 concipiuntur,
923 1255 991 1319 sunt
1007 1259 1056 1321 vel
1073 1256 1278 1334 simpliciffitnae

86 1369 138 1429 vel
165 1366 336 1444 compofitae
366 1385 404 1428 ex
432 1366 505 1429 ideis
533 1366 757 1446 simplicissimis,
784 1368 816 1430 id
844 1369 900 1444 est,
928 1390 945 1430 a
970 1368 1177 1447 simpliciffimia
1202 1370 1278 1433 ideis

86 1480 232 1542 deduiiae.
272 1480 364 1562 Quod
385 1496 458 1541 vero
479 1478 545 1541 idea
566 1478 762 1556 limpliciiiima
784 1499 846 1541 non
867 1496 956 1557 queat
977 1479 1034 1543 eise
1055 1482 1144 1558 fflsa,
1165 1481 1278 1559 poterit

86 1591 291 1668 unusquisque
311 1590 429 1667 videre,
449 1592 540 1653 modo
561 1588 653 1667 sciat,
675 1590 748 1667 quid
769 1589 804 1653 lit
826 1608 945 1669 vetum,
963 1592 1024 1657 live
1044 1592 1226 1671 intellectus,
1246 1609 1277 1654 et

88 1702 173 1765 simul
194 1702 266 1779 quid
287 1702 399 1765 falsum.

126 1816 223 1891 Nam,
251 1815 384 1893 quodid
406 1815 534 1893 speciae,
561 1816 644 1893 quod
669 1816 792 1877 formam
813 1816 876 1879 veri
897 1816 1066 1894 constituit,
1087 1832 1199 1879 certum
1219 1818 1277 1895 est,

87 1924 304 2007 cogitationem
321 1945 420 1991 veram
438 1947 455 1990 a
473 1927 543 1989 falsa
564 1946 625 1989 non
645 1943 761 1990 tanturn
777 1946 831 2005 per
847 1927 1115 1991 denominationem
1136 1928 1277 1991 extrinse-

85 2058 170 2116 cam,
191 2039 241 2101 sed
262 2040 387 2103 manime
407 2058 459 2117 per
480 2039 663 2102 intrinsecam
684 2040 832 2120 distingui.
851 2042 927 2103 Nam
944 2039 965 2101 fi
983 2039 1050 2119 quit
1070 2040 1153 2103 saber
1173 2039 1277 2103 ordine

85 2152 229 2229 concepit
258 2152 396 2214 fabricam
424 2152 567 2230 aliquam,
592 2151 726 2230 quamvis
747 2152 814 2213 talin
835 2152 944 2215 fabrica
964 2170 1113 2230 nunquam
1134 2152 1278 2214 exstiterit

86 2283 142 2325 nec
171 2264 259 2326 etiam
285 2283 415 2341 unquam
435 2263 575 2326 exilitura
595 2262 646 2339 iit,
668 2264 732 2343 ejus
752 2262 941 2326 nihilominus
962 2264 1108 2345 cogitatio
1128 2282 1198 2327 vera
1218 2264 1277 2339 eii,

87 2392 119 2438 ec
140 2374 287 2458 cogitatio
315 2379 416 2438 eadem
444 2376 503 2455 est,
530 2374 590 2439 five
611 2376 721 2438 fabrica
742 2376 848 2437 existat
867 2374 927 2439 live
947 2375 1059 2453 minus3
1080 2388 1113 2437 et
1131 2391 1234 2438 contra
1253 2374 1274 2437 ii

84 2490 195 2568 aliquia
216 2488 304 2566 dicit,
324 2489 443 2550 Petrum
464 2507 511 2550 ex.
523 2507 564 2569 gr.
576 2487 711 2567 exiliere,
728 2507 783 2550 nec
802 2505 899 2551 tamen
916 2489 984 2566 scit,
1002 2489 1120 2551 Petrum
1137 2489 1275 2567 existere,

84 2603 135 2664 illa
164 2601 309 2682 cogitatio
338 2599 470 2678 respectu
497 2600 575 2662 illius
603 2601 673 2662 falsa
700 2601 759 2678 est,
786 2602 852 2678 vel,
872 2600 893 2662 fi
913 2602 1024 2678 mavis,
1045 2620 1106 2663 non
1127 2602 1169 2664 eli
1189 2620 1275 2680 vera3

85 2713 222 2794 quamvis
243 2716 347 2792 Petrus
375 2731 476 2777 revera
503 2713 617 2776 exiliat.
658 2716 723 2775 Nec
745 2713 808 2776 haec
829 2712 1015 2791 enuntiatio,
1035 2713 1140 2777 Petrus
1160 2714 1276 2793 existit,

84 2845 156 2890 vera
178 2805 235 2903 eli,
256 2825 307 2889 nili
327 2825 459 2903 respectu
481 2825 575 2903 illiue,
604 2825 656 2904 qui
677 2841 759 2888 certo
776 2825 853 2903 scit,
875 2826 991 2888 Petrum
1012 2825 1143 2888 exiliere.
1185 2828 1275 2890 Unde

85 2937 235 3016 sequitur,
262 2937 292 3000 in
322 2935 397 3000 ideis
425 2935 486 3000 dari
515 2936 626 3015 aliquid
653 2939 747 3014 reale,
767 2955 819 3015 per
838 2939 922 3016 quod
942 2955 1019 3001 verae
1040 2959 1056 3000 a
1078 2937 1154 3000 fallis
1175 2939 1275 3000 distin·

88 3067 235 3130 guuntur:
257 3051 340 3128 quod
361 3049 479 3128 quidem
496 3049 557 3128 jam
578 3049 810 3129 investigandum
831 3050 903 3126 erit,
924 3065 959 3112 ut
980 3050 1121 3127 optimam
1142 3051 1275 3115 veritatis

86 3179 218 3223 normam
247 3159 405 3223 habeamur
444 3161 497 3239 (en
527 3161 596 3222 dara
626 3159 703 3223 enim
734 3179 811 3224 vera
843 3159 916 3224 ideae
947 3180 1047 3224 norma
1077 3180 1133 3224 noa
1164 3162 1276 3226 nostrat

86 3272 287 3353 cogitationes
307 3273 412 3334 debere
434 3273 625 3334 determinare
654 3272 782 3335 diximus
792 3319 803 3351 ,
822 3273 1052 3351 methodumque
1073 3274 1274 3354 cognitionem

86 3383 142 3446 ell'e
163 3384 362 3464 redonicam),
384 3400 416 3446 et
437 3385 635 3462 proprietates
661 3385 826 3448 intelledius
852 3385 1021 3464 noscamut3
1042 3405 1097 3449 nec
1118 3387 1274 3449 dicendum

84 3497 162 3560 hanc
183 3497 376 3560 differentiam
398 3515 435 3558 ex
456 3514 493 3558 eo
516 3497 600 3574 oriri,
621 3500 703 3574 quod
726 3497 871 3577 cogitatio
889 3517 959 3561 vera
976 3499 1018 3561 eii
1034 3518 1080 3561 rea
1097 3492 1274 3580 cognoscere

85 3626 139 3686 per
158 3608 266 3686 primae
286 3608 352 3670 suat
371 3606 489 3686 causas,
510 3607 541 3671 in
564 3627 626 3686 quo
649 3608 768 3686 quidem
789 3626 805 3669 a
824 3608 893 3670 salsa
914 3611 1001 3672 valde
1022 3610 1168 3688 differret,
1184 3627 1274 3689 prout

86 3723 208 3784 eandem
241 3720 326 3799 supra
357 3720 502 3798 explicui:
535 3719 690 3802 Cogitatio
722 3720 799 3782 enim
830 3739 899 3784 vera
930 3721 1017 3782 etiant
1047 3720 1175 3797 dicitur,
1206 3739 1272 3800 quae

86 3833 237 3896 essentiam
259 3831 382 3912 alicujus
402 3829 541 3910 principii
562 3831 711 3910 objeslive
732 3829 862 3896 involvit
872 3878 883 3910 ,
904 3833 987 3909 quod
1008 3831 1120 3894 causant
1140 3851 1201 3895 non
1221 3833 1274 3894 ha·

85 3949 153 4023 bet,
175 3961 206 4008 et
228 3962 280 4022 per
299 3944 328 4006 se
349 3960 380 4005 et
400 3943 431 4005 in
453 3945 482 4006 se
503 3943 702 4024 cognoscitur.
744 3945 843 4029 Quare
870 3944 964 4006 forma
984 3962 1060 4007 verae
1081 3944 1274 4025 cogitationis
1321 3946 1325 3956 '

85 4057 115 4120 in
137 4061 239 4120 eedem
259 4055 320 4134 ipsa
341 4055 525 4136 cogitatione
547 4055 606 4117 fine
627 4054 770 4118 relatione
792 4058 830 4118 ad
851 4055 921 4117 aliae
942 4057 1030 4118 debet
1051 4054 1108 4117 eise
1128 4055 1197 4135 fita3
1218 4075 1273 4118 nec

85 4169 234 4246 objectum
262 4183 401 4246 tanquam
430 4166 543 4229 causam
572 4165 722 4247 agnoscit,
743 4167 794 4228 sed
812 4170 850 4229 ab
871 4167 933 4244 ipsa
953 4165 1118 4230 intelledua
1138 4166 1274 4244 potentia

84 4295 115 4341 et
136 4297 240 4342 natura
262 4281 390 4357 pendere
412 4281 510 4342 debet.
530 4277 865 4357 Namllsupponamut,
883 4278 1062 4342 intelleiium
1083 4297 1135 4340 ent
1152 4279 1273 4358 aliquod

84 4410 198 4455 novum
220 4391 393 4471 percepisse,
415 4393 497 4480 quod
519 4411 668 4472 nunquam
690 4390 817 4469 exstitit,
835 4390 906 4461 ficut
925 4390 1016 4470 aliqui
1026 4389 1083 4455 Dei
1094 4390 1271 4456 intelletum
