2934 4900
352 340 410 403 De
450 338 682 406 Servitute
722 318 917 401 Humana.
1175 336 1229 416 193

438 536 825 581 ormoutrnnrro

86 642 164 704 patet
189 646 227 689 ex
250 628 411 693 Ariomate
438 630 537 708 hujus.
568 632 646 693 Nam
666 634 741 723 dato.
756 630 875 723 homine
896 630 983 690 datur
1002 624 1113 705 aliquid
1135 626 1230 703 aliud,

52 758 118 818 puta
141 744 183 820 A,
213 743 368 821 potentius
374 790 384 821 ,
415 761 446 806 et
473 747 545 808 dato
566 746 595 806 A
616 748 703 807 datur
720 744 826 806 deinde
847 741 943 819 aliud,
963 756 1037 818 puta
1057 740 1096 816 B,
1117 738 1180 815 ipso
1202 734 1231 799 Α

55 854 214 933 potentius,
232 872 265 918 et
284 856 344 918 hoc
364 858 395 919 in
414 856 578 935 infinitum3
599 878 633 920 ac
655 856 780 934 proinde
797 856 932 935 potentia
949 852 1079 917 hominis
1097 844 1234 931 potentii

54 967 162 1029 alterius
190 969 233 1029 rei
263 968 418 1048 definitur,
448 986 480 1031 et
510 989 527 1032 a
558 971 694 1049 potentia
724 969 873 1032 causarum
906 984 1090 1029 externarum
1119 964 1232 1027 infinite

55 1074 204 1152 superatur.
237 1080 271 1155 Q.
294 1078 331 1140 E.
351 1080 393 1142 D.

428 1206 761 1270 PROPOSITIO
793 1206 846 1268 IV.

88 1314 165 1375 Fieri
186 1336 243 1377 non
264 1318 356 1398 potest
362 1364 372 1394 ,
399 1332 433 1379 ut
454 1318 531 1380 homo
552 1341 607 1380 non
622 1321 663 1399 stt
683 1322 813 1381 Nature
828 1333 921 1399 pars,
942 1331 970 1379 et
990 1333 1024 1379 ut
1043 1320 1139 1378 nullas
1155 1315 1236 1399 poffit

50 1432 110 1505 pati
136 1434 321 1505 mutationes,
351 1432 405 1510 mli
436 1451 499 1510 qua
520 1448 578 1515 per
592 1434 687 1511 solam
707 1433 796 1512 fuam
816 1447 954 1494 naturam
971 1432 1071 1512 pofflnt
1090 1432 1232 1511 intelligi,

53 1560 219 1621 quorumque
238 1546 394 1622 adaquata
409 1544 450 1623 stt
469 1548 568 1623 causa.

449 1702 848 1749 ormonsrunrrm

88 1776 239 1855 Potentia,
270 1798 329 1856 qua
359 1797 406 1840 res
436 1780 607 1861 singulares,
640 1800 671 1845 et
702 1783 918 1861 consequenter
947 1781 1038 1843 homo
1070 1780 1151 1843 suum
1179 1780 1236 1841 esse

54 1888 214 1967 conservat,
243 1890 284 1950 est
309 1891 371 1967 ipsa
402 1893 459 1953 Dei
479 1892 538 1956 sive
559 1896 681 1956 Naturae
703 1894 839 1971 potentin
860 1896 931 1974 (per
953 1894 1057 1954 Coroll.
1080 1894 1166 1973 Prop.
1188 1911 1236 1973 24

52 2012 78 2077 p.
109 2018 132 2061 1.
143 2003 191 2081 *),
220 2020 283 2063 non
314 2020 460 2080 quatenus
489 2004 605 2067 infinita
635 2008 697 2085 est,
734 2008 784 2070 sed
815 2024 961 2085 quatenus
996 2026 1049 2084 per
1083 2006 1235 2068 humanam

55 2114 184 2175 actualem
216 2086 378 2177 essentiam*
396 2117 536 2193 explicari
556 2119 655 2195 potest
685 2120 758 2199 (per
787 2122 876 2201 Prop.
908 2137 936 2197 7.
960 2133 992 2200 p.
1015 2121 1068 2200 3.).
1100 2118 1237 2181 Potentia

55 2225 145 2303 itaque
170 2228 319 2304 hominia,
346 2245 492 2307 quatenus
521 2249 573 2308 per
599 2231 688 2309 ipsius
715 2234 855 2294 adualem
883 2230 1031 2294 essentiam
1058 2231 1238 2308 explicatur,

55 2358 110 2412 pars
136 2341 178 2403 est
205 2342 328 2403 inlinitae
355 2344 413 2405 Dei
441 2342 492 2404 seu
518 2346 641 2404 Naturae
662 2344 824 2420 potenriae,
844 2344 902 2404 hoc
924 2344 965 2404 est
986 2342 1058 2423 (per
1077 2344 1165 2421 Prop.
1190 2360 1238 2421 34.

54 2454 127 2533 pr.)
148 2453 294 2531 essentiae3
314 2455 407 2538 Quod
427 2471 489 2517 erat
509 2455 641 2532 primum.
663 2456 778 2518 Deinde
800 2455 821 2516 fi
842 2456 904 2517 fieri
925 2451 1072 2532 posset**,
1092 2469 1126 2515 ut
1146 2453 1237 2514 homo

56 2568 137 2626 nullas
167 2566 265 2644 posset
284 2568 317 2603 *¹*
345 2569 408 2645 pati
437 2567 634 2646 mutationes,
656 2569 709 2630 nili
730 2589 797 2646 quae
818 2588 870 2646 per
889 2568 979 2630 solam
1000 2565 1089 2644 ipsius
1111 2565 1239 2628 hominis

58 2693 174 2740 naturam
206 2681 314 2755 poliint
345 2679 487 2759 intelligi,
519 2680 688 2759 sequeretur
717 2679 790 2762 (per
811 2682 900 2759 Prop.
922 2699 950 2760 4.
972 2692 1000 2738 ct
1020 2681 1050 2738 6.
1067 2691 1100 2758 p.
1123 2675 1182 2758 3.),
1204 2692 1238 2738 ut

58 2803 107 2847 non
118 2787 215 2864 posset
226 2790 258 2824 **
273 2789 381 2867 perire,
391 2791 443 2853 sed
458 2805 493 2852 ut
512 2791 624 2869 semper
640 2791 797 2853 necessario
817 2791 968 2868 existeret;
988 2806 1076 2868 atque
1086 2790 1145 2851 hoc
1157 2790 1238 2867 sequi

58 2899 164 2962 deberet
194 2919 236 2962 ex
265 2895 368 2978 causa,
397 2902 484 2979 cujus
511 2902 649 2980 potentia
675 2903 758 2965 finita
787 2919 839 2966 aut
858 2903 971 2964 infinita
993 2901 1045 2979 sic;
1065 2919 1169 2978 nempe
1190 2903 1238 2964 vel

61 3031 91 3072 er
114 3013 173 3076 sola
194 3014 323 3078 hominia
342 3017 496 3093 potentia,
517 3018 569 3095 qui
589 3017 701 3079 scilicet
722 3018 803 3094 potis
824 3017 910 3093 esset,
931 3033 965 3079 ut
986 3036 1003 3076 a
1025 3017 1053 3078 se
1075 3031 1238 3080 removeret

60 3125 172 3203 reliquas
203 3128 400 3205 mutationes,
422 3148 488 3206 quae
507 3149 525 3190 a
545 3130 638 3192 causis
659 3130 788 3192 externis
811 3130 880 3191 oriri
902 3129 1035 3207 possent;
1056 3131 1104 3193 vel
1125 3129 1237 3190 infinita

59 3237 169 3300 Nantrae
200 3240 354 3317 potentia,
385 3260 401 3300 a
430 3260 487 3318 qua
510 3241 608 3302 omnia
628 3241 780 3320 {ingruerit
801 3242 843 3302 ita
864 3241 1073 3320 dirigerentur,
1094 3256 1127 3301 ut
1147 3241 1238 3302 homo

59 3349 143 3411 nudas
171 3351 244 3412 alias
273 3349 371 3428 posset
400 3351 463 3428 pati
493 3353 690 3428 mutationes,
721 3351 774 3414 nist
806 3371 872 3430 quae
903 3351 992 3430 ipsius
1020 3351 1239 3416 conservationi

59 3457 220 3524 inserviunt.
250 3464 293 3525 At
315 3463 437 3539 primum
458 3463 531 3544 (per
550 3465 639 3544 Prop.
653 3466 788 3545 praeced„
805 3467 886 3541 cujus
902 3466 1101 3544 demonstratio
1117 3468 1236 3526 univer·

55 3571 122 3646 salis
151 3575 206 3654 est,
238 3589 267 3635 et
293 3577 336 3635 ad
358 3595 450 3636 omnes
469 3596 517 3637 res
531 3576 696 3656 fingulares
715 3578 863 3657 applicari
878 3577 983 3656 potest)
1012 3577 1052 3638 eil
1074 3576 1237 3639 absurdunt.

59 3683 145 3763 Ergo,
162 3685 184 3748 si
202 3687 264 3748 lieri
281 3687 444 3767 possetm,
461 3704 496 3750 ut
513 3689 604 3750 homo
622 3690 715 3750 nullas
733 3704 883 3766 pateretur
901 3688 1237 3766 mutationet,nis1quae

61 3813 104 3867 per
133 3797 221 3860 solam
251 3797 341 3874 ipsius
372 3778 499 3862 hominis
526 3817 658 3862 naturam
678 3799 795 3878 possent
815 3800 955 3882 intelligi,
976 3817 1005 3862 et
1027 3800 1240 3878 consequenter

64 3907 142 3982 (ficut
153 3911 220 3986 jam
240 3912 420 3992 ostendimus)
443 3929 478 3974 ut
498 3911 608 3989 semper
625 3912 780 3974 necessario
801 3913 951 3988 existeret;
975 3913 1005 3974 id
1022 3911 1104 3989 sequi
1121 3915 1241 3974 deberet

63 4037 94 4078 ex
121 4022 178 4083 Dei
209 4022 323 4085 infinita
355 4024 507 4101 potentia;
529 4040 560 4087 et
580 4024 795 4103 consequenter
816 4025 888 4105 (per
909 4027 997 4105 Prop.
1023 4028 1067 4087 16.
1084 4039 1117 4104 p.
1141 4027 1182 4106 r.)
1203 4045 1240 4086 ex

88 4191 101 4221 ⁸
133 4192 260 4256 Schmidt,
277 4196 429 4257 doubted,
445 4195 556 4257 Bruden
571 4194 688 4262 sigwrrt.
704 4221 736 4234 -·
755 4193 803 4246 Ed.
819 4195 874 4244 ΡΜ
888 4199 916 4260 p.
934 4203 959 4244 a.

22 4253 31 4302 ⁸
89 4273 115 4304 ¹⁴
148 4275 197 4326 Ed.
212 4277 270 4328 Pna
283 4277 368 4343 polit.

90 4353 131 4388 ”⁸
164 4357 211 4409 Ed.
228 4360 286 4411 Pu:
300 4359 389 4426 potest.
