2934 4900
229 304 267 365 80
644 303 824 366 Ethicet
854 305 922 367 Pars
943 305 979 366 11.

228 481 325 544 Deum
345 479 437 542 ideam
458 479 515 542 suae
537 478 676 557 essentie,
697 495 727 542 et
748 480 892 557 omnium,
913 499 979 559 quae
1000 499 1037 542 ex
1057 500 1092 542 ea
1109 479 1264 542 necessario
1281 479 1414 558 sequun-

229 608 292 668 tur,
314 592 435 656 fonnare
457 591 537 668 posse
558 611 595 654 ex
615 592 673 655 hoc
694 591 779 671 solo,
799 611 903 669 nempe
924 594 1006 670 quod
1026 593 1110 654 Deus
1130 593 1171 653 est
1191 610 1237 654 res
1257 591 1415 670 cogitans,

229 719 259 764 et
291 721 350 765 non
382 723 420 766 ex
451 722 505 780 eo,
536 707 618 782 quod
648 705 682 766 stt
712 703 771 766 sua
800 705 873 767 ideae
895 705 1051 782 objedturn.
1092 706 1190 787 Quare
1211 702 1267 764 eiie
1288 703 1415 763 formale

228 816 355 880 idearum
376 819 489 893 Deum,
510 833 655 894 quatenus
676 817 716 878 est
738 835 783 878 res
803 816 958 896 cogitans,
986 835 1040 892 pro
1062 815 1146 878 causa
1166 815 1307 896 agnoscit.
1350 816 1416 878 Sed

227 929 310 990 aliter
339 930 397 991 hoc
428 933 518 994 ruodo
549 929 769 992 demonstratur.
821 928 887 990 Effe
919 929 1038 991 formale
1069 928 1198 992 idearum
1230 930 1337 991 modus
1371 929 1417 990 est

226 1041 376 1120 cogitandi
404 1042 452 1120 (nt
473 1056 530 1122 per
550 1044 586 1120 se
613 1044 739 1122 notum),
766 1042 824 1103 hoc
845 1041 886 1102 est
917 1041 991 1122 (per
1014 1043 1117 1104 Caroli.
1138 1043 1226 1122 Prop.
1247 1053 1296 1117 ας.
1313 1055 1346 1121 p.
1373 1041 1417 1122 1.)

227 1157 348 1231 modus,
375 1154 426 1232 qui
453 1155 511 1215 Dei
540 1170 669 1216 naturam
691 1170 838 1230 quatenus
859 1153 900 1214 est
920 1171 965 1216 res
986 1153 1120 1233 cogitans
1142 1169 1223 1215 certo
1244 1156 1334 1216 modo
1357 1173 1416 1213 ex·

225 1266 341 1344 primit,
364 1270 498 1344 adeoque
523 1264 593 1348 (per
614 1269 702 1346 Prop.
728 1285 773 1328 10.
789 1281 822 1346 p.
847 1269 887 1346 1.)
916 1268 1023 1329 nullius
1052 1267 1169 1329 alterius
1195 1266 1331 1328 attributi
1351 1267 1416 1326 Dci

226 1394 403 1456 conceptum
431 1378 575 1454 involvit,
603 1395 633 1440 et
663 1379 877 1456 consequenter
906 1380 978 1460 (per
1002 1379 1117 1440 Axium.
1138 1399 1166 1458 4.
1184 1392 1215 1458 p.
1240 1378 1279 1457 ι.)
1300 1377 1416 1438 nullius

227 1491 345 1554 alterius
373 1491 507 1554 attributi
536 1490 586 1552 nist
613 1490 807 1569 cogitationis
837 1493 878 1552 est
899 1491 1036 1554 effecius:
1058 1493 1192 1568 adeoque
1213 1487 1268 1551 etse
1290 1491 1415 1549 formale

227 1604 353 1668 ideantrn
383 1605 497 1680 Deum,
524 1618 670 1680 quatenus
698 1617 814 1666 tanturn
834 1620 868 1665 ut
889 1622 934 1665 res
955 1603 1089 1682 cogitans
1117 1603 1332 1678 consideretur,
1354 1617 1416 1662 etc.

228 1717 261 1794 Q.
283 1719 320 1777 E.
340 1719 383 1777 D.
687 1716 691 1722 ’

609 1829 938 1891 PROPOSITIO
968 1830 1020 1890 Vl.

267 1959 464 2035 Cujnscnnque
490 1959 631 2018 attributi
657 1961 732 2018 modi
752 1960 863 2034 Deum,
884 1971 1025 2034 quatenns
1044 1969 1156 2017 tantum
1171 1956 1230 2032 sub
1248 1956 1298 2013 iilo
1316 1959 1414 2014 attri-

225 2070 305 2144 buto,
335 2071 414 2146 cusiis
434 2071 509 2129 modi
522 2071 611 2146 funt,
631 2083 660 2129 ct
679 2089 735 2130 non
754 2084 894 2146 quatenus
908 2069 967 2146 snb
985 2071 1043 2130 utto
1061 2071 1120 2130 alio
1139 2067 1412 2146 confidcratnr,pro

225 2183 314 2259 cansa
335 2181 448 2242 habent.

624 2312 1019 2358 nunonsrunrro

266 2425 508 2501 Unumquodque
530 2422 606 2485 enirn
627 2423 803 2485 attributum
823 2442 875 2500 per
895 2423 924 2485 se
946 2423 1054 2501 absque
1076 2422 1133 2484 alio
1154 2423 1322 2499 concipitur
1339 2421 1414 2504 (per

225 2537 314 2615 Prop.
340 2554 384 2602 10.
401 2550 432 2616 p.
459 2537 507 2611 r.).
539 2538 637 2619 Quare
657 2536 888 2614 uniuscujusque
908 2537 1044 2598 attributi
1065 2536 1143 2598 modi
1166 2552 1343 2613 conceptum
1366 2536 1413 2597 sui

226 2644 376 2722 attributi,
395 2666 455 2709 non
474 2662 570 2708 autent
589 2647 707 2709 alterius
725 2648 901 2724 involvunt;
921 2651 1055 2725 adeoque
1077 2647 1149 2731 (per
1158 2648 1314 2726 Axiam„
1320 2662 1355 2727 p.
1370 2649 1413 2725 1.)

226 2758 339 2833 Deum,
357 2776 503 2835 quatenus
521 2775 634 2821 tanturn
657 2760 708 2821 sub
731 2760 783 2821 ilio
805 2760 967 2836 attributo,
989 2761 1073 2837 cujus
1094 2760 1174 2823 modi
1192 2759 1274 2836 sunt,
1294 2775 1326 2821 et
1348 2778 1413 2819 non

227 2884 371 2945 quatenus
392 2870 444 2931 sub
468 2871 527 2931 ullo
549 2871 606 2931 alio
629 2870 838 2948 consideratur,
858 2891 913 2949 pro
934 2874 1018 2935 causa
1038 2874 1157 2934 habent.
1200 2875 1234 2950 Q.
1257 2874 1292 2933 E.
1313 2874 1359 2933 D.

639 3048 996 3095 conoubnkrun

265 3156 504 3237 Hincdeqnitur,
527 3162 608 3233 quod
630 3159 685 3219 ess'e
709 3160 827 3221 fonnale
849 3179 960 3236 rerunt,
980 3180 1045 3237 quae
1066 3161 1145 3221 modi
1164 3179 1223 3221 non
1242 3160 1308 3222 sunt
1327 3162 1414 3241 cogi·

226 3266 324 3344 tandi,
346 3287 405 3328 non
428 3267 558 3345 sequitur
578 3270 647 3330 ideo
669 3290 706 3330 ex
728 3271 828 3333 divina
850 3289 969 3348 natura,
991 3272 1058 3349 quia
1080 3292 1125 3334 res
1146 3272 1225 3349 prius
1246 3274 1414 3351 cognovit3

226 3380 274 3440 sed
303 3383 405 3442 eodem
433 3384 522 3441 modo
552 3384 711 3459 eademque
740 3386 906 3445 neceffitate
928 3404 973 3446 res
994 3384 1098 3447 ideatae
1120 3405 1156 3446 ex
1178 3385 1236 3446 suis
1256 3386 1414 3448 attributis

225 3491 444 3569 consequuntur
470 3508 499 3554 ct
522 3494 753 3571 concluduntur,
785 3514 818 3556 ac
849 3496 930 3559 ideas
962 3516 999 3558 ex
1030 3497 1174 3559 attributo
1206 3498 1414 3575 Cogitationis

225 3602 365 3679 consequi
386 3603 572 3667 ostendimus.

601 3775 930 3837 PROPOSITIO
961 3778 1029 3839 Vll.

267 3902 343 3960 Ordo
364 3915 391 3961 et
411 3905 542 3961 connexio
561 3904 691 3963 idearum
711 3906 786 3963 idem
806 3905 860 3983 est,
881 3924 916 3965 ac
935 3908 1003 3967 ordo
1023 3920 1051 3965 et
1070 3911 1202 3966 connexio
1223 3926 1329 3967 rernm.

616 4080 1000 4127 numonauknrto

264 4203 345 4263 patet
367 4208 404 4250 ex
425 4192 484 4250 Ax.
505 4210 533 4271 4.
556 4210 584 4265 p.
608 4206 633 4250 1.
659 4192 735 4253 Nam
757 4192 957 4269 cujuscunque
978 4193 1088 4255 causati
1109 4194 1174 4256 idea
1195 4212 1210 4253 a
1233 4196 1410 4273 cognitione

225 4300 332 4376 causae,
354 4300 438 4379 cujus
460 4302 500 4363 est
521 4302 658 4379 effedus,
679 4307 836 4380 dependet.
