2934 4900
186 260 241 321 168
604 254 785 316 Ethices
812 253 881 315 Pars
901 254 953 313 ΙΙΙ.

182 453 313 501 naturam
335 436 425 499 nostri
445 434 590 511 Corporis
610 448 642 496 et
662 448 795 495 naturam
817 432 950 509 corporis
971 431 1085 493 externi
1107 431 1248 495 involvit.
1258 434 1376 495 Natura

183 550 273 629 igitur
300 546 530 624 uniuscujusque
557 546 692 623 paffionis
720 545 763 606 ita
791 544 948 606 neceffario
977 546 1066 606 debet
1086 544 1243 623 explicari,
1264 561 1297 607 ut
1318 548 1375 607 ob-

180 660 268 739 jeui,
287 678 303 720 a
326 676 387 736 quo
409 656 566 733 afficimur,
588 672 692 718 natura
721 656 911 733 exprimatur.
952 658 1067 733 Nempe
1087 656 1225 733 Laetitia,
1246 676 1313 734 que
1336 676 1374 717 ex

185 771 303 851 objesto
324 790 371 832 en.
392 789 434 851 gr.
455 772 484 831 A
505 770 617 845 uritur,
636 784 769 831 naturam
791 768 880 847 ipfius
902 768 1011 847 objedii
1032 772 1078 846 A,
1099 783 1130 831 et
1150 770 1287 847 Laetitia,
1305 789 1374 849 quae

184 904 222 947 ex
250 883 368 961 objedo
389 884 412 944 B
434 882 545 959 oritur,
572 881 661 959 ipflus
691 881 800 958 objedi
820 883 844 943 B
866 897 997 943 naturam
1018 882 1164 958 involvit;
1184 898 1275 962 atque
1296 886 1374 945 adeo

183 996 214 1056 hi
242 998 302 1057 duo
331 993 458 1057 Laetitiae
488 994 608 1055 affedius
629 1008 734 1055 natura
757 993 825 1055 sunt
846 993 968 1071 diveru,
990 993 1059 1073 quia
1080 1013 1117 1056 ex
1138 994 1229 1057 caufie
1250 996 1373 1060 diversa

184 1124 296 1170 naturae
323 1108 467 1170 oriuntur.
508 1106 556 1168 Sic
585 1105 673 1167 etiam
698 1104 838 1167 Tristitia:
866 1105 1004 1183 affediur‚
1032 1105 1083 1184 qui
1112 1125 1150 1167 ex
1170 1125 1231 1169 uno
1253 1106 1373 1185 obiet'ao
1444 1112 1445 1115 ’

185 1221 293 1296 oritur,
324 1217 456 1283 diversus
487 1232 590 1280 natura
620 1216 699 1278 esta
720 1217 870 1293 Tristitia,
901 1236 967 1295 quae
998 1220 1036 1280 ab
1066 1218 1121 1281 alia
1150 1219 1234 1281 causa
1263 1220 1374 1297 oritur;

186 1338 268 1414 quod
295 1334 384 1396 etiam
411 1336 448 1395 de
475 1335 602 1407 Amore,
623 1331 721 1408 Odio,
743 1331 820 1408 Spe,
840 1331 944 1407 Metu,
966 1330 1053 1393 animi
1073 1330 1295 1406 Fluduatione,
1316 1346 1374 1392 etc.

186 1448 406 1527 intelligendum
429 1446 487 1507 est:
509 1464 542 1506 ac
564 1444 688 1523 proinde
709 1444 856 1521 Laetitiae,
876 1444 1032 1522 Tristitia,
1053 1444 1188 1521 Amoris,
1208 1444 1295 1521 Odii,
1316 1460 1374 1505 etc.

185 1575 235 1623 tot
255 1560 367 1638 species
387 1557 544 1621 neceiiario
566 1559 690 1633 dantur,
711 1573 787 1634 quot
807 1556 875 1619 sunt
896 1557 1007 1634 species
1028 1556 1375 1635 obJeetorum,aquibus

186 1672 335 1735 afficimur.
376 1674 419 1733 At
447 1671 604 1748 Cupiditas
625 1670 666 1731 est
687 1669 749 1746 ipsa
771 1668 999 1748 uniuscujusque
1026 1669 1162 1747 edentia,
1180 1671 1232 1733 seu
1252 1684 1377 1746 natura,

186 1800 334 1863 quatenus
355 1802 394 1845 ex
414 1786 483 1845 data
503 1800 680 1859 quacunque
701 1780 766 1859 ejus
787 1782 1000 1844 constitutione
1028 1784 1219 1845 determinata
1238 1783 1374 1861 concipi·
1437 1836 1441 1843 .

187 1913 235 1959 tur
261 1899 299 1960 ad
327 1895 438 1973 aliquid
465 1896 609 1973 agendum
637 1894 714 1973 (vid.
742 1892 833 1955 Schol.
861 1896 951 1975 Prnp.
971 1913 1000 1973 9.
1026 1894 1143 1976 nujus);
1171 1914 1255 1977 ergo,
1283 1914 1377 1973 prout

189 2008 386 2087 unusquisque
398 2028 414 2069 a
427 2006 518 2070 causrs
540 2008 669 2068 externis
689 2007 744 2069 hac
766 2025 817 2069 aut
839 2008 886 2069 illa
907 2008 1049 2085 Laetitiae,
1070 2009 1224 2087 Tristitia,
1244 2010 1377 2086 Amoris,

189 2122 276 2199 Odii,
304 2137 362 2182 etc.
390 2120 486 2199 specie
513 2120 656 2195 afficitur,
682 2121 741 2181 hoc
762 2121 821 2197 est,
841 2136 931 2197 prout
953 2121 1017 2199 ejus
1038 2138 1141 2184 natura
1162 2122 1220 2184 hoc
1242 2138 1293 2185 aut
1315 2124 1375 2185 alio

188 2236 278 2295 modo
299 2233 503 2308 constituitur,
530 2232 572 2292 ira
593 2231 657 2309 ejus
678 2232 835 2309 Cupiditas
856 2234 911 2295 alia
933 2250 1022 2312 atque
1044 2235 1099 2297 alia
1120 2234 1194 2312 eise,
1214 2251 1245 2297 et
1266 2252 1373 2299 natura

188 2347 277 2409 unius
296 2364 313 2407 a
334 2363 437 2407 natura
459 2343 577 2405 alteriue
598 2342 781 2421 Cupiditatis
801 2360 915 2407 tantum
938 2346 1052 2411 differre
1074 2347 1184 2410 necesse
1205 2349 1264 2425 est,
1280 2368 1375 2427 quan-

187 2478 250 2523 tum
271 2461 410 2537 affeeius,
432 2478 448 2520 a
470 2458 577 2536 quibus
600 2476 785 2536 unaquaque
807 2459 916 2537 oritur,
937 2459 1013 2521 inter
1034 2459 1062 2522 se
1083 2460 1232 2522 differunt.
1258 2462 1376 2523 Danuu

186 2574 289 2650 iraque
310 2587 358 2634 tot
379 2571 490 2648 species
511 2570 711 2647 Cupiditatis,
737 2587 813 2648 quot
834 2570 900 2632 sunt
920 2571 1032 2648 species
1052 2572 1197 2649 Laetitiae,
1218 2572 1376 2649 Tristitiae,

187 2685 323 2762 Amoris,
350 2699 426 2760 etc.,
446 2700 476 2743 et
498 2682 712 2759 consequenter
739 2683 813 2764 (per
826 2683 892 2760 jam
912 2685 1034 2764 ostensa)
1056 2700 1132 2762 quot
1152 2684 1220 2745 funt
1241 2683 1375 2761 objedio·

187 2817 250 2861 rum
271 2798 399 2875 species,
420 2815 437 2858 a
457 2795 567 2873 quibus
590 2796 738 2858 afficimur.
781 2799 816 2876 Q.
837 2799 874 2859 E.
894 2800 935 2860 D.

655 2944 735 2986 scra
749 2943 861 2988 οιιυ
874 2943 911 2986 u.

226 3027 307 3087 Inter
334 3024 489 3087 affeetuum
518 3022 647 3100 species,
676 3041 741 3098 quae
771 3021 844 3101 (per
871 3023 960 3103 Prop.
977 3023 1082 3102 pree.)
1111 3023 1292 3098 perplurimae
1322 3021 1377 3084 effe

187 3143 313 3218 debent,
335 3139 459 3220 infignes
481 3140 547 3201 sunt
569 3140 727 3214 Luxuria,
755 3138 912 3214 Ebrietas,
932 3138 1052 3214 Libido,
1073 3137 1234 3214 Avertere,
1253 3153 1284 3198 et
1307 3137 1378 3198 Am-

187 3255 272 3330 bitio,
293 3272 358 3331 quae
380 3270 441 3313 non
461 3251 513 3312 niu
535 3251 654 3312 Amoris
676 3252 725 3312 vel
745 3249 927 3326 Cupiditatis
949 3248 1015 3310 suut
1034 3248 1187 3324 notiones,
1205 3268 1271 3326 quae
1289 3249 1379 3327 hujus

189 3336 340 3444 utriuspue
363 3364 484 3427 affedus
504 3379 636 3426 naturam
659 3361 810 3439 explicant
831 3379 883 3438 per
905 3361 1036 3440 objedia,
1058 3364 1094 3424 ad
1116 3379 1182 3440 quae
1203 3363 1379 3424 referuntur.

190 3481 266 3540 Nam
287 3496 339 3554 per
358 3475 536 3553 Luxuriam,
557 3475 755 3551 Ebrietatem,
777 3475 960 3551 Libidinem,
979 3475 1160 3552 Avaritiam,
1180 3491 1210 3536 et
1227 3475 1379 3538 Ambitio·

191 3609 257 3652 nem
288 3590 360 3652 nihil
390 3589 470 3651 aliud
500 3587 707 3666 intelligimus,
735 3606 821 3663 quarn
852 3587 1050 3664 convivandi,
1070 3588 1212 3666 potandi,
1233 3591 1380 3666 coeundi,

191 3701 377 3778 divitiarum,
393 3717 424 3762 et
441 3699 541 3779 gloriae
560 3699 783 3761 immoderatum
795 3703 933 3762 Amorem
945 3699 1215 3776 velCupiditatem.
1236 3701 1380 3762 Praeterea

190 3813 220 3873 hi
249 3812 387 3889 aldedus,
416 3829 562 3890 quatenus
589 3831 643 3874 eos
664 3829 717 3888 per
738 3813 830 3874 solum
852 3813 1017 3892 objedum,
1037 3817 1073 3875 ad
1095 3815 1177 3889 quod
1197 3813 1382 3887 referuntur,

191 3927 228 3986 ab
260 3924 324 3986 aliis
355 3924 574 4005 distinguimur,
604 3925 769 3986 contrarios
802 3943 861 3986 non
893 3925 1012 3988 habent.
1053 3927 1128 3988 Nam
1156 3927 1381 4006 Temperantia,

192 4059 278 4118 quam
306 4039 444 4102 Luxuriae
450 4084 461 4115 ,
488 4054 520 4100 et
546 4038 710 4112 Sobrietas,
740 4057 827 4116 quam
848 4038 1011 4113 Ebrietati‚
1032 4054 1061 4100 et
1084 4039 1210 4118 denique
1234 4041 1381 4120 Castr‘ras,

192 4171 279 4230 quant
309 4148 440 4213 Libidini
473 4168 623 4228 opponere
656 4150 799 4226 solemus,
831 4149 950 4212 affedtus
976 4150 1029 4212 seu
1048 4151 1190 4226 paffiones
1211 4169 1273 4211 nou
1295 4149 1380 4227 sunt,

191 4263 242 4327 sed
262 4261 349 4328 animi
371 4262 502 4328 indicant
522 4261 705 4343 potentiam,
726 4279 793 4342 quae
813 4261 869 4323 hor
891 4261 1011 4324 affedius
1033 4264 1208 4324 moderatur.
1229 4259 1378 4326 Caeterurn
