2934 4900
441 369 496 431 De
536 366 806 430 Affectibut.
1160 385 1214 448 131

430 563 828 608 nmmonsnnnntm

69 639 213 716 Primum,
241 643 323 716 quod
349 641 462 702 Mentis
488 639 633 702 eiientiam
661 640 832 716 constituit,
859 639 932 700 nihil
958 640 1036 700 aliud
1067 640 1107 700 est
1133 657 1218 715 quam

34 751 92 808 idm
112 749 262 826 Corporis
282 754 348 814 ntiu
369 750 519 812 existentis
541 751 609 830 (per
629 753 718 830 Prop.
743 767 788 810 11.
808 765 837 811 et
861 767 906 828 ¹3·
923 770 955 828 p.
977 753 1037 830 2.),
1059 769 1124 827 quae
1146 751 1220 828 (per

34 863 115 938 Prnp.
141 875 190 938 15.
209 883 243 940 p.
265 864 308 942 α.)
337 882 375 924 ex
403 863 503 926 multis
530 863 593 924 aliie
622 863 826 940 componitur,
854 882 975 941 quarum
997 866 1128 940 quaedam
1150 862 1220 941 (per

36 976 132 1035 Coreli.
154 977 251 1052 Prop.
273 976 320 1054 38.
337 995 369 1052 p.
391 977 434 1053 2.)
456 974 522 1036 sunt
544 978 725 1052 adaeqtmtae,
747 978 878 1052 quaednm
904 991 1000 1036 nutem
1027 975 1218 1052 inadaequatae

35 1087 45 1160 i
49 1101 101 1163 per
123 1087 234 1146 Coroll.
255 1087 343 1166 Prop.
366 1105 414 1166 29.
430 1088 527 1167 p.2.).
548 1086 699 1170 Quicquid
720 1105 790 1165 ergo
810 1106 847 1148 ex
868 1087 979 1148 Mentis
1000 1103 1102 1148 natura
1123 1086 1218 1162 sequi-

35 1213 91 1270 tur,
118 1213 150 1258 et
179 1198 269 1276 cujus
296 1200 383 1260 Mens
405 1198 487 1260 causa
512 1198 552 1259 est
573 1199 723 1276 proxima,
745 1217 796 1274 per
816 1217 901 1274 quam
923 1199 952 1259 id
972 1200 1061 1258 debet
1081 1197 1220 1276 intelligi,

35 1309 187 1372 neceiiario
211 1329 249 1372 ex
271 1311 334 1372 iden
357 1315 508 1388 adaequata
530 1313 578 1374 vel
599 1311 785 1388 inadaequata
803 1310 884 1387 sequi
903 1313 1001 1372 debet.
1023 1311 1219 1387 Atquatenus

36 1421 117 1482 Mens
139 1423 217 1501 (per
237 1425 326 1501 Prop.
350 1440 376 1484 1.
397 1422 497 1502 nujus)
520 1423 600 1486 ideas
621 1424 709 1484 habet
731 1423 948 1499 inadaeqmtas‚
976 1439 1098 1484 eatenus
1120 1421 1217 1482 neces·

35 1532 103 1591 sario
125 1534 259 1610 petitum
286 1551 356 1612 ergo
385 1534 497 1596 Mentis
518 1533 648 1596 titiones
670 1551 707 1593 ex
728 1533 797 1595 solis
817 1533 891 1596 ideis
912 1533 1073 1610 adaequntis
1093 1532 1217 1609 sequun-

36 1663 91 1718 tur,
110 1661 140 1706 et
158 1647 252 1706 Mens
270 1663 423 1723 propterea
443 1663 556 1708 tantum
575 1645 701 1724 patitur,
720 1646 789 1723 quia
806 1646 886 1707 ideas
904 1646 992 1708 habet
1011 1645 1218 1723 inadaequatas.

38 1757 66 1832 Q.
87 1759 123 1816 n.
144 1759 188 1818 n.

500 1855 755 1900 senonum.

72 1932 218 1994 Videmus
245 1931 345 2009 itaque
373 1933 514 2009 paffiones
542 1936 579 1995 ad
605 1934 738 1995 Mentem
766 1952 827 1994 non
856 1933 971 2008 referri,
999 1932 1050 1993 niii
1071 1949 1218 2012 quatenus

40 2042 141 2118 aliquid
163 2045 272 2118 habet,
293 2047 376 2122 quod
397 2046 581 2124 negationem
604 2045 755 2121 invoivit,
776 2046 836 2108 stve
857 2062 1002 2123 quatenus
1023 2047 1219 2108 confidentur

40 2155 151 2216 Netutae
173 2174 260 2232 part,
288 2173 353 2232 quae
383 2173 435 2232 pet
461 2155 490 2220 ie
518 2157 626 2234 absque
655 2156 718 2218 aliis
740 2176 800 2218 non
821 2157 918 2234 potest
939 2159 1014 2218 clare
1035 2174 1065 2219 et
1086 2156 1217 2219 distintie

41 2267 159 2344 percipi;
182 2285 214 2329 et
232 2268 288 2328 hac
310 2267 423 2330 ratione
445 2269 595 2331 ostendere
622 2267 751 2346 poii'em,
776 2271 918 2346 paffiones
943 2273 1046 2331 eodem
1069 2273 1159 2331 modo
1181 2274 1216 2330 ad

42 2393 77 2434 tes
102 2377 262 2461 finguiates
291 2397 323 2440 ac
352 2383 388 2442 ad
408 2381 541 2442 Mentem
562 2380 679 2456 referri,
699 2399 753 2442 nec
775 2381 966 2442 alienatione
987 2380 1067 2458 posse
1090 2381 1216 2458 percipi;

43 2488 82 2549 sed
101 2510 198 2553 meum
220 2490 384 2554 institutum
406 2492 469 2573 est,
490 2496 526 2555 de
548 2493 608 2555 sola
628 2495 731 2555 Mente
752 2494 876 2555 humana
896 2511 989 2573 agere.

415 2651 746 2714 PROPOSITIO
786 2654 839 2713 1v.

72 2760 164 2823 Nulla
186 2780 233 2823 res
243 2806 253 2838 ,
272 2762 327 2840 m'fi
346 2780 366 2821 a
385 2764 474 2840 causa
494 2778 616 2825 externa
625 2809 635 2841 ,
653 2766 743 2843 potest
762 2764 878 2843 destrui.

431 2908 825 2954 nmmomsnnnntm

73 2986 142 3049 Haec
165 2986 333 3063 Propoiitio
355 2988 455 3062 perse
476 3003 577 3065 patet3
599 2987 735 3049 definitio
756 2986 832 3049 enim
854 2986 1053 3065 cujuscunque
1070 2988 1111 3048 tei
1129 2987 1217 3064 ipiius

41 3096 73 3155 rei
98 3098 250 3161 essentiam
278 3096 415 3175 affirmat,
443 3097 493 3160 sed
523 3116 584 3159 non
604 3114 709 3177 negat3
731 3098 791 3161 sne
812 3098 854 3159 rei
875 3096 1021 3159 effentiam
1043 3098 1146 3175 ponit,
1167 3098 1216 3159 sed

42 3226 92 3269 nnn
111 3211 205 3273 tollit.
236 3212 316 3273 Dum
337 3211 437 3289 imque
459 3213 495 3273 ad
517 3228 575 3273 tem
597 3210 687 3289 ipsam
708 3226 839 3286 tantum,
861 3228 922 3271 non
943 3226 1040 3272 autem
1060 3213 1096 3271 ad
1117 3209 1217 3273 causas

42 3336 170 3383 externas
190 3322 386 3397 attendimus,
407 3321 479 3383 nihii
500 3322 530 3383 in
553 3325 653 3385 endem
674 3322 838 3399 poterimus
860 3322 1009 3399 invenire,
1026 3325 1107 3399 quod
1127 3322 1215 3399 ipsam

43 3432 115 3501 pont
137 3432 294 3495 destruere.
338 3435 372 3509 Q.
394 3434 431 3493 E.
452 3436 492 3497 D.

421 3576 750 3639 PROPOSITIO
791 3577 830 3635 V.

73 3686 130 3747 Res
151 3700 268 3746 eatenus
288 3692 444 3747 mntrariae
458 3688 531 3764 funt
551 3702 681 3763 natura,
703 3686 754 3749 noc
774 3688 831 3765 est,
852 3700 968 3747 eatenus
987 3690 1021 3745 in
1039 3688 1129 3747 eodem
1143 3686 1215 3762 sub·

39 3794 98 3865 ictio
118 3796 172 3875 effe
191 3813 347 3875 nequeunt,
368 3814 509 3876 quatenus
528 3818 588 3859 una
607 3800 732 3860 alteram
749 3800 839 3877 potest
858 3800 1008 3877 destruere.

432 3938 825 3986 nmmomsnnnntm

75 4018 103 4077 Si
126 4018 203 4079 enim
224 4016 349 4080 intense
370 4018 547 4095 convenite,
575 4020 623 4083 vel
643 4018 673 4080 in
695 4021 799 4080 eodem
820 4018 951 4095 subjeiio
972 4018 1053 4080 stmui
1072 4018 1127 4080 eiie
1147 4018 1215 4095 pos·

45 4124 116 4207 sent,
137 4128 234 4206 pnffet
255 4146 324 4208 ergo
345 4128 376 4189 in
397 4132 500 4191 eodem
522 4128 653 4207 subjmo
674 4130 785 4207 aliquid
806 4128 866 4191 dati
877 4176 888 4207 ,
907 4132 989 4207 quod
1009 4128 1101 4206 ipsum
1122 4128 1216 4206 poffet

46 4240 196 4317 destruere,
226 4244 308 4317 quod
339 4240 413 4322 (per
432 4242 522 4321 Prop.
539 4244 676 4321 μακά.)
709 4242 749 4303 en
776 4240 938 4303 absurdum.
978 4241 1057 4319 Ergo
1085 4258 1131 4301 tes
1158 4256 1215 4301 etc.

48 4350 73 4427 Q.
93 4354 128 4413 Ε.
150 4354 190 4414 D.
