2934 4900
221 295 282 371 496
699 287 939 354 Tractatua

261 465 378 549 Quibus
405 465 511 528 deinde
539 465 664 529 addendi
692 467 760 529 sunt
787 466 856 528 anni
877 466 956 529 illiua
977 467 1090 545 saeculi,
1112 487 1174 546 quo
1194 469 1407 546 postmortem

219 577 317 660 Josuae
348 577 525 656 Respublica
546 566 747 642 'Hebraeorum
779 577 897 654 floruit,
927 581 1024 641 donec
1044 597 1062 640 a
1086 579 1186 642 Kusan
1216 581 1406 661 Risstgataito

221 689 337 752 subasba
357 689 433 766 suit,
453 708 577 768 quorum
598 709 749 754 numerum
768 709 903 772 manum
924 691 1008 755 fuisse
1028 695 1135 770 cted03
1154 711 1216 756 non
1238 695 1322 758 enim
1342 696 1405 755 mibi

221 801 391 878 persuadere
411 803 541 880 possum,
562 806 645 882 quod
665 804 761 868 statim
781 805 848 882 pori
867 819 990 867 mortem
1009 805 1108 886 Josut
1129 825 1250 886 omnea,
1271 809 1327 886 qui
1348 809 1405 886 ejus

208 891 215 904 ¹
220 929 359 990 portenta
375 913 509 978 viderant
513 961 523 992 ,
540 934 602 978 uno
620 931 772 978 momento
789 916 954 994 perierunt;
971 935 1027 980 nec
1044 921 1127 996 quod
1144 937 1246 981 eorum
1265 919 1403 982 successo

220 1043 266 1086 res
294 1043 354 1088 ιιιιο
383 1029 448 1089 adiu
475 1043 506 1088 et
534 1027 594 1091 istu
620 1029 735 1108 legibue
762 1028 985 1108 valedixerunt,
1005 1045 1037 1092 et
1057 1049 1097 1091 ex
1114 1031 1221 1093 summa
1242 1032 1359 1095 vimute
1377 1033 1403 1092 in

219 1137 355 1200 summam
376 1137 536 1216 nequitiam
552 1155 583 1201 et
596 1139 761 1204 socordiam
780 1137 852 1217 lapfi
871 1140 955 1216 suut;
975 1159 1031 1202 nec
1050 1141 1178 1220 denique
1200 1145 1288 1219 quod
1308 1143 1402 1205 Kusan

220 1250 404 1330 Rislrgataim
435 1268 488 1313 eoa
519 1251 627 1316 dicium
659 1253 766 1315 fanum
796 1252 921 1329 subegit,
971 1253 1030 1315 Sed
1060 1271 1128 1316 cum
1157 1254 1265 1316 borum
1296 1253 1402 1334 lingula

221 1377 336 1424 atatem
357 1363 418 1424 sere
438 1363 603 1441 requirant,
624 1381 685 1426 non
705 1363 827 1426 dubium
848 1363 890 1424 est
910 1363 988 1441 quin
1003 1364 1154 1440 Scriptura
1173 1383 1239 1442 cap.
1251 1383 1283 1428 2.
1293 1367 1369 1430 vers.
1378 1383 1405 1441 7,

219 1495 256 1555 9,
280 1493 325 1538 ro.
345 1475 411 1537 libri
438 1475 575 1558 Judicum
604 1475 740 1540 historias
771 1477 929 1538 multorum
960 1493 1101 1538 annorum
1132 1479 1405 1554 comprehenderit,

219 1607 293 1667 quas
313 1586 427 1650 silentio
449 1588 611 1650 transmifit.
651 1589 727 1651 Sunt
748 1603 887 1665 praeterea
909 1588 1037 1650 addendi
1057 1588 1141 1665 anni,
1158 1590 1270 1668 quibua
1289 1593 1404 1654 Sanun

220 1702 277 1764 suit
297 1701 411 1782 Judex,
432 1719 556 1779 quorum
577 1700 665 1762 etiem
686 1719 824 1763 numerus
843 1701 874 1763 in
894 1699 1044 1777 Scriptura
1071 1719 1132 1762 uon
1153 1701 1287 1764 habetur.
1332 1705 1405 1766 Sunt

220 1815 325 1877 deinde
354 1814 480 1876 addendi
508 1815 576 1874 anni
603 1813 684 1892 regni
711 1813 824 1889 Saulis,
850 1831 927 1891 quoa
947 1813 978 1875 in
999 1812 1148 1891 superiore
1178 1816 1405 1892 computatione

221 1925 317 2003 omisi,
337 1925 407 2003 quia
418 1925 530 2002 exejus
550 1923 669 1987 historia
690 1942 752 1986 non
772 1924 842 1986 satia
861 1923 989 2002 constat,
1009 1941 1087 2003 quot
1106 1943 1201 1988 annos
1220 1929 1406 2006 regnaverit:

220 2036 327 2100 dicitur
349 2038 466 2115 quidem
487 2055 551 2113 cap.
576 2053 621 2113 ¹3·
642 2035 685 2100 vs.
710 2053 737 2099 1.
756 2035 821 2098 libr.
842 2052 869 2098 r.
887 2036 1044 2114 Samuelia,
1065 2039 1191 2100 eundem
1210 2039 1289 2100 duot
1311 2059 1406 2102 annot

218 2150 393 2230 regnavisse,
415 2149 464 2211 sed
484 2165 515 2212 et
535 2149 583 2210 ille
604 2163 706 2211 textus
727 2163 881 2212 truncatus
902 2149 959 2227 est,
980 2165 1011 2212 et
1031 2168 1070 2211 ex
1090 2149 1152 2226 ipsa
1171 2150 1291 2212 bistotia
1312 2153 1407 2229 majo

218 2282 276 2325 rem
297 2279 447 2324 numerum
468 2261 642 2340 colligimus.
668 2261 760 2342 Quod
780 2275 882 2322 textus
903 2275 1056 2323 tntncatus
1073 2259 1126 2339 lit,
1142 2279 1244 2338 nemo,
1266 2263 1322 2339 qui
1345 2265 1405 2324 He-

218 2378 323 2437 btaeam
349 2375 476 2455 linguam
497 2375 546 2438 vel
566 2393 582 2434 a
605 2372 698 2451 primo
725 2374 824 2436 limine
853 2373 1009 2451 salutavit,
1039 2373 1174 2436 dubitare
1205 2373 1313 2451 potest.
1358 2377 1407 2436 Sic

218 2490 294 2553 enm
314 2488 436 2566 incipit,
467 2479 576 2563 breno*
609 2476 651 2569 bu
685 2477 752 2587 'po
783 2502 866 2563 ouo
896 2502 979 2563 'not
1012 2475 1114 2563 mbo:
1143 2476 1234 2563 buo
1265 2506 1342 2563 roo
1376 2506 1408 2579 p

217 2625 323 2667 anetum
349 2619 435 2667 natus
462 2620 528 2667 erat
554 2606 629 2667 Saul
650 2624 712 2667 cum
732 2618 888 2682 regnaret,
906 2618 935 2665 et
953 2606 1023 2665 deos
1041 2622 1132 2665 annos
1152 2606 1291 2681 regnavit
1302 2608 1408 2686 supro

218 2720 364 2797 Israelem
385 2718 475 2803 Quia,
496 2718 631 2797 inquam,
652 2736 713 2779 non
731 2718 832 2795 videt,
852 2734 1002 2779 numerum
1022 2734 1164 2779 annorum
1186 2717 1408 2792 etatiabaulis,

218 2850 282 2893 cum
301 2850 422 2913 regnum
444 2833 569 2907 adeptus
590 2828 677 2906 esset,
705 2828 836 2891 omissum
856 2828 935 2891 elles
977 2829 1021 2889 At
1042 2830 1125 2905 quod
1145 2828 1264 2905 etipsa
1284 2828 1407 2892 historia

218 2946 308 3021 maior
338 2962 474 3007 numerus
505 2943 708 3018 concluditur,
736 2944 826 3006 credo
855 2941 999 3005 neminem
1025 2942 1114 3004 etiam
1141 2943 1285 3007 dubitare.
1328 2948 1405 3007 Nam

217 3074 281 3132 cap.
293 3072 341 3133 27.
363 3054 435 3119 vers.
447 3072 474 3132 7.
497 3054 624 3132 ejusden
644 3054 710 3117 libri
729 3054 872 3131 habetur,
893 3056 976 3132 quod
995 3055 1096 3118 David
1116 3056 1196 3132 apud
1222 3054 1406 3132 Philistaeos,

217 3170 253 3230 ad
285 3186 363 3246 quos
393 3182 515 3245 propter
546 3170 664 3230 saulum
695 3168 851 3246 confugit,
881 3182 1012 3229 moratua
1038 3166 1097 3228 suit
1124 3184 1215 3229 unum
1243 3184 1354 3229 annum
1375 3183 1404 3227 et

217 3293 346 3358 quatuor
375 3279 502 3342 menses:
535 3298 623 3357 quare
654 3299 693 3341 ex
722 3280 778 3341 hac
809 3279 1032 3357 computatione
1063 3280 1175 3357 reliqua
1205 3278 1301 3357 spatio
1334 3284 1403 3343 osio

217 3392 353 3455 mensum
392 3394 563 3472 contingere
602 3394 788 3469 debuerunt,
825 3394 907 3470 quod
937 3390 1081 3453 neminem
1111 3394 1229 3454 credere
1259 3390 1403 3453 existimo.

215 3506 362 3587 Josepbus
383 3504 483 3566 saltem
506 3506 535 3566 in
557 3506 614 3567 line
634 3504 700 3565 libri
721 3504 797 3565 sexti
817 3503 1040 3580 Antiquitatum
1060 3518 1176 3565 textum
1197 3502 1235 3564 stc
1255 3505 1401 3579 correxit,

216 3618 367 3694 Regnavit
392 3620 491 3695 itaque
517 3618 590 3677 Saul
613 3618 741 3677 Somue'le
766 3621 883 3678 vivente
907 3634 997 3676 annor
1016 3617 1153 3677 decernet
1172 3616 1245 3692 odo,
1264 3620 1401 3675 oboriente

214 3743 310 3791 aurem
336 3730 410 3789 alios
436 3731 513 3791 duos.
555 3728 635 3810 Quin
657 3742 722 3790 tota
744 3728 807 3789 haec
827 3727 946 3790 historia
966 3746 1031 3804 cap.
1054 3743 1100 3805 13.
1121 3728 1204 3789 nullo
1224 3731 1313 3790 modo
1334 3747 1399 3789 cum

216 3841 460 3903 antecedentibus
482 3840 634 3904 convenit.
674 3841 708 3901 In
730 3840 787 3901 line
808 3858 873 3917 cap.
894 3857 923 3916 7.
943 3855 1084 3917 narratur,
1104 3842 1187 3917 quod
1207 3840 1342 3901 Philistaei
1363 3843 1398 3901 ab

217 3952 349 4013 Hebraeis
376 3952 418 4013 ita
445 3952 583 4014 debellati
611 3953 747 4029 suerunt,
774 3967 809 4012 ut
837 3969 898 4013 non
917 3950 1027 4013 suerint
1047 3948 1107 4013 aust
1127 3950 1249 4014 vivente
1268 3951 1399 4012 Samuele

216 4062 357 4125 terminos
384 4062 496 4125 Israelis
524 4061 652 4143 ingredi3
680 4078 710 4124 at
731 4063 797 4140 hic,
818 4066 901 4140 quod
921 4064 1039 4125 Hebraei
1059 4062 1197 4141 (vivente
1217 4064 1361 4142 Samuele)
1381 4083 1396 4123 a

216 4175 367 4237 Philistaeis
394 4174 588 4253 invaduntur,
610 4196 626 4237 a
648 4177 756 4255 quibus
783 4180 820 4239 ad
848 4190 958 4238 tantam
986 4175 1125 4237 miseriam
1145 4190 1176 4237 et
1196 4191 1394 4253 paupertatem

216 4286 323 4349 redadi
345 4287 473 4362 fuerant,
494 4303 527 4349 ιιι
550 4288 649 4365 armis,
670 4289 779 4365 quibua
792 4288 821 4349 se
839 4290 995 4351 defendere
1015 4285 1144 4364 posent,
1164 4286 1394 4361 destituerentur,
