2934 4900
203 324 265 387 apa
620 304 805 367 Ethices
833 304 901 367 Pars
922 304 976 365 1v.

204 484 276 545 maia
297 482 338 543 est
359 481 406 560 (ut
425 479 654 559 suprafatum
674 478 762 557 hujus
782 480 978 559 ostendinus),
996 478 1046 542 ied
1063 498 1121 541 una
1138 482 1299 558 eademque
1322 480 1408 542 assio
1445 509 1446 547 ι

202 594 261 673 jam
282 597 362 655 bona
380 593 440 671 jam
461 596 534 656 mala
554 594 610 671 est;
631 612 702 675 ergo
723 596 761 657 ad
781 596 903 657 eandem
925 592 1161 671 abbonemque
1169 592 1229 671 jam
1242 595 1326 657 mara
1348 594 1407 667 est,

205 706 265 769 tire
285 724 350 784 quae
371 724 410 767 ex
430 705 530 783 aliquo
551 708 628 767 malo
650 707 756 769 affedu
777 704 888 782 oritur,
910 704 1040 767 Ratione
1060 704 1129 767 duci
1151 702 1299 782 poii'umus
1325 704 1408 785 (per

205 820 296 899 Prop.
319 834 365 896 19.
386 817 498 897 hujus).
541 820 576 896 Q.
598 820 635 881 E.
655 820 695 881 D.

671 979 752 1022 scrr
766 978 876 1023 osso
889 978 927 1021 ss.

244 1072 438 1150 Explicantur
456 1074 520 1136 haec
541 1072 647 1135 clarius
668 1074 815 1151 exemplo.
855 1074 971 1149 Nempe
988 1072 1161 1135 verberandi
1180 1070 1271 1148 adio,
1288 1088 1402 1149 quate·

205 1205 262 1248 nus
282 1186 400 1266 physice
422 1186 636 1263 confideratur,
656 1202 688 1248 et
709 1188 824 1249 adhoc
845 1200 960 1248 tantum
982 1184 1179 1261 attendimus,
1200 1184 1405 1262 quodhomo

206 1298 355 1361 brachium
385 1298 485 1374 tollit,
518 1318 633 1360 manum
664 1298 796 1373 claudit,
826 1312 984 1374 totumque
1015 1295 1165 1357 brachium
1197 1295 1227 1358 vi
1258 1296 1405 1357 deorsum

207 1429 326 1490 movet,
354 1412 450 1477 virtus
478 1414 534 1490 est,
561 1432 628 1491 quae
649 1432 687 1475 ex
708 1412 851 1489 Corporis
876 1410 994 1475 humani
1017 1410 1124 1473 fabrica
1145 1410 1324 1489 concipitur¹
1371 1411 1404 1473 Si

207 1524 308 1603 itaque
328 1526 436 1600 homo,
465 1526 509 1585 isa
538 1525 587 1587 vel
607 1523 687 1585 Odio
708 1540 894 1599 commotus,
916 1522 1125 1585 determinatur
1146 1525 1182 1585 td
1204 1524 1405 1585 claudendam

207 1656 323 1699 manum
342 1638 390 1701 vel
407 1636 557 1700 brachium
574 1639 771 1711 movendum,
790 1634 837 1711 id,
855 1650 889 1697 ut
907 1634 936 1696 in
955 1636 1040 1696 Parte
1058 1632 1185 1696 secunda
1204 1632 1406 1709 ostendimus,

207 1750 259 1826 iit,
279 1748 348 1826 quia
377 1768 434 1811 una
463 1750 622 1827 eademque
643 1745 720 1808 adio
742 1746 840 1823 potest
857 1744 942 1825 iungi
965 1744 1190 1823 quibuscunque
1211 1763 1304 1806 rerum
1327 1745 1406 1807 ima-

208 1861 343 1942 ginibus3
373 1876 463 1939 atque
494 1863 568 1923 adeo
601 1876 659 1921 tam
690 1878 729 1921 ex
762 1858 797 1921 iis
826 1857 1001 1939 imaginibus
1027 1876 1122 1921 rerum
1130 1902 1140 1933 ,
1162 1876 1235 1935 quas
1255 1859 1408 1925 confuse,

210 1992 296 2051 quam
318 1991 392 2051 quas
412 1974 487 2033 clare
509 1988 539 2033 et
560 1971 691 2034 distinde
713 1972 915 2049 concipimus,
937 1972 974 2033 ad
996 1988 1082 2033 unam
1103 1971 1283 2047 eandemque
1304 1970 1407 2031 achio-

211 2102 277 2143 nem
298 2081 481 2144 determinari
502 2081 660 2159 poffumus.
701 2084 833 2159 Apparet
866 2082 984 2159 itaque,
1003 2083 1086 2159 quod
1108 2079 1203 2142 omnis
1223 2079 1406 2157 Cupiditas,

211 2214 276 2273 quae
297 2214 334 2254 ex
356 2195 478 2272 affeeiu,
499 2195 551 2272 qui
572 2197 660 2272 paffio
682 2196 739 2272 est,
761 2194 874 2271 oritur,
894 2194 1002 2257 nullius
1024 2194 1093 2257 effer
1115 2194 1202 2271 usus,
1222 2195 1242 2255 ss
1262 2194 1404 2257 homines

209 2302 340 2365 Ratione
362 2303 429 2364 duci
451 2303 577 2381 poiient.
598 2304 758 2366 Videamus
776 2302 851 2383 jam,
872 2322 924 2365 cur
944 2303 1118 2381 Cupiditas,
1135 2323 1201 2382 quae
1222 2323 1260 2366 ex
1281 2305 1403 2381 affeebu,

210 2414 260 2495 qui
281 2414 369 2492 pallio
391 2414 447 2492 est,
469 2414 579 2492 oritur,
600 2434 681 2478 coeca
701 2435 718 2477 a
740 2416 827 2478 nobis
848 2418 1019 2495 appelletur.

589 2591 922 2652 PROPOSITIO
964 2591 1027 2652 LX.

252 2703 426 2782 Cupiditas,
447 2720 509 2780 quar
529 2705 629 2763 oritur
648 2722 685 2762 ex
705 2703 827 2763 Laetitia
855 2707 904 2764 vel
928 2703 1079 2784 Tristitia,
1102 2720 1165 2781 quae
1185 2703 1228 2764 od
1243 2721 1333 2763 urrarn
1355 2703 1407 2762 vei

207 2815 251 2874 od
273 2816 399 2892 aliquot,
427 2835 482 2875 non
508 2829 605 2876 autern
631 2816 674 2875 ad
698 2833 789 2875 omnes
816 2815 953 2894 Corporis
970 2830 1074 2896 porres
1095 2816 1237 2894 refertur,
1258 2819 1404 2876 rationem

209 2927 351 2986 utilitatis
372 2931 461 2986 totius
480 2925 604 2988 hominis
623 2947 679 2988 non
700 2925 797 2988 habeo

609 3088 1003 3133 nanonssrtnaro.

248 3183 379 3242 Ponatur
406 3201 452 3244 ex.
474 3200 515 3262 gr.
543 3183 687 3260 Corporis
715 3201 782 3259 pars
809 3184 838 3244 A
866 3181 898 3245 vi
926 3181 1049 3259 alicujus
1079 3181 1171 3244 causo:
1199 3198 1327 3244 extemae
1360 3185 1403 3245 ira

208 3292 408 3370 corroborari,
438 3310 472 3356 ut
503 3293 623 3372 reliquit
652 3297 810 3371 prevaleat
843 3295 916 3374 (prr
935 3295 1024 3374 Prop.
1043 3297 1073 3356 6.
1095 3293 1206 3375 hujus).
1237 3297 1310 3356 Haec
1332 3315 1403 3372 pars

210 3408 288 3468 vires
318 3403 384 3466 suas
415 3405 546 3467 amittere
578 3421 735 3482 propterea
766 3423 826 3466 non
859 3403 1030 3482 conabitur,
1059 3421 1093 3468 ut
1114 3404 1233 3482 reliqua:
1253 3405 1402 3483 Corporis

211 3532 309 3592 partes
329 3516 382 3578 suo
403 3518 564 3597 fungantur
583 3516 701 3594 officio;
723 3519 842 3579 deberet
865 3516 941 3578 enim
953 3515 1012 3580 vim
1033 3517 1082 3578 seu
1102 3516 1268 3594 potentiam
1289 3517 1403 3580 habere

211 3627 289 3690 vires
309 3627 375 3690 suas
395 3628 565 3706 amittendi,
586 3631 669 3708 quod
690 3631 763 3711 (per
782 3631 872 3710 Prop.
892 3632 922 3690 6.
940 3641 972 3708 p.
985 3629 1027 3708 3.)
1049 3629 1090 3690 est
1111 3629 1278 3690 absurdum.
1300 3629 1403 3690 Cona-

211 3739 292 3799 bitur
318 3739 419 3817 itaque
447 3739 494 3802 ilia
522 3759 607 3817 pars,
634 3755 664 3801 et
692 3739 908 3818 consequenter
936 3739 1007 3820 (per
1027 3740 1116 3819 Prop.
1139 3755 1166 3814 7.
1187 3753 1216 3799 st
1239 3755 1283 3798 ια.
1301 3751 1334 3818 p.
1359 3743 1404 3818 3.)

212 3851 300 3912 Mens
328 3851 433 3928 etiam,
460 3851 540 3914 illurn
567 3853 671 3914 statum
701 3852 891 3928 conseruare;
918 3853 1053 3930 adeoque
1080 3847 1253 3926 Cupiditas,
1275 3867 1342 3926 quae
1367 3869 1405 3911 ex

212 3961 264 4024 tali
295 3963 402 4026 affeuu
432 3963 560 4026 Laetitiae
592 3963 702 4041 oritur,
733 3965 877 4026 rationem
908 3962 1005 4025 totius
1037 3981 1097 4026 non
1128 3962 1227 4024 hahet.
1267 3962 1405 4044 Quodsi

213 4089 316 4135 contra
343 4073 527 4150 supponatur
555 4093 621 4152 pars
648 4077 678 4138 Δ
707 4075 851 4151 coerceri,
881 4090 914 4138 ut
942 4073 1060 4152 reliquae
1081 4073 1276 4150 praevaleant,
1295 4076 1405 4136 eodem

213 4187 303 4249 modo
334 4186 562 4266 demonstratur,
593 4189 677 4265 quod
708 4205 763 4249 nec
793 4185 951 4265 Cupiditas
958 4229 969 4263 ,
990 4203 1055 4264 quae
1077 4204 1115 4248 ex
1135 4183 1267 4246 Tristitia
1288 4184 1389 4250 oritur
1396 4231 1405 4264 ,

213 4296 357 4360 rationem
378 4297 474 4360 totius
492 4298 610 4362 habeat.
652 4299 686 4376 Q.
707 4301 745 4360 Ε.
765 4301 806 4364 Ι).
