2934 4900
224 286 283 387 448
702 305 940 368 Tractatus

224 481 394 555 ostendan13
424 498 490 543 cum
520 496 623 541 contra
654 498 710 541 nos
740 482 777 541 de
809 480 908 541 eadem
941 478 1076 541 dubitare
1108 480 1254 555 lacerent,
1286 480 1403 555 quando

224 591 332 669 absque
360 592 397 653 iis
424 592 557 653 absolute
577 596 614 653 de
635 590 697 667 ipsa
724 590 871 668 possemus
893 590 949 651 esse
971 591 1059 667 certi,
1082 608 1186 667 nempe
1207 593 1329 667 quando
1353 590 1403 649 sci·

224 724 304 780 mus,
333 705 430 765 omnia
458 707 578 766 Naturae
606 719 717 766 certum
738 718 828 781 atque
849 703 1056 765 immutabilem
1075 704 1206 765 ordinem
1228 703 1324 779 sequi.
1368 704 1404 761 dt

225 834 369 893 ponatur,
399 817 430 879 id
460 815 515 877 else
546 816 731 893 miraculum,
764 819 846 893 quod
878 834 930 892 per
960 814 1060 879 causas
1091 816 1237 877 naturales
1269 814 1407 891 explicari

225 948 286 992 non
313 930 426 1005 potest;
454 932 536 1005 quod
562 928 680 1005 quidem
708 929 826 991 duobus
854 927 949 989 modis
976 927 1074 1004 potest
1095 926 1238 1005 intelligi,
1258 928 1307 989 vel
1330 928 1407 1002 quod

224 1039 324 1103 causas
355 1043 501 1103 naturales
529 1040 648 1118 quidem
677 1040 786 1115 habet,
817 1058 882 1116 quae
914 1054 1010 1100 tamen
1042 1042 1078 1099 ab
1110 1040 1237 1101 humano
1259 1039 1408 1099 intellet'tu

225 1154 390 1233 investigari
422 1172 482 1215 non
514 1152 649 1229 possunt,
671 1155 719 1214 vel
741 1155 822 1229 quod
844 1153 950 1213 nullam
972 1152 1085 1211 causam
1106 1168 1211 1227 praeter
1231 1152 1330 1211 Deum
1352 1150 1409 1213 stuc

225 1266 282 1325 Dei
320 1268 505 1327 voluntatem
544 1265 685 1345 agnoscit.
726 1266 839 1326 Verum
877 1262 946 1339 quia
986 1262 1100 1338 omnia,
1130 1282 1195 1339 quae
1228 1280 1279 1338 per
1310 1262 1411 1324 cousus

225 1378 371 1439 naturales
392 1378 483 1452 liunt,
511 1396 548 1439 ex
575 1376 636 1439 sola
663 1376 721 1437 Dei
751 1375 886 1451 porentia
907 1391 937 1436 et
959 1376 1114 1438 voluntate
1135 1374 1222 1435 etiam
1244 1375 1339 1449 liunt,
1362 1394 1410 1434 ne-

225 1489 343 1552 cessario
370 1491 428 1551 huc
455 1492 573 1551 tandem
601 1489 848 1566 perveniendum,
877 1506 981 1565 nempe
1003 1487 1188 1562 miraculum,
1208 1485 1268 1549 sive
1289 1488 1321 1547 id
1344 1506 1411 1547 cau-

225 1599 269 1661 sas
299 1604 445 1663 naturales
475 1602 581 1663 habeat
611 1601 671 1663 live
702 1600 808 1676 minus,
837 1619 914 1677 opus
947 1599 1020 1676 else,
1048 1602 1130 1677 quod
1151 1618 1203 1675 per
1223 1597 1339 1661 causam
1363 1620 1412 1659 cs-

226 1712 326 1788 plicari
356 1730 417 1773 non
450 1714 562 1789 potest,
592 1714 650 1773 hoc
682 1714 723 1773 est
745 1731 838 1789 opus,
859 1715 942 1790 quod
962 1728 1080 1789 captum
1100 1712 1256 1773 humanum
1277 1710 1413 1787 superat;

225 1824 275 1887 sed
296 1843 333 1885 eit
354 1843 461 1902 opere,
483 1841 513 1887 et
534 1826 666 1887 absolute
686 1845 725 1886 ex
746 1844 800 1899 eo,
817 1828 900 1903 quod
921 1825 1049 1886 nostrum
1070 1841 1188 1900 captum
1210 1823 1348 1899 superat,
1370 1824 1412 1885 ni-

225 1936 266 1996 hil
286 1936 447 2015 intelligere
469 1936 627 2013 possumus.
648 1939 723 1997 Nam
745 1935 888 2013 quicquid
906 1938 983 1997 clare
1005 1952 1035 1996 et
1055 1934 1186 1997 distinete
1207 1934 1414 2014 intelligimus,

225 2047 255 2109 id
276 2049 394 2125 perse,
422 2050 470 2110 vel
497 2068 549 2124 per
569 2049 664 2124 aliud,
693 2051 776 2125 quod
797 2066 849 2123 per
870 2047 899 2107 se
921 2048 995 2107 clare
1017 2061 1047 2107 et
1067 2046 1199 2107 distindie
1220 2046 1415 2125 intelligitur,

226 2161 314 2221 nobis
351 2164 439 2223 debet
478 2162 669 2223 innotescere.
709 2162 809 2243 Quare
843 2179 879 2221 ex
912 2160 1070 2234 miraculo,
1101 2158 1160 2222 live
1193 2177 1300 2235 opere,
1334 2162 1414 2235 quod

225 2272 353 2335 nostrum
381 2290 499 2349 captum
527 2274 661 2351 superat,
688 2292 742 2335 nec
771 2273 829 2333 Dei
858 2272 1021 2347 essentiam,
1048 2290 1103 2333 nec
1126 2272 1332 2349 existentiam,
1363 2292 1414 2332 nec

226 2383 358 2447 absolute
380 2385 490 2463 aliquid
511 2388 547 2449 de
568 2388 635 2447 Deo
663 2401 695 2447 et
713 2387 829 2447 Natura
850 2385 1008 2465 intelligere
1031 2383 1195 2462 possumus;
1219 2385 1269 2445 sed
1290 2402 1414 2458 contra,

226 2515 291 2557 cum
313 2498 410 2558 omnia
431 2518 447 2560 a
468 2499 536 2559 Deo
557 2499 747 2563 determinata
769 2517 800 2560 et
821 2498 930 2560 sancita
951 2498 1055 2558 scimus
1077 2496 1148 2573 else,
1170 2512 1200 2558 ct
1222 2498 1415 2572 operationes

226 2612 347 2671 Naturae
378 2629 415 2671 ex
445 2611 502 2672 Dei
533 2610 652 2673 essentia
685 2611 843 2687 consequi,
874 2612 995 2672 Natura
1022 2629 1093 2674 vero
1122 2613 1201 2690 leges
1223 2610 1280 2672 Dei
1304 2626 1412 2671 aternu

226 2725 344 2784 decreta
375 2739 406 2782 et
437 2721 599 2785 volitiones
629 2723 702 2799 else,
733 2723 866 2784 absolute
895 2725 1146 2797 concludendum,
1174 2741 1229 2784 nos
1250 2739 1288 2782 eo
1311 2723 1414 2782 melius

225 2838 321 2898 Deum
342 2837 458 2912 Deique
479 2838 664 2899 voluntatem
684 2835 878 2914 cognoscere,
900 2853 960 2912 quo
983 2834 1084 2896 melius
1105 2853 1151 2894 res
1172 2835 1318 2894 naturales
1342 2853 1411 2911 cog-

227 2946 392 3021 noscimus,
413 2963 444 3007 et
464 2947 569 3009 clarius
592 2946 798 3025 intelligimus,
820 2948 973 3023 quomodo
995 2966 1011 3007 a
1032 2945 1121 3022 prima
1143 2945 1288 3008 suacausa
1302 2949 1412 3020 depen-

226 3061 315 3133 dent,
335 3062 534 3135 ecquomodo
555 3060 713 3121 secundom
736 3074 858 3121 aeternas
879 3062 999 3121 Naturae
1019 3061 1099 3137 leges
1122 3073 1289 3134 operantur.
1302 3060 1412 3140 Quare,

225 3174 339 3234 ratione
360 3171 449 3233 nostri
469 3173 653 3246 intellectus,
680 3174 770 3252 longe
791 3173 909 3234 meliore
928 3172 992 3246 jure
1015 3191 1048 3233 ea
1071 3191 1176 3248 opera,
1196 3190 1261 3248 quae
1283 3173 1360 3232 clare
1383 3187 1410 3230 et

226 3284 358 3346 distinsle
388 3284 594 3364 intelligimus,
624 3284 682 3345 Dei
714 3303 804 3360 opera
836 3287 990 3358 vocanda,
1022 3298 1052 3344 et
1083 3286 1119 3344 ad
1147 3283 1205 3344 Dei
1227 3283 1408 3345 voluntatem

226 3397 393 3470 referenda,
422 3415 508 3472 quam
536 3414 586 3471 ea,
614 3415 680 3473 quae
707 3397 794 3471 plane
817 3394 999 3472 ignoramus,
1020 3394 1154 3470 quamvis
1175 3393 1408 3473 imaginationem

227 3509 313 3571 valde
340 3524 507 3583 occupent,
535 3523 566 3568 et
593 3507 727 3568 homines
756 3506 785 3566 in
815 3505 1034 3567 admirationem
1062 3505 1105 3568 sui
1125 3505 1255 3582 rapiant;
1276 3509 1407 3582 quando-

227 3619 345 3696 quidem
376 3637 409 3680 ea
439 3619 499 3680 sola
526 3622 647 3679 Naturae
676 3637 783 3694 operat,
811 3637 875 3694 que
904 3619 978 3680 clare
1001 3634 1030 3678 et
1051 3617 1183 3680 distindle
1205 3617 1408 3697 intelligimus,

227 3731 284 3792 Dei
305 3729 506 3810 cognitionem
527 3734 653 3792 reddunt
673 3731 886 3805 sublimiorem,
908 3746 937 3791 et
959 3729 1016 3792 Dei
1038 3732 1223 3792 voluntatem
1242 3747 1272 3790 er
1294 3734 1406 3791 decreta

228 3860 314 3916 quam
346 3840 490 3902 clarilllme
521 3841 662 3902 indicant.
694 3840 718 3900 li
749 3839 838 3918 igitur
866 3841 953 3916 plane
984 3855 1146 3918 nugantur,
1178 3839 1249 3916 qui,
1278 3840 1328 3900 ubi
1351 3859 1405 3900 rem

228 3953 381 4030 ignorant,
405 3955 442 4014 nd
461 3952 519 4014 Dei
548 3954 731 4013 voluntatem
758 3967 926 4027 recurrunt;
947 3952 1086 4014 ridiculus
1109 3951 1175 4012 sane
1197 3955 1302 4014 modus
1323 3953 1405 4031 igno-

228 4064 349 4126 rantiam
381 4065 549 4141 profitendi.
579 4065 689 4139 Porro,
719 4065 853 4141 quamvis
884 4081 921 4126 eu
942 4064 1086 4126 miraculis
1107 4063 1217 4140 aliquid
1235 4067 1405 4126 concludere

228 4176 394 4252 pollemus,
424 4179 506 4237 nullo
537 4193 633 4237 tamen
666 4180 755 4238 modo
787 4177 844 4237 Dei
876 4175 1028 4237 existentia
1060 4176 1127 4237 inde
1149 4175 1242 4252 pollet
1263 4177 1403 4238 concludi.

229 4289 322 4364 Nam,
350 4308 416 4350 cum
444 4288 610 4348 miraculum
640 4307 717 4364 opus
742 4290 895 4350 limitatum
918 4288 969 4365 stt,
989 4309 1042 4350 nec
1063 4307 1208 4366 uuquam,
1229 4289 1280 4350 nist
1302 4307 1402 4350 certon
