2934 4900
343 264 837 343 Theologico·Politici
861 266 933 342 Cap.
955 268 992 327 ll.
1203 284 1261 345 399

79 440 204 502 revelari
224 458 284 501 nott
305 441 423 517 potuit;
445 456 495 503 aut
516 442 599 517 quod
619 443 670 501 lux
690 440 759 501 solis
781 458 840 501 non
862 440 964 517 potuit
985 440 1152 502 diuturnior
1172 439 1259 501 solito

80 551 167 627 supra
188 551 373 614 horizontem
394 551 466 629 effe,
487 552 540 613 nili
559 552 649 633 Josua
670 552 733 629 ejus
755 554 867 614 causam
888 553 1085 633 intelligeret?
1107 554 1175 614 mihi
1194 554 1259 615 sane

81 682 239 741 utrumque
276 642 429 728 ridi'cnum
466 666 599 740 videtur;
638 666 712 725 malo
751 665 841 743 igitur
871 681 970 741 aperte
1001 665 1112 742 dicere,
1142 666 1260 747 Josuam

80 778 273 839 diuturnioris
300 778 377 839 illius
403 777 477 838 lucis
505 778 619 839 causam
647 796 743 839 veram
770 777 960 857 ignoraviffe,
987 797 1111 855 eumque
1132 797 1261 839 omnem-

80 910 138 967 que
159 893 290 965 turbam,
318 910 383 967 quae
411 893 528 965 aderat,
552 889 633 951 simul
655 889 820 965 putavisse,
840 889 928 951 solem
956 906 1039 952 motu
1060 890 1165 951 diurno
1187 891 1261 952 circa

80 1018 184 1063 terram
206 1003 333 1078 moveri,
355 1018 385 1062 et
405 1002 456 1063 illo
477 1001 525 1063 die
546 1001 725 1078 aliquamdiu
754 1001 876 1079 stetiffe,
903 1002 992 1079 idque
1013 1003 1125 1065 causam
1147 1004 1260 1065 diutur-

81 1115 172 1175 nioris
199 1115 276 1176 illius
303 1116 377 1176 lucis
404 1114 571 1191 credidisse,
597 1134 651 1175 nee
679 1118 716 1177 ad
744 1114 773 1176 id
802 1114 972 1190 attendille,
1000 1118 1081 1192 quod
1109 1135 1145 1177 ex
1174 1116 1261 1177 nimia

81 1226 173 1304 glacie
180 1272 190 1302 ,
211 1246 276 1303 quae
297 1243 359 1287 tum
381 1228 521 1303 temporis
542 1226 572 1287 in
593 1226 713 1305 regione
733 1226 805 1287 aeris
828 1242 888 1309 erat
910 1226 993 1305 (vide
1013 1227 1110 1307 Josuae
1131 1246 1194 1304 cap.
1216 1244 1261 1287 10.

81 1340 155 1401 vers.
179 1342 238 1418 11.)
259 1340 392 1400 refraelio
412 1339 501 1399 solito
523 1338 614 1415 major
636 1338 704 1399 oriri
725 1338 874 1415 potuerit,
896 1341 943 1401 vel
965 1339 1043 1401 aliud
1064 1338 1135 1416 quid
1156 1340 1261 1413 simile,

80 1451 238 1528 quodiam
260 1470 320 1513 non
341 1452 524 1528 inquirimus.
544 1452 592 1512 Sic
615 1451 702 1512 etiam
722 1450 814 1512 Esaiae
836 1451 945 1530 signum
964 1454 1070 1512 umbrae
1088 1454 1261 1531 retrogradae

80 1567 117 1624 ad
137 1563 226 1639 ipsius
247 1580 365 1639 captum
386 1565 547 1625 revelatum
577 1563 652 1639 fuit,
679 1582 783 1639 nempe
805 1580 856 1639 pet
876 1563 1154 1641 retrogradationem
1177 1563 1261 1624 sotis:

80 1693 145 1735 nam
177 1676 264 1736 etiam
294 1677 435 1752 putabat,
465 1675 554 1736 solem
585 1676 697 1737 moveri
728 1691 758 1737 et
779 1690 882 1736 terram
904 1674 1067 1751 quiescere,
1088 1691 1118 1736 et
1139 1678 1175 1736 de
1196 1694 1260 1751 par-

79 1788 164 1848 heliis
191 1788 269 1849 sorte
297 1808 444 1865 nunquam
472 1807 526 1849 nec
554 1806 607 1864 per
634 1788 775 1849 somnium
803 1786 957 1866 cogitavit.
980 1788 1071 1869 Quod
1093 1787 1179 1849 nobis
1202 1787 1261 1847 stne

79 1901 140 1960 ullo
162 1899 297 1976 scrupulo
324 1899 448 1959 statuere
476 1899 563 1974 licet;
591 1918 657 1960 nam
684 1898 793 1977 stgnum
815 1918 915 1962 revera
937 1899 1106 1978 contingere
1128 1915 1262 1975 poterat,

79 2026 109 2071 ct
140 2010 200 2089 regi
230 2013 266 2070 ab
298 2010 382 2071 Esaia
413 2010 547 2087 praedici,
579 2011 714 2087 quamvis
746 2011 894 2087 Propheta
925 2029 1021 2073 vetant
1053 2010 1116 2087 ejus
1148 2010 1260 2072 causam

78 2126 236 2203 ignoraret.
263 2127 310 2186 De
337 2125 447 2185 fabrica
474 2124 656 2201 Salomonis,
684 2124 824 2201 siquidem
845 2124 892 2184 illa
914 2143 930 2185 a
950 2125 1016 2185 Deo
1038 2126 1166 2185 revelata
1187 2123 1282 2200 fuit,-

80 2236 157 2295 idem
186 2234 272 2295 etiam
299 2234 471 2296 dicendum:
499 2252 604 2310 nempe
629 2236 711 2310 quod
733 2252 833 2295 omnes
855 2232 918 2309 ejus
938 2233 1075 2295 mensurae
1096 2252 1150 2309 pro
1172 2249 1262 2309 captu

82 2358 114 2403 ct
152 2343 344 2420 opinionibus
381 2342 547 2404 Salomonis
585 2342 613 2403 ei
651 2344 787 2405 revelata
823 2343 957 2404 fuerunt:
995 2344 1063 2419 quia
1095 2343 1170 2403 enim
1201 2362 1261 2404 non

83 2473 215 2516 tenemur
239 2458 370 2531 credere,
391 2457 575 2516 Salomonem
604 2455 845 2516 Mathematicum
872 2453 969 2532 fuisse,
991 2455 1059 2517 licet
1081 2456 1168 2517 nobis
1186 2456 1260 2518 affir-

81 2587 176 2644 mare,
197 2587 262 2631 eum
289 2568 431 2629 rationem
460 2567 536 2628 inter
562 2566 753 2644 peripheriam
782 2585 812 2629 et
834 2568 933 2629 circuli
954 2567 1125 2630 diametrum
1145 2568 1260 2648 ignora·

81 2679 171 2752 vilse,
200 2695 231 2740 et
262 2699 326 2741 cum
358 2681 448 2758 vulgo
480 2677 678 2755 operariorum
705 2678 867 2755 putavisse,
899 2697 961 2740 eam
993 2679 1048 2741 esse
1071 2697 1104 2741 ut
1126 2697 1153 2756 3.
1176 2684 1211 2742 ad
1236 2698 1261 2742 1.

80 2793 174 2872 Quod
193 2790 214 2850 st
234 2793 304 2852 licet
324 2792 436 2867 dicere,
457 2809 513 2852 nos
533 2805 647 2852 textum
669 2790 749 2850 illum
769 2791 836 2852 Lib.
861 2808 885 2850 1.
907 2793 981 2870 Reg.
1002 2811 1066 2867 cap.
1079 2808 1105 2868 7.
1128 2793 1201 2854 vers.
1212 2810 1261 2870 23.

1 2968 3 2983 ,
81 2923 144 2965 non
171 2903 350 2983 intelligere,
377 2903 475 2965 nescio
503 2903 636 2978 hercule,
664 2903 793 2980 quidex
814 2903 963 2979 Scriptura
984 2903 1144 2982 intelligere
1165 2903 1261 2980 possu-

80 3034 163 3090 mus;
190 3035 255 3077 cum
282 3015 323 3076 ibi
352 3016 461 3076 fabrica
488 3015 653 3090 fimplicitet
680 3029 811 3076 narretur
840 3029 870 3074 et
891 3031 966 3074 mere
987 3013 1140 3092 historice3
1160 3013 1218 3074 imo
1240 3015 1259 3074 st

79 3127 150 3186 licet
174 3128 297 3205 lingere,
317 3127 495 3204 Scriptorum
517 3126 600 3188 aliter
621 3125 749 3203 sensisse,
770 3127 819 3187 sed
840 3141 962 3202 propter
983 3125 1260 3202 aliquamrationem

80 3237 169 3298 nobis
185 3237 362 3317 incognitam
381 3238 422 3300 ita
439 3238 561 3300 scribere
577 3237 715 3315 voluisse,
738 3254 799 3300 tum
821 3237 893 3298 nihil
914 3237 991 3298 aliud
1009 3238 1043 3298 fit
1058 3256 1144 3314 quam
1165 3237 1260 3300 totius

80 3349 238 3428 Scripturae
260 3351 426 3412 omnimoda
448 3350 576 3414 eversio:
597 3369 663 3410 nam
684 3348 881 3426 unusquisque
903 3348 1007 3425 aequali
1023 3347 1088 3423 jure
1110 3351 1146 3409 de
1168 3348 1260 3410 omni·

80 3465 137 3523 bus
157 3462 314 3538 Scripturae
335 3463 410 3523 locis
430 3462 507 3524 idem
528 3462 624 3524 dicere
644 3461 772 3538 poterit;
795 3476 884 3537 atque
906 3462 980 3521 adeo
1002 3458 1143 3536 quicquid
1165 3459 1262 3522 absur-

80 3578 200 3636 dumet
221 3577 325 3636 malum
346 3575 470 3636 humana
491 3574 600 3634 malitia
621 3573 789 3652 excogitare
810 3573 922 3649 potest,
944 3571 991 3647 id,
1011 3570 1087 3636 salva
1106 3571 1261 3648 Scriptura

1 3748 2 3769 ἶ
79 3685 257 3761 autoritate,
285 3703 315 3746 et
343 3688 500 3748 defendere
528 3701 559 3746 et
586 3701 699 3762 patrare
719 3684 830 3746 licebit.
851 3687 893 3746 At
915 3684 962 3761 id,
983 3687 1064 3762 quod
1085 3702 1140 3745 nos
1161 3685 1260 3745 statui-

79 3817 161 3874 mus,
191 3798 264 3858 nihil
294 3797 454 3874 impietatis
485 3796 637 3872 continet;
659 3816 724 3858 nam
745 3798 901 3872 Salomon,
922 3794 1022 3858 Esaias
1029 3841 1038 3872 ,
1058 3795 1165 3876 Josua,
1186 3811 1243 3856 etc.
1251 3841 1260 3872 ,

79 3909 213 3986 quamvis
233 3910 407 3987 Prophetae,
426 3909 559 3971 homines
580 3926 677 3970 tamen
699 3911 835 3986 suerunt,
856 3923 885 3969 et
908 3907 979 3968 nihil
999 3906 1116 3968 humani
1138 3911 1173 3968 ab
1195 3907 1262 3984 ipos

79 4021 204 4082 alienum
224 4021 453 4084 existimandum.
482 4024 531 4084 Ad
558 4038 677 4098 captum
704 4020 822 4083 Noachi
849 4021 935 4082 etiam
957 4023 1117 4084 revelatum
1139 4019 1165 4080 ei
1187 4019 1262 4096 suit,

78 4136 174 4195 Deum
200 4135 357 4196 humanum
384 4153 476 4214 genus
503 4135 615 4210 delere,
643 4134 712 4210 quia
740 4137 881 4211 putabat,
909 4135 1047 4194 mundum
1070 4148 1152 4193 extra
1173 4133 1261 4193 Palae-

78 4246 179 4308 stinam
210 4265 271 4308 non
301 4246 466 4308 inhabitari.
497 4250 561 4308 Nec
593 4262 707 4308 tantum
737 4246 904 4324 hujusmodi
932 4265 993 4323 rea,
1015 4245 1063 4307 scd
1085 4245 1171 4306 etiam
1193 4243 1262 4304 alias
