2934 4900
390 338 527 417 Caput
558 342 625 403 Vll.
666 344 712 404 De
733 342 916 405 Monarchia.
1187 362 1244 423 323

47 520 123 579 tanti
146 520 251 583 valere
272 520 350 595 apud
371 520 453 582 cives
474 522 579 595 debet,
601 534 744 596 quantum
766 518 878 580 necesse
900 520 957 594 est,
979 536 1012 581 ut
1033 523 1135 596 pedem
1159 540 1196 581 eo
1214 521 1245 581 in

47 632 114 690 loco
138 632 250 709 figere,
278 646 308 691 et
336 650 489 693 commune
507 631 557 707 jus
578 632 628 693 seu
649 632 814 693 libertatem
843 631 920 692 tueri
942 632 1057 706 possint.
1098 631 1245 693 Ceterum

48 741 216 817 utilitates,
239 762 312 819 quas
333 742 449 807 Civitas
469 743 538 805 hinc
560 743 670 805 necesse
693 744 733 805 est
754 760 788 805 ut
809 743 926 819 capiat,
944 742 1122 805 ostendimus
1139 744 1204 803 Art.
1217 744 1245 803 8.

49 852 136 928 hujus
159 855 292 930 Capitis.

87 964 114 1044 ξ.
136 966 208 1026 ΧΧ.
251 970 297 1029 Ut
327 968 425 1043 cives,
458 984 599 1045 quantum
633 969 693 1029 lieri
725 968 839 1045 potest,
872 970 997 1044 aquales
1018 968 1091 1044 lint,
1112 970 1193 1045 quod
1215 968 1245 1029 in

49 1077 186 1139 Civitate
210 1080 339 1155 apprime
362 1079 545 1142 necessarium
567 1080 624 1155 est,
645 1080 735 1155 nulli,
756 1080 808 1140 nili
829 1100 845 1140 a
867 1082 950 1158 Rege
970 1080 1103 1156 oriundi,
1120 1080 1245 1141 Nobiles

50 1190 190 1252 censendi
215 1192 291 1253 sunt.
333 1194 375 1253 At
396 1192 416 1251 st
439 1193 576 1255 omnibus
598 1212 635 1254 ex
657 1194 741 1271 Rege
762 1193 894 1255 oriundis
924 1212 1046 1255 uxorem
1068 1196 1174 1254 ducere
1195 1193 1246 1253 seu

49 1302 159 1363 liberos
194 1322 349 1380 procreare
381 1305 499 1379 liceret,
530 1303 657 1366 successu
688 1303 830 1379 temporis
863 1304 892 1364 in
925 1322 1059 1382 magnum
1088 1306 1244 1365 admodum

50 1428 204 1473 numerum
237 1412 414 1487 crescerent,
446 1429 476 1475 et
507 1412 583 1491 Regi
612 1428 642 1473 et
673 1413 811 1473 omnibus
841 1432 902 1474 non
934 1427 1048 1473 tantum
1070 1413 1170 1488 oneri,
1191 1412 1241 1473 sed

49 1522 305 1585 formidolosissimi
338 1525 454 1601 insuper
486 1524 586 1586 essent.
627 1525 771 1586 Homines
799 1524 893 1601 enim,
914 1524 966 1601 qui
987 1526 1052 1586 otio
1075 1528 1243 1600 abundant,

51 1634 153 1697 seelera
188 1640 360 1714 plerumque
382 1636 576 1713 meditantur;
598 1640 677 1699 unde
698 1640 749 1711 lit,
770 1652 804 1698 ut
825 1640 924 1716 Reges
944 1638 1068 1698 maxime
1090 1637 1244 1699 Nobilium

50 1748 131 1807 causa
165 1751 349 1811 inducantur
379 1752 485 1811 bellum
515 1768 628 1827 gerere,
656 1750 725 1825 quia
755 1749 905 1827 Regibus,
933 1749 1095 1812 Nobilibus
1115 1749 1245 1825 stipatis,

53 1860 140 1935 major
170 1882 213 1923 ex
239 1864 317 1923 bello
346 1880 432 1939 quam
455 1882 492 1922 ex
514 1880 586 1937 pace
607 1862 747 1923 securitas
769 1877 799 1922 et
821 1861 915 1938 quies.
956 1864 1015 1923 Sed
1036 1863 1115 1937 haec,
1136 1878 1244 1937 utpote

54 1970 119 2033 satis
148 1990 244 2049 nota,
273 1975 424 2052 relinqu0,
452 1991 485 2036 ut
512 1990 541 2036 et
563 1994 629 2051 quae
650 1993 687 2035 ex
708 1977 775 2035 Art.
800 1986 844 2049 15.
866 1974 958 2051 usque
980 1976 1016 2035 ad
1037 1990 1086 2050 27.
1107 1972 1136 2034 in
1159 1992 1244 2049 praec.

55 2082 158 2158 Capite
181 2086 263 2148 dixi:
291 2106 356 2147 nam
377 2086 524 2163 praecipua
546 2086 575 2147 in
596 2086 654 2146 hoc
676 2086 749 2162 Cap.
773 2086 986 2162 demonstrata,
1006 2102 1038 2146 et
1059 2085 1168 2162 reliqua
1190 2106 1243 2161 per

58 2192 82 2251 sc
103 2197 257 2258 manifesta
278 2197 354 2259 sunt.

92 2305 118 2384 ᾖ.
140 2309 225 2369 ΧΧΙ.
266 2310 357 2391 Quod
386 2308 506 2390 Judices
539 2309 636 2383 plures
664 2326 784 2369 numero
813 2306 869 2367 eise
896 2310 1043 2384 debeant,
1064 2326 1151 2385 quam
1173 2324 1243 2370 uta

59 2416 116 2479 viro
139 2422 262 2498 privato
285 2438 388 2500 magna
411 2420 474 2498 ejus
495 2438 560 2498 pars
582 2419 667 2495 poisat
687 2418 856 2481 muneribus
877 2420 1040 2497 corrumpi,
1062 2436 1095 2482 ut
1113 2436 1143 2482 et
1161 2422 1243 2497 quod

58 2527 191 2611 suffragia
224 2551 285 2592 non
317 2534 427 2608 palam,
458 2533 507 2594 sed
538 2533 610 2593 clam
642 2533 715 2592 ferre
745 2534 889 2607 debeant,
917 2548 947 2594 et
974 2534 1055 2609 quod
1076 2532 1243 2595 vacationis

58 2644 205 2712 praemiurn
233 2660 413 2720 mereantur,
441 2643 577 2705 omnibus
599 2643 686 2704 etiarn
708 2659 822 2703 notum.
863 2644 920 2704 Sed
942 2642 1037 2704 solent
1058 2643 1169 2720 ubique
1191 2663 1242 2704 an·

58 2769 141 2816 nuum
170 2760 278 2818 habere
306 2757 496 2834 stipendium3
525 2759 602 2818 unde
624 2756 676 2830 fit,
703 2770 737 2815 ut
759 2772 819 2814 non
841 2757 997 2815 admodum
1018 2752 1156 2814 festinent
1175 2752 1243 2815 lites

58 2865 204 2945 dirimere,
237 2887 266 2930 et
296 2871 394 2948 saepe,
426 2884 459 2932 ut
491 2849 702 2946 quaestionibus
733 2870 831 2929 nrrllus
862 2868 896 2928 srt
927 2867 1003 2928 linis.
1044 2868 1160 2929 Deinde
1192 2869 1242 2928 ubi

59 2977 201 3043 bonorum
228 2981 392 3058 publicatio
420 2983 535 3060 Regum
564 2979 760 3040 emolumenta
782 2979 866 3054 sunt,
887 2977 929 3039 ibi
951 2978 1027 3055 saepe
1048 2998 1103 3038 non
1115 2979 1169 3054 jus
1190 2993 1244 3039 out

58 3107 153 3154 verum
184 3099 216 3154 in
246 3095 467 3170 cognitionibus,
489 3095 547 3170 sed
570 3093 737 3168 magnitudo
757 3105 839 3170 opum
853 3091 1026 3170 spoliatum
1042 3091 1142 3172 pafflrn
1162 3091 1241 3150 delo-

59 3207 158 3284 tiones,
179 3223 208 3268 et
227 3208 447 3289 locupletrffimnr
474 3208 594 3284 quisque
613 3209 645 3265 in
661 3206 795 3283 prodant
820 3207 962 3284 correpti,
989 3221 1052 3282 qua
1073 3206 1188 3279 gravia
1215 3217 1244 3264 et

58 3315 249 3392 intolerando,
265 3319 322 3395 sed
339 3317 492 3398 neceffltate
512 3334 658 3376 armorum
677 3317 826 3392 excusata,
846 3319 933 3375 etiarn
952 3318 984 3374 in
1000 3328 1072 3395 poce
1092 3327 1209 3374 monent
1216 3314 1241 3373 *.

59 3425 97 3483 At
116 3428 254 3507 Judicum
276 3428 417 3504 avaritia,
440 3427 490 3504 qui
513 3427 621 3488 scilicet
642 3426 672 3487 in
695 3430 772 3488 duos
794 3442 846 3487 aut
868 3442 926 3487 tres
948 3443 1042 3488 annos
1053 3427 1090 3487 ad
1101 3425 1241 3487 summum

61 3539 290 3616 constituuntur,
310 3555 391 3600 metu
411 3539 630 3602 succedentium
663 3554 858 3614 temperatur;
881 3553 914 3599 ut
931 3537 990 3613 jam
1011 3552 1139 3612 taceam,
1160 3539 1242 3612 quod

60 3645 174 3722 Judices
205 3655 283 3713 bona
316 3653 373 3712 fixa
401 3653 477 3713 nulla
507 3651 612 3712 habere
643 3650 780 3727 possunt,
808 3650 858 3710 sed
886 3650 967 3726 quod
989 3663 1138 3729 argentum
1161 3647 1241 3708 suum

60 3757 126 3821 lucri
147 3764 232 3825 causa
252 3764 427 3827 concivibus
448 3765 564 3826 credere
586 3765 731 3838 debeant;
761 3779 850 3840 atque
871 3764 946 3822 adeo
967 3758 1003 3821 iis
1025 3759 1115 3838 magis
1135 3758 1241 3820 consu·

61 3868 114 3931 lere
144 3895 229 3953 quam
260 3875 387 3936 insidiari
418 3891 585 3954 coguntur,
616 3875 773 3952 praesertim
795 3874 815 3933 sr
836 3873 887 3950 ipli
906 3872 1022 3950 judices
1053 3891 1176 3952 magno,
1198 3871 1242 3933 uti

64 3979 197 4062 diximus,
217 4005 336 4049 numero
359 3986 423 4048 snat.

99 4093 124 4172 ᾗ.
144 4099 238 4159 XXII.
267 4100 309 4160 At
331 4098 439 4160 militiae
462 4101 570 4161 nullum
592 4100 806 4160 decernendum
828 4095 884 4157 elle
904 4095 1079 4172 stipendium
1100 4095 1241 4156 diximus:

95 4349 105 4370 “
137 4346 220 4396 Tacit.
237 4344 301 4396 llili.
319 4347 352 4395 11.
370 4346 411 4407 84.
