2934 4900
680 291 918 366 Tractatut

640 540 842 605 CAPUT
884 543 963 604 XIX.

248 733 429 812 Ostendetur,
448 733 502 808 jus
521 736 602 794 circa
615 699 711 811 sacro
726 747 813 815 penes
835 736 965 811 summas
981 735 1134 814 potestates
1154 739 1266 796 omnino
1286 737 1365 815 effe,

285 860 314 906 er
332 846 494 921 Religionis
519 847 626 907 cultum
653 861 802 908 externum
826 847 1002 927 Reipublicae
1018 853 1089 927 paci
1106 849 1321 909 commodari

451 958 568 1036 debere,
583 958 611 1036 st
629 959 704 1018 relic
720 961 782 1022 Deo
802 961 997 1040 obtemperare
1015 961 1143 1022 vesinuis.

246 1148 322 1210 Cum
347 1147 433 1226 supra
460 1149 541 1228 dixi,
568 1169 638 1228 eos,
666 1152 718 1228 qui
747 1152 898 1229 imperium
920 1166 1039 1230 tenent,
1057 1152 1107 1230 jus
1127 1155 1164 1214 ad
1186 1152 1287 1214 omnia
1317 1153 1402 1214 solos

204 1263 328 1340 habere,
359 1277 391 1325 et
421 1282 438 1324 a
469 1264 533 1326 solo
565 1283 666 1328 eorum
693 1269 814 1328 decreto
841 1265 892 1342 jus
923 1283 1009 1328 omne
1030 1267 1172 1342 pendere,
1193 1283 1257 1325 non
1278 1280 1401 1326 tantum

206 1375 293 1440 civile
312 1376 474 1456 intelligere
494 1377 596 1454 volui,
616 1378 666 1440 sed
686 1378 774 1440 etiam
795 1378 921 1454 sactum
943 1397 1007 1438 nam
1028 1377 1116 1454 hujus
1137 1377 1227 1438 etiarn
1249 1392 1283 1438 et
1304 1377 1398 1438 inter-

205 1503 305 1565 pretes
331 1487 386 1550 eise
415 1491 525 1550 debent
544 1505 575 1551 et
602 1490 750 1568 vindices;
771 1506 860 1568 atque
880 1489 938 1552 hoc
959 1489 1007 1551 hic
1029 1487 1156 1566 expresse
1175 1503 1284 1550 notare
1304 1491 1398 1566 volo,

206 1616 237 1662 et
263 1604 299 1664 de
327 1619 365 1663 eo
393 1620 431 1664 ex
455 1600 582 1679 proseiso
609 1603 640 1663 in
666 1603 725 1664 hoc
747 1602 853 1680 Capite
881 1618 982 1682 agere,
1008 1600 1078 1680 quia
1097 1600 1213 1678 plurimi
1232 1600 1324 1678 sunt,
1346 1602 1397 1678 qui

203 1729 382 1792 pernegant,
402 1713 460 1775 hoc
478 1713 545 1790 juo,
573 1731 677 1790 nempe
705 1713 781 1775 circa
802 1713 896 1790 sacra,
917 1712 1034 1775 summio
1054 1712 1249 1789 potestatibus
1273 1731 1396 1790 compe-

204 1841 283 1904 tere,
303 1843 399 1904 neque
420 1843 474 1887 eos
493 1825 669 1902 interpretes
684 1825 759 1904 jutia
782 1825 876 1891 divini
897 1825 1052 1906 agnoscere
1071 1827 1193 1904 volunt;
1212 1829 1294 1888 unde
1306 1827 1395 1887 etiam

203 1937 350 2000 licentiam
376 1936 430 1998 fibi
457 1937 591 2014 sumunt,
617 1937 730 2001 easdem
752 1938 905 2001 accusandi
925 1953 957 2000 et
978 1936 1166 2014 traducendi,
1192 1937 1252 1998 imo
1275 1940 1314 1998 ab
1337 1939 1394 1998 Ec-

203 2049 287 2112 clefia
318 2050 367 2129 (ut
397 2048 468 2110 olim
498 2048 667 2112 Ambrosius
694 2050 895 2112 Theodosium
927 2050 1083 2131 Caesarem)
1105 2051 1393 2114 excommunicandi.

203 2164 262 2224 Sed
292 2181 345 2224 eoo
375 2161 430 2224 hac
461 2161 577 2224 ratione
607 2161 759 2238 imperium
790 2163 938 2240 dividere,
969 2163 1029 2225 imo
1060 2163 1138 2227 viam
1169 2166 1205 2225 ad
1237 2163 1392 2242 imperium

203 2272 354 2351 affeetare,
381 2273 457 2334 insta
483 2272 515 2333 in
544 2274 603 2335 hoc
634 2273 699 2350 ipso
719 2274 827 2351 Capite
848 2273 1029 2350 videbimus3
1050 2293 1115 2335 nam
1136 2273 1217 2350 prius
1238 2275 1391 2336 ostendere

204 2385 294 2461 volo,
314 2384 500 2465 Religionem
520 2383 581 2449 vim
598 2384 672 2462 juris
693 2386 826 2463 accipere
846 2405 885 2449 ex
905 2384 969 2447 solo
989 2403 1089 2447 eorum
1111 2388 1248 2463 decreto,
1270 2385 1324 2463 qui
1341 2385 1391 2463 jus

202 2496 362 2573 imperandi
391 2497 519 2573 habent;
550 2511 582 2559 et
611 2500 707 2560 Deum
739 2500 850 2561 nullum
879 2498 1020 2579 singulare
1050 2517 1169 2579 regnum
1196 2499 1227 2561 in
1254 2500 1389 2561 homines

201 2608 324 2685 habere,
350 2608 402 2670 niu
428 2627 481 2686 per
506 2627 576 2686 eos,
604 2610 656 2688 qui
677 2610 828 2687 imperium
849 2626 969 2688 tenent;
990 2627 1022 2672 et
1041 2627 1182 2689 praeterea
1202 2614 1286 2689 quod
1306 2612 1388 2673 Reli·

202 2721 300 2800 gionia
326 2722 425 2783 cultus
452 2736 483 2783 et
509 2721 630 2799 pietatis
657 2723 828 2785 exercitium
849 2723 1035 2801 Reipublicae
1056 2723 1123 2801 paci
1143 2738 1175 2785 et
1195 2723 1319 2785 utilitati
1340 2743 1386 2785 ac-

202 2832 396 2910 commodari,
423 2850 454 2895 et
482 2834 695 2913 consequenter
715 2854 732 2896 a
754 2835 822 2899 solis
843 2836 959 2899 summis
979 2835 1176 2913 potestatibus
1200 2835 1384 2897 determinari

202 2946 308 3021 debet,
338 2963 463 3023 quaeque
493 2950 568 3010 adeo
600 2947 665 3026 ejus
694 2948 783 3011 etiam
814 2948 988 3025 interpretes
1019 2951 1128 3011 debent
1159 2946 1224 3009 eise.
1262 2948 1386 3025 Loquor

201 3055 331 3134 expresse
352 3061 388 3120 de
409 3057 531 3135 pietatis
552 3059 713 3135 exercitio,
735 3077 765 3122 et
786 3076 910 3123 externo
930 3060 1097 3141 Religionis
1107 3062 1278 3139 cultu3non
1289 3076 1383 3121 auten

201 3171 238 3231 de
269 3167 332 3245 ipsa
360 3169 488 3245 pietate,
519 3185 549 3231 et
579 3171 637 3232 Dei
667 3171 785 3233 intento
818 3175 917 3251 cultu,
947 3172 1007 3237 sive
1036 3171 1156 3249 mediis,
1176 3172 1285 3249 quibus
1305 3190 1383 3233 mens

200 3278 315 3343 interne
346 3281 512 3359 disponitur
541 3286 578 3345 ad
608 3285 705 3346 Deum
737 3284 904 3363 integritate
937 3284 1023 3345 animi
1054 3285 1225 3359 colendum
1254 3283 1382 3345 internus

201 3392 278 3455 enim
304 3394 362 3454 Dei
388 3395 502 3470 cultus,
530 3394 642 3471 etipsa
670 3394 781 3472 pietas,
805 3395 1032 3493 uniuscujusque
1050 3395 1124 3474 juris
1145 3395 1186 3457 est
1207 3395 1256 3474 (ut
1277 3394 1308 3457 in
1326 3397 1380 3456 fine

201 3505 275 3582 Cap.
306 3520 335 3582 7.
366 3506 576 3585 ostendimus),
607 3510 690 3582 quod
721 3507 753 3569 in
784 3507 870 3569 alium
902 3508 1047 3569 tranfferri
1068 3526 1129 3571 nott
1149 3507 1255 3585 potest.
1276 3509 1380 3585 Porro,
1453 3506 1454 3549 ³

200 3618 273 3696 quid
303 3617 351 3678 hic
383 3636 435 3694 per
463 3618 521 3679 Dei
553 3620 689 3698 Regnum
719 3618 895 3700 intelligam,
925 3640 963 3683 en
992 3620 1066 3697 Cap.
1096 3636 1141 3701 14
1162 3620 1233 3681 satie
1254 3620 1379 3681 constare

200 3730 351 3808 existim03
381 3729 412 3791 in
439 3749 476 3792 eo
508 3730 584 3792 eninr
615 3731 811 3809 ostendimus,
842 3750 907 3795 eum
937 3734 1030 3813 legem
1060 3733 1118 3794 Dei
1139 3732 1311 3809 adimplere,
1331 3732 1378 3810 qui

197 3842 337 3920 justitiam
367 3859 398 3904 et
429 3840 599 3905 charitatem
631 3862 668 3904 ex
700 3844 756 3906 Dei
778 3849 915 3908 mandato
936 3844 1024 3923 colit;
1045 3848 1124 3907 unde
1144 3843 1291 3923 sequitur,
1311 3845 1377 3907 illud

202 3956 339 4033 Regnum
369 3952 426 4017 esse
455 3955 530 4032 Dei,
559 3954 590 4017 in
619 3974 679 4033 quo
704 3956 816 4033 justitia
838 3972 869 4018 et
888 3956 1013 4018 charitas
1032 3956 1092 4019 vim
1109 3956 1184 4033 juris
1204 3971 1235 4018 et
1256 3957 1376 4019 mandati
1450 3920 1454 4039 1

201 4068 321 4130 habent.
361 4071 463 4147 Atque
492 4068 541 4129 hic
572 4070 678 4130 nullam
707 4068 836 4147 agnosco
867 4068 1073 4145 differentiam,
1101 4068 1160 4131 srve
1180 4070 1262 4129 Deus
1281 4086 1375 4131 verun

198 4179 318 4258 justitiae
339 4198 369 4243 et
390 4181 539 4244 charitatis
560 4182 671 4243 cultum
692 4182 816 4243 Lumine
837 4181 970 4243 Naturali
977 4180 1057 4257 ,five
1068 4181 1264 4244 Revelatione
1275 4183 1374 4242 doceat

202 4293 398 4371 imperetque;
429 4294 501 4354 nihil
532 4292 608 4354 enim
638 4295 745 4373 refert,
778 4298 930 4371 quomodo
962 4294 1009 4355 ille
1038 4295 1135 4355 cultus
1162 4294 1310 4356 revelatus
1328 4294 1372 4373 iit,
1442 4320 1451 4371 g

1452 4204 1454 4299 s
