2934 4900
562 334 702 410 Caput
731 334 756 393 I.
1195 336 1253 411 283

62 510 308 586 monstravimus,
334 510 465 573 homines
494 510 649 572 necessario
678 511 831 573 aliesiibus
860 511 915 573 else
937 498 1087 574 obnoirios
1108 514 1140 589 *;
1162 528 1191 573 et
1213 514 1254 574 ita

62 622 247 685 constitutos
267 622 342 697 elle,
363 640 395 684 ut
417 642 536 699 eorum,
564 622 673 699 quibus
696 624 767 683 male
789 622 846 697 est,
872 623 1075 698 misereantur,
1095 640 1125 684 et
1147 623 1255 699 quibus

62 738 137 793 bene
161 736 220 811 est,
250 734 402 797 invideant
423 736 472 810 **;
501 752 531 796 et
560 751 593 797 ut
616 738 652 797 ad
674 735 833 798 vindiciam
854 735 961 814 magis,
982 756 1067 812 quam
1090 740 1127 798 ad
1147 736 1254 797 miseri-

62 848 195 909 cordiam
218 848 273 909 smt
293 849 379 924 proni
400 848 464 923 ***;
487 864 517 908 et
539 864 679 925 praeterea
701 866 938 924 unumquemque
959 865 1114 925 appetere,
1135 865 1169 909 ut
1190 849 1255 909 reli·

62 960 112 1034 qui
144 980 184 1019 err
213 960 301 1036 ipsrus
330 958 449 1038 ingenio
479 959 600 1035 vivant,
621 974 652 1019 et
673 976 706 1020 ut
729 963 874 1035 probent,
895 962 977 1037 quod
997 960 1058 1036 ipse
1080 962 1203 1038 probat,
1225 978 1256 1022 et

62 1075 146 1146 quod
170 1073 232 1147 ipse
253 1070 407 1147 repudiat,
426 1072 583 1147 repudient
605 1073 669 1149 *,*;
692 1074 770 1133 unde
791 1073 826 1132 lit
838 1116 847 1147 ,
870 1087 919 1147 ut,
940 1090 1005 1133 cum
1027 1090 1128 1134 omnes
1150 1074 1257 1149 paritet

62 1199 209 1259 appetant
237 1182 320 1259 primi
348 1182 420 1259 elle,
450 1182 479 1243 in
509 1183 719 1244 contentiones
748 1182 887 1259 veniant,
915 1198 946 1244 et
973 1200 1115 1260 quantum
1137 1185 1257 1261 possunt

62 1294 199 1357 nitantur
219 1294 248 1355 se
269 1294 394 1358 invicem
417 1295 600 1372 opprimere,
621 1310 651 1355 et
674 1296 724 1372 qui
749 1296 844 1358 vidos
864 1295 979 1371 evadit,
999 1296 1089 1375 magis
1106 1297 1256 1375 glorietur,

64 1411 147 1485 quod
176 1409 261 1471 alteri
289 1410 405 1484 obfuit,
433 1428 520 1485 quam
549 1412 631 1486 quoti
651 1408 702 1469 stbi
725 1408 840 1485 profuit
860 1408 888 1488 †.
918 1404 969 1468 'Et
997 1408 1132 1485 quamvis
1153 1427 1255 1469 omnes

64 1521 189 1595 persuasa
219 1522 290 1597 srnt,
319 1521 505 1601 Religionem
533 1536 636 1583 contra
666 1524 789 1596 docere,
817 1536 850 1582 ut
872 1519 1068 1597 unusquisque
1089 1521 1254 1596 proximum

65 1650 204 1711 tanquam
232 1634 261 1695 se
289 1634 382 1711 ipsum
412 1650 505 1709 amet,
532 1634 590 1694 hoc
619 1634 660 1693 est
689 1648 723 1693 ut
748 1633 798 1709 jus
826 1631 945 1694 alterius
975 1632 1097 1709 perinde
1119 1652 1151 1693 ac
1172 1632 1255 1694 suum

66 1746 224 1822 defendat,
250 1746 325 1807 hanc
355 1762 451 1806 tamen
473 1743 686 1822 persuasionem
709 1743 739 1804 in
761 1743 883 1805 assedus
903 1762 1004 1820 pamm
1025 1743 1106 1820 polle
1128 1743 1255 1805 ostendi-

67 1876 129 1918 mus
149 1858 197 1939 ††.
238 1860 327 1919 Valet
355 1858 471 1935 quidem
501 1855 531 1918 in
561 1857 686 1917 articulo
714 1855 834 1931 mortis,
865 1858 985 1932 quando
1005 1856 1116 1918 scilicet
1136 1858 1256 1917 morbus

67 1968 146 2043 ipsos
175 1969 295 2031 affectus
324 1969 416 2045 vicit,
445 1985 474 2030 et
502 1968 591 2029 homo
621 1968 716 2047 segnis
735 1967 832 2044 jacet,
854 1969 904 2031 vel
924 1969 954 2029 in
975 1968 1107 2044 templis,
1128 1969 1179 2029 ubi
1199 1969 1254 2029 ho·

69 2080 159 2141 mines
181 2082 292 2142 nullum
314 2098 450 2141 exercent
472 2080 691 2141 commercium:
723 2094 754 2139 at
775 2080 891 2140 minime
912 2080 942 2141 in
963 2081 1030 2141 soto
1053 2082 1101 2141 vel
1121 2080 1151 2141 in
1173 2081 1256 2155 aula,

71 2194 120 2254 ubi
141 2192 266 2254 maxime
287 2192 399 2253 necesse
427 2192 506 2253 esset.
548 2193 733 2255 Ostendimus
762 2210 923 2269 preterea,
949 2193 1108 2254 Rationem
1133 2196 1255 2255 multum

72 2306 188 2381 quidem
218 2305 298 2381 posse
326 2306 447 2367 affectus
476 2311 609 2367 co'e'rcete
631 2322 661 2366 et
682 2306 824 2367 moderari
845 2304 919 2385 †††3
940 2304 989 2371 sed
1009 2304 1090 2366 samm
1112 2306 1255 2381 vidimus,

72 2417 164 2494 viam,
185 2436 272 2494 quam
293 2416 354 2495 ipsa
376 2416 468 2478 Ratio
489 2420 595 2492 docet,
625 2420 794 2494 perarduam
816 2416 870 2479 esse
892 2416 965 2498 ψῃ
993 2418 1105 2495 itaut,
1132 2419 1183 2496 qui
1204 2419 1255 2495 ubi

68 2530 242 2604 persuadent
263 2529 342 2608 pose
363 2529 657 2606 multitudinem,vel
679 2530 730 2607 qui
753 2530 880 2607 publicis
902 2530 1031 2610 negotiis
1052 2518 1256 2607 distrahuntur,

68 2643 183 2719 induci,
215 2659 249 2705 ut
281 2663 317 2704 err
349 2643 413 2704 solo
448 2641 588 2703 Rationis
615 2641 787 2718 praescripto
815 2642 936 2718 vivant,
956 2642 1083 2704 seculum
1104 2644 1256 2705 Poetarum

69 2775 203 2832 aureum,
225 2757 274 2818 seu
296 2756 422 2816 fabulam
445 2753 598 2816 somnient.

108 2867 135 2946 §.
155 2870 209 2928 VI.
250 2867 405 2944 Imperium
434 2867 541 2945 igitur,
572 2864 657 2942 cujus
684 2866 761 2926 salus
788 2869 824 2926 ab
852 2864 976 2942 alicujus
1003 2867 1060 2928 lide
1079 2869 1205 2942 pendet,
1226 2883 1257 2928 et

71 2978 154 3056 cujus
181 2979 301 3058 negotia
331 2997 391 3039 noa
419 2978 537 3055 possunt
559 2980 635 3040 reste
657 2977 768 3054 curari,
790 2977 841 3038 nist
863 2976 902 3053 ii,
923 2977 974 3054 qui
996 2981 1096 3038 eadem
1117 2981 1257 3054 tradant,

70 3094 125 3154 lide
145 3093 239 3155 velint
262 3111 363 3172 agere,
391 3091 506 3154 minime
529 3091 629 3152 stabile
652 3092 724 3167 erit;
752 3091 820 3167 sed,
847 3105 881 3151 ut
902 3108 1069 3166 permanere
1090 3093 1191 3167 pulsat,
1211 3109 1257 3152 res

71 3205 132 3280 ejus
160 3205 287 3282 publicae
316 3204 358 3264 ita
387 3204 555 3266 ordinanda:
585 3203 670 3277 sunt,
698 3219 732 3264 ut
761 3202 812 3280 qui
833 3201 945 3263 easdem
966 3202 1178 3277 administrant,
1199 3202 1257 3265 srve

73 3317 198 3378 Ratione
226 3320 388 3391 ducantur,
416 3315 475 3378 save
505 3315 628 3390 affeslu,
658 3313 758 3376 induci
786 3329 949 3392 nequeant,
978 3331 1012 3376 ut
1039 3316 1111 3376 male
1131 3315 1182 3375 lidi
1201 3314 1258 3376 smt

74 3427 119 3488 seu
150 3445 241 3503 prave
273 3441 372 3504 agant.
413 3429 477 3486 Nec
510 3427 547 3488 ad
580 3423 692 3500 imperii
726 3424 910 3487 securitatem
940 3427 1043 3502 refert,
1071 3446 1132 3503 quo
1160 3427 1256 3488 animo

72 3537 204 3600 homines
225 3537 403 3600 inducantur
424 3540 460 3600 ad
482 3555 527 3598 tes
549 3540 625 3598 recle
647 3536 918 3614 administrandum,
938 3540 1027 3600 modo
1048 3556 1094 3599 res
1113 3541 1188 3601 recle
1206 3539 1257 3600 atl-

72 3652 280 3725 ministrentur3
310 3649 395 3710 animi
426 3650 501 3711 enim
530 3648 667 3726 libertas,
694 3649 745 3711 seu
765 3649 928 3724 fortitudo,
949 3650 1064 3726 privata
1085 3650 1179 3712 virtus
1199 3650 1257 3726 est,

73 3779 98 3822 at
117 3761 232 3838 imperii
255 3760 351 3824 virtus
372 3761 521 3822 securitas.

108 3873 134 3954 §.
155 3873 225 3934 Vll.
266 3873 402 3950 Denique
425 3873 492 3950 quia
517 3891 620 3934 omnes
641 3872 869 3951 homines,s1ve
890 3873 1002 3935 barbati
1022 3873 1080 3937 srve
1098 3875 1170 3936 culti
1188 3873 1258 3950 stat,

104 4153 115 4182 *
134 4151 193 4201 Etlt.
210 4151 258 4200 lll.
278 4163 306 4211 1,
324 4151 370 4199 lv.
386 4164 412 4212 4.
496 4151 538 4212 *,*
559 4149 618 4198 Etlt.
635 4149 683 4198 ΙΙΙ.
701 4163 743 4210 3¹·
760 4148 844 4199 Schol.
921 4149 970 4214 †††
988 4150 1047 4200 Etlt.
1064 4151 1098 4200 V.
1115 4165 1140 4213 4.
1157 4149 1242 4200 schol.

90 4249 115 4278 '⁸
133 4249 192 4299 Etb.
209 4250 256 4298 lll.
274 4261 315 4309 32.
332 4247 418 4298 Sclrol.
525 4247 542 4312 †
560 4249 619 4298 Eth.
638 4249 683 4296 lv.
702 4249 744 4311 58.
761 4246 846 4297 schol.
920 4247 969 4313 †l†
988 4249 1046 4299 Etlr.
1064 4250 1098 4299 V.
1115 4263 1157 4312 42.
1173 4248 1259 4298 schol.

76 4347 113 4378 '0⁸
130 4347 189 4398 Eth.
207 4345 253 4396 tv.
270 4347 338 4410 app.
355 4360 396 4410 cp.
417 4359 455 4406 ¹³·
511 4345 544 4411 ἡ
562 4347 622 4397 Etlt.
640 4347 685 4396 lv.
705 4359 745 4410 15.
