2934 4900
524 339 581 408 De
621 335 773 407 Mente.
1191 353 1245 427 r'r‘g

50 525 178 601 poribus
199 523 332 586 externis
353 523 435 586 simul
457 523 589 586 affesium
613 523 691 600 fuit,
712 521 763 584 nbi
785 523 874 585 Mens
895 524 997 600 postea
1020 543 1120 587 eorum
1140 526 1247 588 alteru·

51 653 129 697 trum
157 635 383 716 imaginabitur,
411 635 505 697 statim
534 651 564 696 et
594 635 713 697 alterius
741 635 962 712 recordabitur,
990 637 1047 698 hoc
1077 637 1134 714 est,
1161 641 1247 699 ambo

52 765 86 810 ut
115 747 170 809 fibi
200 747 354 824 prasentia
384 746 650 825 contemplabitur,
679 746 730 808 nisr
752 747 845 809 causae
867 765 1039 826 occunant,
1060 767 1126 826 quae
1147 767 1248 811 eorum

52 861 228 936 presentem
250 859 433 940 existentiam
455 860 615 922 secludant.
644 860 786 922 Praeterea
808 879 894 922 nemo
917 861 1052 941 dubitat,
1069 864 1140 940 quin
1160 863 1247 925 etiam

52 991 174 1050 tempus
203 973 410 1051 imaginemur,
438 991 543 1049 nempe
571 991 607 1034 ex
630 991 685 1049 eo,
708 976 791 1050 quod
812 991 937 1050 corpora
958 975 1012 1035 alia
1035 974 1100 1035 aliis
1120 975 1247 1050 tardius,

54 1087 102 1148 rel
125 1085 270 1162 celerius,
289 1087 338 1147 vel
361 1103 445 1162 aeque
468 1085 601 1146 celeriter
621 1085 735 1148 moveri
756 1085 953 1164 imaginemur.
979 1086 1126 1149 Ponamus
1146 1088 1247 1164 itaque

54 1216 196 1272 puenrm,
217 1196 270 1273 qui
287 1197 348 1257 heri
368 1196 459 1273 prima
476 1197 544 1259 vice
562 1197 634 1258 hora
652 1197 796 1258 matutina
814 1197 923 1260 viderit
943 1198 1074 1275 Petrum,
1091 1198 1247 1261 meridiana

53 1325 153 1370 autem
176 1309 314 1385 Paulum,
334 1324 365 1369 et
383 1307 550 1385 vespertina
568 1309 748 1386 Simeonem,
767 1325 857 1385 atque
875 1310 964 1371 hodie
983 1310 1087 1371 iterum
1104 1310 1247 1372 matutina

53 1423 127 1482 hora
149 1423 279 1483 Petrum.
319 1423 366 1482 Ex
389 1420 593 1498 Proposrtione
618 1423 664 1483 18.
686 1421 775 1498 huius
796 1437 894 1498 patet,
916 1426 997 1499 quod
1018 1422 1132 1484 stmulac
1153 1438 1247 1484 maru-

55 1535 148 1594 tinam
178 1536 274 1595 lucem
303 1535 404 1610 videt,
432 1535 512 1597 illico
534 1535 624 1597 solem
646 1537 766 1596 eandem
788 1533 874 1608 coeli,
894 1552 980 1610 quam
1002 1534 1049 1595 die
1070 1534 1248 1610 praecedenti

55 1645 186 1722 siderit,
216 1661 328 1721 partem
361 1661 593 1722 percurrentem,
626 1645 685 1707 srve
717 1645 794 1706 diem
826 1644 988 1723 integrum,
1016 1660 1046 1706 et
1072 1643 1154 1704 srmul
1182 1662 1247 1705 cum

55 1774 192 1834 ternpore
221 1757 367 1819 matutino
395 1758 528 1833 Petrum,
556 1777 622 1819 cunr
651 1757 811 1818 meridiano
841 1771 937 1818 autern
966 1757 1103 1830 Paulum,
1130 1772 1160 1816 et
1181 1775 1246 1842 curn

55 1868 231 1944 vespertino
248 1867 412 1930 Simeonem
428 1867 650 1948 imaginabitur,
668 1869 726 1929 hoc
747 1869 804 1944 est,
823 1867 905 1928 Pauli
918 1884 948 1928 et
959 1867 1105 1928 Simeonis
1123 1867 1247 1928 existen-

56 1983 128 2042 tiam
156 1999 225 2042 cum
253 1981 395 2043 relatione
424 1985 460 2043 ad
488 1982 619 2044 futurum
648 1997 763 2057 tempus
792 1979 1013 2058 imaginabitur,
1035 1995 1066 2040 et
1087 1977 1247 2056 contra,si

55 2096 128 2154 hora
160 2092 329 2170 vespertina
360 2094 525 2156 Simeonem
558 2092 675 2169 videat,
708 2095 828 2154 Paulum
860 2107 891 2153 et
922 2093 1038 2153 Petrum
1067 2095 1103 2154 ad
1131 2107 1248 2168 tempus

58 2205 243 2282 praeteritum
273 2206 399 2281 referet,
435 2205 550 2267 eosdem
584 2204 693 2266 scilicet
724 2205 806 2266 srmul
836 2223 902 2265 cum
934 2219 1066 2280 tempore
1098 2203 1247 2279 praeterito

58 2318 267 2397 imaginandm
295 2333 383 2394 atque
410 2317 473 2378 haec
501 2335 537 2378 eo
559 2317 759 2393 constantius,
780 2335 841 2394 quo
863 2314 968 2392 saepius
990 2334 1043 2376 eos
1065 2318 1169 2377 eodem
1189 2315 1247 2376 hoc

59 2430 164 2492 ordine
187 2429 304 2493 viderit.
325 2428 454 2511 Quodfi
475 2429 633 2507 aliquando
656 2428 828 2508 contingat,
850 2443 882 2490 ut
904 2427 959 2489 alia
980 2430 1105 2505 quadam
1127 2427 1246 2503 vespera

57 2544 127 2603 loco
160 2540 305 2603 Simeonis
336 2542 478 2621 Jacobum
511 2540 628 2617 videat,
658 2558 721 2602 turn
753 2540 888 2617 sequenti
915 2559 997 2601 mane
1027 2559 1093 2602 cunr
1114 2555 1247 2616 tempore

59 2653 231 2730 vespertino
259 2653 318 2729 jam
349 2652 531 2728 Simeonem,
557 2651 617 2729 jam
648 2654 809 2733 Jacobum,
841 2672 901 2714 non
932 2670 1004 2715 vero
1037 2656 1151 2726 ambos·
1167 2651 1248 2712 srmul

58 2766 277 2845 imaginabitur.
317 2768 392 2826 Nam
414 2766 584 2827 alterutrum
605 2780 736 2839 tantum,
756 2783 817 2825 non
839 2781 936 2826 autent
958 2768 1059 2825 ambos
1077 2764 1157 2824 simul
1173 2779 1246 2824 tem·

58 2898 133 2955 pore
162 2878 331 2955 vespertino
360 2877 460 2940 vidisse
489 2876 674 2953 supponitur.
716 2868 917 2940 Flusiuabitur
942 2878 1041 2953 itaque
1063 2877 1126 2953 ejus
1148 2876 1247 2955 imagi-

58 2991 163 3065 natio,
184 3006 215 3051 et
236 3009 301 3051 cum
323 2992 424 3052 futuro
447 3006 579 3066 tempore
601 2990 772 3065 vespertino
790 2990 849 3066 jam
871 2992 948 3051 hunc
965 2990 1025 3067 jam
1046 2989 1124 3051 illum
1147 2988 1247 3067 imagi·

58 3102 195 3177 nabitur,
216 3102 273 3164 hoc
294 3102 349 3178 est,
371 3117 505 3163 neutrum
527 3118 625 3177 certo,
647 3101 696 3163 sed
718 3118 874 3179 utrumque
894 3102 1100 3181 contingenter
1117 3104 1248 3163 futurum

58 3214 319 3290 contemplabitur.
361 3217 462 3290 Atque
489 3215 550 3275 haec
580 3214 798 3293 imaginationis
828 3214 979 3277 llutluatio
1008 3218 1108 3277 eadem
1133 3213 1247 3289 erit,sr

60 3323 234 3402 imaginatio
261 3340 355 3383 rerum
383 3322 434 3398 srt,
463 3342 536 3399 quas
565 3325 668 3384 eodem
699 3325 788 3384 modo
816 3343 882 3384 curn
910 3324 1052 3386 relatione
1074 3328 1110 3385 ad
1132 3340 1247 3401 tempus

61 3436 242 3513 praeteritum
271 3435 318 3497 vel
347 3434 470 3510 praesens
498 3437 746 3511 contemplamur3
765 3451 795 3496 et
816 3436 1030 3512 consequenter
1050 3455 1112 3512 res,
1132 3452 1190 3496 tam
1212 3438 1248 3496 ad

62 3565 180 3626 tempus
201 3548 327 3625 praesens
349 3566 434 3625 quarn
455 3550 492 3609 ad
513 3547 692 3625 praeteritum
714 3548 763 3611 vel
784 3549 916 3611 futurum
937 3549 1057 3624 relatas,
1075 3564 1109 3611 ut
1130 3546 1248 3609 contin·

61 3676 167 3738 gentes
188 3656 415 3738 imaginabimur.

442 3818 794 3863 conottnnrum
826 3802 864 3861 ll.

99 3933 144 3996 De
164 3947 268 3993 natura
287 3929 425 3991 Rationis
443 3930 501 4006 est,
517 3949 563 3993 res
581 3931 634 3993 sub
653 3934 777 4009 quadam
798 3928 970 3991 aternitatis
982 3929 1077 4005 specie
1088 3928 1247 4005 percipere.

462 4113 857 4159 DEMONSTRATIO.

99 4228 146 4287 De
170 4240 275 4285 natura
297 4222 372 4283 enim
394 4224 533 4286 Rationis
554 4224 610 4301 est,
632 4243 676 4286 res
698 4242 731 4287 ut
752 4223 933 4301 necessarias,
953 4239 983 4286 et
1001 4243 1061 4286 non
1078 4239 1112 4286 ut
1130 4224 1247 4284 contin-

59 4355 164 4417 gentes
187 4336 382 4411 contemplari
410 4336 480 4415 (per
501 4338 589 4413 Prop.
606 4338 755 4415 praeced).
797 4338 880 4397 Hanc
902 4352 999 4399 autem
1019 4353 1112 4396 rerum
1132 4335 1246 4395 necesst-

1133 4432 1148 4480 8
