2934 4900
225 360 264 435 36
372 360 425 421 De
455 360 692 423 Intellectus
721 360 1002 424 Emendatione
1032 362 1256 425 Tractatus.

222 532 327 595 lineam
347 534 377 597 in
398 534 542 598 infinitum
563 536 735 601 continuare
755 537 921 617 pollumus,
953 542 1035 617 quod
1054 539 1171 601 minime
1192 538 1340 617 possemus
1361 539 1406 599 sn-

223 664 307 723 cere,
328 646 348 707 fi
369 666 430 709 non
449 650 619 713 haberemus
639 650 731 713 ideam
754 638 875 713 inlinitae
897 652 1080 729 quantitatis.

262 758 315 821 lV.
356 762 440 822 ldeas
461 760 601 837 positiuas
622 762 703 840 prius
724 764 848 841 format,
868 784 954 842 quam
976 765 1136 845 negativas.

263 870 301 933 V.
343 874 405 934 Res
425 890 485 934 non
505 888 563 935 tam
585 873 637 937 sub
658 875 828 952 duratione,
845 896 931 953 quam
951 876 1004 938 sub
1026 879 1149 954 quadam
1171 877 1266 953 specie
1287 876 1407 938 aeterni-

222 983 292 1044 tatis
323 984 465 1062 percipit,
496 1002 527 1047 et
558 1004 677 1049 numero
698 986 832 1066 infinito;
854 989 1041 1065 velpotius,
1062 992 1164 1051 adres
1185 989 1410 1065 percipiendas,

222 1113 276 1156 nec
297 1098 503 1159 adnumerum
524 1117 579 1160 nec
599 1100 636 1161 ad
656 1098 839 1162 durationem
860 1100 999 1162 attendit:
1031 1120 1097 1162 cum
1119 1116 1215 1163 autem
1236 1120 1282 1162 res
1302 1100 1406 1179 imagi-

128 1222 130 1227 ’
222 1224 320 1279 natur,
350 1227 400 1271 eas
427 1209 480 1273 sub
508 1226 589 1273 certo
618 1230 759 1289 nurnero,
781 1214 971 1276 determinata
994 1212 1165 1291 duratione,
1186 1230 1217 1275 et
1237 1212 1408 1291 quantitate

219 1340 354 1401 percipit.

261 1434 314 1496 Vl.
355 1436 448 1513 Idea,
469 1454 542 1513 quas
564 1438 653 1499 claras
674 1454 705 1499 et
726 1438 872 1501 distindias
892 1439 1066 1514 formamus,
1085 1438 1125 1499 ita
1146 1456 1183 1499 ex
1206 1436 1266 1499 sola
1286 1435 1407 1497 necessi-

220 1561 281 1608 tate
302 1546 405 1608 nostre
426 1563 535 1609 naturae
558 1548 638 1625 sequi
659 1549 814 1624 videntur,
835 1565 869 1612 ut
887 1549 1020 1611 absolute
1040 1548 1135 1610 isola
1153 1546 1408 1625 nostrapotentin

220 1660 346 1733 pendere
367 1658 538 1737 videantur3
565 1660 695 1724 confusae
716 1677 813 1724 autem
834 1676 947 1724 contra.
987 1660 1085 1722 Nobis
1106 1660 1182 1721 enini
1203 1659 1305 1723 invitis
1327 1660 1408 1736 saepe

219 1771 390 1835 formantur.

259 1884 326 1945 Vll.
367 1885 451 1947 ldeas
478 1903 587 1963 rerum,
616 1905 689 1964 quas
711 1886 877 1948 intelleclus
898 1902 936 1945 eit
956 1882 1020 1944 aliis
1041 1882 1165 1959 sormat,
1186 1882 1284 1943 multis
1304 1882 1405 1943 modis

219 2014 300 2059 mens
321 1998 511 2059 determinare
532 1998 645 2075 potest:
667 2014 700 2061 ut
722 2000 758 2059 ad
780 1996 1028 2059 determinandum
1049 2014 1096 2057 ex.
1117 2014 1158 2074 gr.
1179 1997 1295 2071 planum
1317 1993 1405 2070 ellip-

219 2108 285 2170 seos
305 2109 407 2188 fingit,
426 2110 530 2190 liylum
552 2112 668 2172 chordae
690 2110 884 2171 adherentem
905 2108 981 2169 circa
1002 2111 1063 2171 duo
1085 2122 1184 2169 centra
1203 2105 1331 2182 moveri,
1353 2108 1404 2167 vel

218 2220 349 2295 concipit
367 2214 482 2283 infinita
503 2222 610 2297 pundia
631 2224 752 2283 eandem
772 2219 884 2298 semper
904 2235 934 2282 et
955 2236 1063 2282 certain
1084 2219 1227 2281 rationem
1247 2220 1283 2280 ad
1304 2220 1405 2279 datam

218 2332 342 2410 aliquam
373 2335 477 2395 reddam
508 2334 611 2396 lineam
641 2334 795 2411 habentia,
825 2335 873 2396 vel
905 2352 1012 2395 conum
1040 2334 1130 2409 plano
1154 2332 1255 2408 aliquo
1277 2330 1405 2407 obliquo

218 2442 341 2522 sedium,
372 2444 413 2506 ita
444 2461 478 2508 ut
509 2447 632 2526 angulus
652 2444 853 2508 inclinationis
873 2444 965 2522 major
983 2445 1019 2506 'sit
1041 2445 1148 2524 angulo
1172 2442 1292 2505 verticis
1312 2441 1405 2515 coni,

217 2558 264 2618 vel
284 2557 348 2618 aliis
369 2557 490 2620 infinitis
511 2559 615 2621 modis.

254 2672 336 2732 Vlll.
377 2672 471 2748 ldeae,
496 2690 557 2750 quo
583 2674 649 2748 plus
669 2671 858 2748 perfectionis
879 2669 1002 2747 aliqu'us
1024 2668 1134 2746 objedii
1154 2666 1340 2744 exprimunt,
1363 2685 1403 2726 eo

215 2781 403 2859 persediores
425 2783 500 2844 sunt.
540 2785 616 2844 Nam
637 2783 766 2861 fabrum,
788 2782 840 2859 qui
859 2783 958 2843 fanum
979 2781 1101 2858 aliquod
1121 2777 1323 2857 excogitavit,
1339 2795 1404 2838 non

215 2894 255 2955 ita
277 2893 446 2956 admiramur
467 2911 500 2954 ac
521 2893 617 2970 illuni,
638 2894 690 2971 qui
712 2896 852 2970 templum
873 2893 994 2969 aliquod
1016 2890 1125 2970 insigne
1146 2888 1341 2969 excogitavit.

255 3005 401 3084 Reliqua,
429 3025 494 3084 qum
521 3007 558 3068 ad
585 3005 796 3085 cogitationem
825 3007 1006 3080 refemntur,
1028 3022 1062 3066 ut
1083 3023 1179 3081 amor,
1198 3002 1318 3078 latitia,
1340 3017 1402 3062 etc.

215 3118 287 3180 nihil
317 3136 429 3181 moror:
460 3136 525 3179 nam
557 3136 611 3179 nec
643 3120 680 3179 ad
711 3117 840 3179 nostrum
860 3117 1024 3179 institutum
1044 3117 1169 3194 presens
1189 3115 1324 3190 faciunt,
1344 3133 1404 3174 nec

214 3231 301 3292 etiam
332 3229 451 3306 poliunt
481 3228 620 3306 concipi,
651 3228 702 3290 nisi
734 3245 876 3306 percepto
909 3228 1068 3291 intellesiu.
1110 3230 1185 3289 Nam
1207 3225 1404 3303 perceptione

215 3343 334 3405 omuino
356 3342 467 3404 sublata
487 3360 521 3404 ea
542 3341 639 3404 omnia
659 3343 813 3404 tolluntur.

252 3456 329 3516 ldeae
350 3454 427 3516 salsae
450 3470 481 3515 et
500 3455 573 3516 fistae
591 3453 662 3514 nihil
680 3453 839 3531 positivum
856 3454 965 3515 habent
983 3452 1032 3532 (ut
1050 3457 1166 3524 abunde
1185 3455 1406 3533 ostendimus),

211 3583 264 3643 per
284 3545 366 3643 quod
387 3564 465 3627 falsae
485 3581 536 3627 aut
556 3565 629 3627 lisia
650 3565 804 3641 dicuntum
833 3566 883 3627 sed
912 3585 949 3626 ex
977 3565 1041 3626 solo
1070 3567 1188 3629 desedit
1216 3565 1404 3645 cognitionis

212 3690 246 3735 ut
273 3676 346 3736 tales
374 3674 600 3738 considerantur.
639 3677 717 3738 ldeae
746 3696 816 3757 ergo
848 3677 924 3740 falsa
957 3693 988 3739 et
1018 3679 1108 3755 sidae,
1136 3696 1283 3756 quatenus
1304 3681 1401 3756 tales,

211 3785 284 3846 nihil
310 3805 366 3849 nos
392 3790 429 3849 de
456 3785 575 3848 essentia
603 3787 797 3866 cogitationis
827 3791 934 3850 docere
955 3788 1092 3867 possunt,
1114 3789 1163 3851 sed
1183 3790 1246 3851 hec
1267 3795 1401 3867 petenda

213 3915 250 3956 ex
280 3899 370 3960 modo
400 3896 547 3960 recensitis
577 3899 809 3976 proprietatibus
837 3898 990 3977 positivis;
1018 3901 1077 3962 hoc
1110 3902 1168 3977 est,
1195 3901 1255 3978 jam
1285 3902 1401 3980 aliquid

212 4028 365 4073 commune
384 4011 568 4072 statuendum
590 4013 644 4090 ell,
665 4031 702 4072 ex
724 4031 785 4089 quo
806 4013 851 4073 hae
872 4012 1070 4089 proprietates
1090 4013 1250 4075 necessario
1272 4015 1401 4092 sequan-

212 4137 276 4199 tur,
296 4121 355 4185 sive
376 4141 437 4199 quo
457 4125 530 4184 dato
550 4122 594 4184 hae
616 4121 775 4185 necessario
795 4125 922 4200 dentur,
943 4139 974 4185 et
996 4143 1057 4201 quo
1078 4124 1194 4187 sublato
1213 4127 1277 4188 haec
1299 4128 1401 4190 omnia
1456 4138 1457 4141 ’

211 4233 361 4297 tollantur.

615 4347 753 4437 Reliqua
775 4346 996 4433 desiderantur.
