2934 4900
197 288 256 371 584
671 292 909 355 Tractatut

196 468 411 546 concesserunt,
432 484 465 530 ut
486 470 564 531 nulla
584 464 700 533 Levitis
721 466 845 544 amplius
865 464 1045 529 consultatio
1055 462 1263 541 ell'et3deinde
1273 466 1387 542 pluret,

196 580 248 658 qui
275 578 393 641 nomine
419 580 476 641 Dei
497 580 729 657 prophetarent,
750 578 964 656 qoaesiverunt,
984 592 1020 639 ut
1039 576 1202 653 Prophetas
1222 576 1385 652 haberent,

196 710 272 769 quos
302 692 379 756 veria
411 708 606 769 opponerent.
647 693 705 755 Sed
736 691 880 769 quicquid
910 691 1011 751 conati
1031 689 1115 767 sunt,
1136 708 1295 767 numquam
1314 690 1385 753 voti

194 820 348 882 compotes
379 804 433 867 else
464 820 635 883 potuerunt.
666 804 821 880 Prophetae
841 803 935 880 enim,
955 802 993 864 ad
1013 800 1111 864 omnia
1131 802 1243 879 parati,
1263 818 1384 879 tempus

195 932 395 994 opportunum
416 919 629 995 expectabant,
651 934 757 993 nempe
777 914 930 992 imperium
950 913 1137 992 successoris,
1157 918 1240 992 quod
1258 915 1384 993 semper,

194 1032 263 1092 dum
291 1029 428 1093 memoria
454 1029 648 1107 praecedentis
672 1028 772 1110 viget,
799 1026 960 1106 precarium
981 1028 1384 1104 est31umfacileautboti·

193 1157 255 1205 tate
286 1142 386 1207 divina
417 1143 541 1221 aliquem
572 1144 684 1223 Regem
722 1140 866 1204 infensum
897 1157 930 1203 et
959 1141 1072 1205 virture
1102 1142 1209 1203 clantm
1240 1141 1383 1205 inducere

193 1270 332 1333 poterant
353 1258 388 1317 ad
406 1255 457 1333 J‘us
476 1256 607 1319 divinum
634 1254 844 1319 vindicandum
850 1300 861 1331 ,
881 1270 913 1316 et
939 1254 1091 1331 imperium
1111 1256 1160 1317 trel
1183 1253 1248 1331 eiut
1268 1271 1383 1332 partem

189 1368 256 1446 jure
283 1368 491 1446 possidendum.
522 1369 632 1429 Verum
660 1385 714 1429 nee
741 1366 898 1442 Prophetae
918 1366 1028 1444 aliquid
1049 1365 1104 1427 hac
1123 1364 1239 1427 ratione
1260 1382 1383 1443 promo·

194 1498 263 1544 vete
294 1494 449 1558 poterant;
477 1497 558 1554 nam,
589 1478 641 1541 etfi
671 1480 845 1557 Tyrannum
875 1495 892 1537 e
919 1476 1018 1539 medio
1048 1478 1202 1554 tollerent,
1223 1478 1384 1538 manebant

194 1608 290 1655 tamen
321 1592 430 1669 cause,
462 1608 551 1669 quere
583 1590 656 1652 nihil
683 1591 763 1654 aliud
783 1590 948 1667 faciebant,
970 1608 1057 1667 qoam
1077 1607 1189 1653 norum
1205 1590 1383 1669 Tyrannum

193 1706 286 1767 multo
318 1705 426 1769 civium
459 1704 597 1784 sanguine
628 1721 732 1765 emere.
773 1701 935 1765 Discordiit
963 1700 1053 1781 igitur
1079 1700 1221 1778 bellisque
1241 1700 1384 1765 civilibus

193 1818 260 1879 linia
286 1819 399 1895 nulua,
427 1817 520 1879 causae
541 1833 638 1880 autem
655 1815 705 1894 jus
726 1816 860 1879 divinum
879 1814 1012 1879 violandi
1032 1815 1145 1891 semper
1163 1815 1291 1891 adem,
1314 1832 1382 1891 quae

195 1929 282 1991 etiam
303 1948 364 1991 non
386 1928 437 1991 nili
458 1928 539 1993 simul
560 1947 625 1991 cum
646 1944 715 1991 toto
737 1928 859 2005 imperio
880 1946 897 1989 e
918 1928 1016 1989 medio
1037 1927 1103 1989 rolli
1123 1940 1299 2003 potuerunt.

234 2042 289 2103 ilia
319 2043 471 2118 videmus,
500 2044 652 2119 quomodo
680 2041 800 2121 Religio
820 2041 852 2102 in
871 2042 1063 2102 Hebraeorum
1083 2039 1307 2116 Rempublicam
1336 2040 1382 2101 in·

194 2155 328 2215 troduda
359 2153 465 2231 suerit,
493 2168 524 2215 et
552 2172 610 2232 qua
637 2152 752 2215 ratione
772 2152 924 2229 imperium
945 2167 1086 2215 eternum
1106 2150 1162 2213 eil'e
1188 2153 1342 2231 potuerit,
1362 2152 1383 2213 si

190 2265 267 2343 justa
298 2265 468 2344 legissatoris
499 2266 539 2328 ira
567 2266 597 2328 in
629 2269 733 2328 eodem
764 2266 911 2343 persistere
943 2266 1130 2328 concessisset.
1170 2268 1229 2328 Sed
1259 2266 1333 2345 quia
1353 2269 1384 2330 id

193 2376 254 2439 lieri
282 2394 342 2439 non
368 2378 485 2456 potuit,
513 2381 629 2440 tandem
657 2378 776 2440 interire
796 2377 910 2439 debuit.
949 2379 1052 2456 Atque
1072 2377 1120 2439 hic
1140 2380 1177 2439 de
1197 2376 1263 2441 solo
1286 2378 1382 2458 ptimo

194 2490 316 2568 irnperio
336 2491 456 2553 locutus
476 2489 556 2569 sum;
582 2509 648 2552 nem
669 2491 828 2554 secundum
848 2491 903 2555 vix
921 2493 1023 2552 umbra
1043 2490 1101 2552 suit
1122 2491 1223 2567 primi,
1243 2495 1382 2569 quando·

194 2603 311 2681 quidem
334 2603 400 2680 jure
427 2604 588 2681 Persamm,
615 2621 740 2681 quorum
767 2601 877 2664 subditi
907 2618 1006 2679 erant,
1033 2605 1228 2680 tenebantur,
1248 2619 1281 2666 et
1300 2606 1382 2682 post·
1418 2623 1423 2632 ·

194 2734 279 2793 quam
309 2715 472 2778 libertatem
503 2715 603 2792 adepti
634 2715 718 2792 sunt,
748 2708 908 2777 Pontificea
935 2715 987 2792 jua
1013 2715 1197 2792 principatur
1218 2715 1381 2794 usurpave-

192 2843 280 2903 runt,
311 2845 372 2904 quo
399 2827 552 2904 imperium
588 2827 754 2890 absolutum
791 2828 993 2890 obtinuerunt.
1034 2830 1126 2890 Unde
1167 2829 1382 2892 Sacerdotibus

193 2937 332 3018 regnandi
359 2955 390 3000 et
416 2939 620 3016 pontificatum
646 2939 728 3004 simul
760 2939 939 3017 adipiscendi
968 2939 1073 3020 ingene
1100 2939 1210 3016 libido;
1231 2959 1325 3018 quare
1345 2945 1382 3004 de

193 3049 251 3112 hoc
272 3050 400 3114 secundo
421 3051 536 3113 minime
556 3070 634 3128 opus
655 3051 713 3114 fuit
732 3053 816 3128 plura
836 3052 942 3114 dicere.
962 3053 1012 3112 An
1032 3069 1106 3116 vero
1126 3051 1269 3130 primum,
1290 3071 1384 3130 prout

193 3161 286 3239 ipsum
318 3163 448 3225 durabile
478 3163 684 3240 concepimus,
714 3162 855 3225 imitabile
883 3164 935 3241 lit,
954 3165 1004 3227 vel
1024 3164 1121 3242 pium,
1141 3163 1173 3225 id
1193 3167 1295 3241 quoad
1316 3164 1384 3243 ejus

193 3275 255 3337 lieri
282 3276 380 3350 potest
406 3275 528 3353 imitati,
555 3276 586 3338 id
607 3294 644 3337 en
671 3274 863 3352 sequentibus
882 3275 1007 3351 patebit.
1046 3275 1106 3336 llic
1126 3291 1240 3338 tannem
1261 3278 1382 3340 coroni-

195 3387 239 3449 dis
259 3389 328 3449 loco
357 3388 452 3451 notati
479 3389 567 3452 velim
586 3389 634 3465 id,
655 3388 738 3465 quod
761 3386 821 3464 jam
842 3387 925 3464 supra
946 3387 1111 3464 innuimoe3
1130 3406 1235 3465 nempe
1257 3407 1296 3450 ex
1317 3391 1382 3469 bis,

195 3519 261 3577 que
282 3499 312 3561 in
333 3501 390 3562 hoc
412 3499 517 3578 Capite
538 3499 734 3576 ostendimur,
762 3499 909 3575 constare,
925 3499 976 3577 ius
996 3499 1130 3564 divinum
1148 3500 1209 3566 live
1229 3501 1382 3582 religionis

195 3627 233 3668 er
265 3611 351 3684 paeto
383 3608 470 3686 oriri,
499 3610 558 3672 fine
589 3629 650 3688 quo
682 3611 794 3672 nubum
815 3611 857 3671 est
876 3610 930 3671 nili
950 3611 1098 3673 naturale:
1119 3625 1150 3672 et
1169 3611 1240 3674 ideo
1260 3613 1382 3675 Hebraei

195 3721 273 3782 nulla
294 3721 405 3796 pietate
434 3738 501 3800 erga
529 3736 649 3802 gentes,
670 3739 736 3798 quae
756 3723 844 3797 paeto
865 3740 926 3783 non
947 3721 1161 3799 interfuerunt,
1180 3740 1219 3786 ex
1235 3721 1317 3802 jussu
1336 3743 1382 3786 re-

195 3829 312 3916 ligionis
333 3835 526 3910 tenebantur,
546 3833 596 3904 sed
616 3847 731 3899 tantum
752 3831 782 3893 in
802 3833 953 3900 conciver-
