2934 4900
209 320 268 397 298
567 318 807 378 Tractatus
847 314 1035 377 Politici

210 472 354 574 integrum
375 496 416 556 est
437 493 568 558 solvendi
597 495 711 570 soedus,
739 494 979 569 quandocunque
1001 493 1074 555 vult.
1115 492 1179 552 Nec
1200 490 1259 553 dici
1279 490 1403 567 potest,

211 610 292 685 equod
314 608 384 668 dolo
407 610 454 669 vel
475 606 593 682 persidia
614 621 698 684 agat,
727 621 882 681 propterea
905 607 987 681 quod
1006 605 1092 666 fidem
1114 603 1202 667 solvit
1222 602 1402 679 simulatque

212 722 306 781 menis
335 721 383 783 vel
411 717 471 795 spei
493 718 577 779 causa
599 716 710 779 sublata
731 716 788 793 est;
809 716 879 793 quia
899 717 961 776 haec
984 715 1120 777 conditio
1141 714 1301 792 unicuique
1325 734 1401 775 con-

211 832 386 893 trahentium
419 829 538 908 aequalis
569 829 643 905 suit,
675 845 709 890 ut
741 828 851 889 scilicet
883 846 949 905 quae
981 828 1072 904 prima
1101 843 1184 888 extra
1205 843 1315 888 metum
1340 826 1400 887 esse

212 944 323 1020 pollet,
355 944 396 1005 sui
424 943 498 1020 juris
531 942 617 1017 esset,
650 960 747 1018 eoque
779 960 816 1001 err
847 939 891 1002 sui
923 940 1012 1001 animi
1032 940 1174 1001 sententia
1196 955 1350 1015 uteretur;
1373 954 1404 998 ct

212 1070 350 1131 praeterea
372 1054 440 1131 quia
461 1073 547 1115 nemo
569 1052 598 1114 in
621 1054 753 1114 futurum
775 1052 942 1129 contrahit,
964 1051 1015 1113 nili
1037 1052 1140 1129 posuis
1160 1050 1404 1127 praecedentibus

210 1166 447 1242 circumstantiis,
473 1165 518 1227 his
547 1180 644 1226 autem
672 1164 794 1227 mutatis
815 1165 910 1226 totius
932 1165 1022 1226 statr‘ts
1043 1165 1130 1225 etiarn
1151 1178 1281 1224 mutatur
1302 1164 1403 1236 ratio;

212 1298 242 1341 et
270 1282 324 1341 hac
352 1283 388 1341 de
416 1278 499 1341 causa
529 1297 712 1354 unaquaeque
742 1280 1004 1339 couscederatarum
1033 1277 1196 1340 Civitatum
1217 1276 1267 1352 jus
1288 1276 1402 1336 retinet

212 1393 264 1453 sthi
297 1392 484 1467 consulendi,
505 1406 535 1452 et
556 1409 741 1468 unaquaeque
773 1406 929 1467 propterea
961 1405 1103 1466 quantum
1133 1389 1230 1464 potest
1256 1403 1404 1459 conatur,

212 1522 294 1567 extra
316 1521 441 1581 metum,
462 1520 492 1565 et
514 1502 727 1580 consequenter
748 1502 792 1564 sui
810 1502 885 1579 juris
906 1501 978 1577 esse,
999 1517 1029 1562 et
1051 1500 1204 1577 impedire,
1220 1518 1282 1577 quo
1304 1500 1404 1559 minus

213 1620 301 1678 altera
331 1616 486 1693 potentior
516 1618 631 1677 evadat.
673 1615 703 1674 Si
735 1633 800 1690 quae
832 1632 902 1692 ergo
934 1612 1066 1688 Civitas,
1094 1611 1121 1673 se
1150 1614 1305 1687 deceptam
1328 1610 1405 1682 esse,

213 1731 345 1808 queritur
355 1733 380 1805 *,
398 1747 431 1789 ea
451 1730 517 1789 sane
536 1746 596 1789 non
615 1728 824 1787 conscederatae
843 1725 984 1788 Civitatis
1002 1726 1102 1800 fidem,
1121 1724 1170 1784 sed
1182 1724 1259 1784 suam
1271 1738 1404 1785 tantum-

213 1845 303 1904 modo
332 1841 480 1903 stultitiam
509 1844 642 1917 damnare
671 1839 784 1915 porcst;
814 1841 896 1915 quod
924 1836 1033 1897 scilicet
1060 1836 1178 1896 salutem
1199 1834 1278 1895 suam
1300 1834 1404 1907 alteri,

215 1953 265 2029 qni
288 1952 440 2029 suijuris,
461 1968 490 2013 et
514 1952 561 2013 cui
583 1950 625 2011 sui
648 1949 760 2025 imperii
783 1951 857 2010 salus
879 1949 987 2010 summa
1008 1950 1055 2009 lex
1078 1948 1134 2022 est,
1155 1946 1321 2007 crediderit.

255 2064 282 2147 §.
302 2066 369 2125 XV.
411 2064 609 2139 Civitatibus,
637 2081 702 2139 qnae
731 2081 789 2122 una
818 2080 917 2137 pacem
940 2076 1167 2134 contraxerunt,
1185 2058 1235 2135 jus
1256 2057 1402 2133 competit

216 2176 367 2238 dirimendi
399 2176 591 2253 quaestiones,
622 2193 687 2251 quae
719 2172 830 2235 moveri
862 2171 978 2247 possunt
1007 2174 1043 2232 de
1073 2170 1154 2247 pacis
1176 2170 1403 2231 conditionibus

216 2287 265 2350 seu
288 2288 419 2366 legibus,
447 2286 554 2364 quibus
575 2286 627 2347 srbi
648 2286 774 2347 invicem
796 2286 881 2346 fidem
903 2284 1132 2359 adstrinxerunt3
1160 2281 1402 2360 quandoquidem

215 2399 296 2478 pacis
324 2398 390 2477 jura
422 2417 481 2460 non
514 2397 600 2461 unius
631 2396 791 2472 Civitatis,
813 2397 862 2460 sed
882 2395 1118 2458 contrahentium
1140 2395 1220 2457 srmul
1240 2394 1309 2456 sunt
1332 2395 1402 2474 (per

216 2513 286 2574 Art.
312 2529 356 2588 13.
378 2511 464 2588 hujus
487 2513 583 2590 Cap).
624 2513 714 2592 Quod
748 2509 767 2568 sr
800 2512 836 2570 de
868 2509 904 2569 iis
936 2508 1096 2570 convenire
1127 2507 1204 2567 inter
1232 2506 1309 2582 ipsas
1342 2524 1400 2567 non

215 2625 328 2701 potest,
351 2642 387 2683 eo
409 2623 471 2699 ipso
494 2626 530 2685 ad
552 2623 620 2683 belli
643 2623 747 2682 ilatum
770 2625 903 2682 redeunt.

256 2737 282 2816 §.
303 2737 383 2796 XVI.
424 2738 495 2817 Quo
522 2738 619 2812 plures
646 2734 794 2796 Civitates
820 2733 901 2793 srmul
929 2751 1030 2808 pacem
1052 2732 1247 2806 contrahunt,
1267 2749 1306 2791 eo
1330 2750 1401 2791 una-

217 2867 340 2926 quaque
372 2846 491 2924 reliquis
523 2847 617 2908 minus
648 2845 798 2920 timenda,
827 2844 885 2906 stve
914 2844 1074 2922 unicuique
1096 2843 1190 2904 minor
1211 2843 1251 2904 est
1272 2844 1401 2919 potestas

217 2962 323 3021 bellum
355 2959 515 3034 inferendi;
548 2959 597 3020 sed
629 2977 665 3018 eo
698 2957 789 3036 magis
819 2957 901 3032 pacis
922 2971 1040 3018 tenetur
1060 2957 1248 3017 conditiones
1269 2955 1402 3019 servare.

217 3075 275 3133 lroc
304 3073 344 3133 est
373 3073 444 3150 (per
465 3069 536 3132 Art.
560 3087 605 3147 13.
626 3069 712 3146 liujus
735 3071 839 3148 Cap),
868 3089 904 3129 eo
933 3069 1028 3130 minus
1055 3068 1098 3130 sui
1120 3068 1194 3145 juris
1216 3069 1273 3144 est;
1295 3067 1348 3128 sed
1368 3085 1402 3125 eo

219 3184 309 3262 magis
329 3183 475 3244 communi
498 3184 704 3243 soederatorum
728 3181 876 3243 voluntati
898 3182 956 3241 sese
977 3183 1195 3242 accommodare
1216 3196 1347 3240 tenetur.

259 3295 285 3375 ἓ.
307 3297 401 3354 XVII.
443 3294 588 3355 Caetcrum
619 3295 708 3368 hdes,
736 3313 822 3370 quam
845 3295 910 3355 sana
933 3292 1023 3355 Ratio
1045 3309 1075 3355 ct
1097 3292 1214 3371 Religio
1235 3291 1404 3354 servandam

219 3411 325 3483 docet,
354 3407 403 3467 hic
434 3406 550 3467 minime
578 3407 707 3468 tollitur:
736 3426 801 3467 nam
829 3426 882 3466 nec
911 3408 1002 3467 Ratio
1031 3425 1084 3466 nec
1113 3406 1261 3481 Scriptura
1289 3421 1403 3466 omnem

219 3523 314 3581 datam
344 3521 427 3581 fidem
458 3520 568 3580 servare
600 3523 697 3580 docet.
740 3519 797 3579 Cui
819 3519 893 3580 enim
917 3519 1067 3594 pollicitus
1088 3519 1165 3593 sum,
1186 3531 1338 3595 argentum
1362 3535 1405 3575 ex.

220 3649 277 3711 gn,
309 3635 390 3708 quod
422 3631 491 3692 mihi
523 3631 634 3692 secreto
667 3631 838 3693 servandum
867 3630 965 3705 dedit,
987 3630 1148 3705 custodire,
1168 3630 1253 3690 fidem
1273 3630 1404 3703 praestare

220 3762 280 3804 non
313 3759 431 3818 teneor,
463 3743 578 3804 hmulac
611 3743 761 3817 noverim,
792 3758 842 3803 aut
875 3742 945 3802 scire
977 3742 1162 3817 crediderim,
1195 3743 1304 3802 furtum
1333 3741 1403 3811 esse,

221 3859 302 3932 quod
335 3855 403 3916 mihi
436 3855 604 3917 servandum
638 3855 736 3930 dedit;
767 3855 815 3917 sed
844 3855 950 3917 reclius
971 3874 1068 3934 agam,
1089 3855 1108 3914 sr
1130 3858 1195 3916 dem
1216 3873 1355 3930 operam,
1375 3869 1405 3914 nt

222 3969 280 4028 suis
300 3968 474 4028 restituatur.
510 3967 557 4028 Sic
579 3968 683 4044 etiam,
705 3969 724 4028 sr
747 3967 853 4029 summa
875 3968 1004 4044 potestas
1026 3967 1137 4044 aliquid
1158 3967 1241 4028 alteri
1261 3967 1292 4026 se
1313 3968 1402 4030 fastra-

221 4099 278 4142 ram
310 4078 456 4155 promisit,
487 4083 569 4156 qnod
602 4082 700 4156 postea
733 4096 850 4157 tempus
882 4082 930 4141 seu
963 4080 1054 4141 Ratio
1086 4079 1205 4155 docuit,
1227 4093 1278 4142 aut
1300 4081 1403 4141 docere

257 4329 269 4360 *
305 4325 428 4386 Gsrurer,
444 4324 556 4386 hender,
573 4325 688 4393 Sigwart.
704 4352 739 4364 -
756 4325 803 4375 Ed.
820 4327 878 4376 Pu:
896 4325 1026 4392 quaritur.
