2934 4900
369 348 682 411 Emendatione
714 350 960 411 Tractatus.
1221 364 1260 429 35

65 514 169 591 ideas,
199 532 232 577 ut
259 516 290 577 in
319 517 409 593 prima
431 534 513 595 parte
533 519 678 581 ostensum
689 564 699 595 ‚
720 518 767 579 hic
786 518 846 595 jam
868 519 1072 595 inquirendum
1083 564 1093 596 ,
1114 520 1186 597 quid
1207 538 1260 596 per

65 627 154 687 Vires
177 646 208 688 et
229 629 394 705 potentiam
415 631 583 693 Intellectus
604 631 808 709 intelligamus.
850 632 998 714 Quoniam
1020 651 1091 695 vero
1113 632 1259 709 praecipua

66 739 173 801 nostrae
202 741 336 802 methodi
363 760 428 818 pars
456 742 496 803 est
525 742 602 805 vires
631 742 797 805 intellectus
829 744 953 821 ejusque
985 761 1116 808 naturam
1148 745 1259 822 optime

66 850 250 930 intelligere,
276 853 409 933 cogimur
435 853 591 915 necellario
621 854 687 931 (per
715 874 766 930 ea,
793 874 859 932 quae
888 856 918 916 in
948 857 1002 918 hac
1031 857 1157 922 secunda
1176 872 1258 934 parte

65 965 202 1027 methodi
235 966 355 1045 tradidi)
386 968 448 1027 haec
479 970 624 1029 deducere
653 986 689 1028 ex
717 967 779 1043 ipsa
810 968 1002 1047 cogitationis
1033 986 1064 1030 et
1095 970 1259 1046 intellectus

65 1078 254 1140 definitione.
299 1082 357 1140 Sed
394 1078 545 1155 hucusque
585 1080 677 1141 nullas
714 1081 828 1158 regulas
864 1081 1034 1143 inveniendi
1072 1082 1259 1143 definitiones

63 1189 244 1266 habuimus,
272 1206 302 1252 et
330 1190 398 1267 quia
425 1209 473 1251 eas
503 1193 615 1252 tradere
643 1209 703 1252 non
733 1191 900 1269 pollumus,
932 1192 984 1253 nisi
1016 1194 1135 1271 cognita
1156 1209 1258 1255 natura

63 1298 125 1362 five
156 1301 330 1363 definitione
358 1302 543 1375 intellectus,
570 1300 690 1378 ejusque
721 1303 878 1379 potentia,
905 1303 973 1363 hinc
1002 1304 1148 1382 sequitur,
1177 1308 1257 1382 quod

63 1414 113 1473 vel
143 1414 280 1475 definitio
308 1414 472 1475 intellectus
500 1432 554 1491 per
580 1412 608 1473 se
631 1416 719 1474 debet
741 1412 797 1475 elle
819 1416 915 1490 clara,
937 1417 985 1478 vel
1005 1416 1075 1476 nihil
1097 1416 1257 1495 intelligere

62 1524 229 1599 pollumus.
269 1527 320 1587 llla
348 1542 443 1587 tamen
467 1544 520 1601 per
547 1525 575 1585 le
604 1526 737 1587 absolute
769 1528 843 1587 clara
872 1546 933 1588 non
955 1527 1015 1603 est;
1037 1543 1166 1588 attamen
1188 1528 1257 1605 quia

63 1636 129 1711 ejus
159 1636 374 1712 proprietates,
401 1653 435 1697 ut
463 1636 576 1712 omnia,
605 1654 670 1713 quae
701 1655 739 1695 ex
767 1635 916 1697 intellectu
946 1638 1102 1716 habemus,
1124 1637 1198 1697 clare
1227 1654 1256 1697 et

65 1746 203 1808 distincte
225 1748 336 1825 percipi
357 1764 525 1826 nequeunt,
546 1747 597 1809 nisi
620 1748 740 1825 cogniti
761 1767 858 1808 earum
880 1752 998 1811 natura:
1027 1767 1097 1827 ergo
1119 1747 1252 1810 definitio

65 1858 237 1920 intellet’tus
264 1878 317 1935 per
344 1859 372 1919 se
401 1858 581 1931 innotescet,
608 1858 629 1918 st
657 1862 694 1921 ad
715 1859 779 1935 ejus
801 1858 1013 1935 proprietates,
1035 1878 1108 1937 quas
1130 1862 1204 1919 clare
1226 1875 1256 1919 et

66 1969 204 2031 distincte
227 1970 434 2049 intelligimus,
456 1973 638 2031 attendamus
689 1971 858 2032 Intellectus
883 1972 972 2049 igitur
991 1971 1189 2048 Proprietates
1210 1972 1256 2031 hic

65 2101 273 2144 enumeremus
281 2128 293 2159 ,
324 2083 429 2160 easque
460 2084 693 2161 perpendamus,
723 2084 820 2159 deque
853 2081 957 2143 nostris
984 2082 1091 2143 innatis
1119 2087 1127 2122 ¹
1152 2082 1255 2145 instru-

69 2194 180 2255 mentis
201 2212 285 2272 agere
307 2194 488 2271 incipiamus.

108 2308 279 2367 Intellectus
298 2306 513 2383 proprietates,
535 2324 607 2383 quas
628 2306 775 2383 precipue
805 2307 929 2382 notavi,
955 2324 985 2367 et
1006 2309 1081 2367 clare
1102 2306 1255 2385 intelligo,

71 2420 118 2480 hae
140 2419 218 2480 sunt.

109 2533 133 2592 l.
176 2533 268 2613 Quod
296 2530 499 2594 certitudinem
526 2531 681 2607 involvat,
709 2532 766 2594 hoc
789 2530 848 2606 est,
877 2533 959 2608 quod
981 2530 1051 2592 sciat
1071 2549 1116 2591 res
1138 2529 1178 2591 ita
1200 2530 1254 2592 effe

69 2642 249 2718 formaliter,
269 2658 302 2704 ut
322 2643 353 2702 in
374 2641 437 2719 ipso
460 2643 606 2719 obietlive
627 2642 826 2703 continentur.
987 2615 993 2625 ⁶

111 2757 151 2816 ll.
194 2756 284 2834 Quod
304 2757 435 2831 quaedam
456 2754 614 2832 percipiat,
635 2754 695 2817 sive
717 2753 853 2831 quasdam
875 2755 981 2815 formet
1001 2754 1081 2816 ideas
1103 2755 1256 2830 absolute,

71 2867 211 2944 quasdam
233 2885 270 2926 ex
291 2866 363 2927 aliis.
404 2867 518 2943 Nempe
540 2865 712 2942 quantitatis
732 2864 826 2926 ideam
848 2863 954 2928 format
975 2865 1106 2926 absolute
1113 2912 1123 2942 ,
1144 2886 1197 2926 nec
1218 2872 1255 2929 ad

70 2980 142 3040 alias
171 2978 299 3039 attendit
325 2976 539 3056 cogitationem
567 2993 665 3038 motus
693 2993 765 3038 vero
795 2975 874 3037 ideas
903 2994 981 3051 non,
1000 2975 1051 3036 nisi
1073 2981 1253 3040 attendendo

69 3097 105 3154 ad
127 3093 222 3155 ideam
245 3090 428 3168 quantitatis.

109 3207 162 3268 lll.
206 3207 287 3286 Quas
308 3203 441 3264 absolute
462 3205 581 3278 format,
603 3200 776 3263 infinitatem
797 3199 978 3275 exprimunt3
999 3216 1029 3260 at
1050 3201 1254 3264 determinatas

70 3339 108 3379 ex
130 3317 195 3378 aliis
215 3317 331 3376 format.
352 3315 563 3376 ldeam*cnim
584 3311 772 3390 quantitatis,
794 3311 814 3370 sr
836 3329 897 3372 eam
915 3327 967 3386 per
984 3311 1097 3371 causam
1115 3312 1254 3388 percipit,

72 3449 133 3491 tum
155 3427 350 3506 quantitatem
361 3427 393 3462 a*
404 3425 592 3503 determinat,
609 3441 642 3486 ut
660 3444 725 3487 cum
744 3443 781 3484 ex
799 3437 883 3483 motu
901 3421 1025 3498 alicujus
1040 3421 1118 3498 plani
1130 3442 1254 3499 corpus,

71 3561 107 3601 cr
136 3556 223 3600 motu
249 3539 333 3598 lincae
362 3556 433 3600 vero
461 3539 599 3614 planum,
627 3555 663 3597 ex
687 3553 770 3597 motu
791 3534 918 3611 denique
940 3533 1040 3608 panai
1060 3534 1164 3610 limam
1185 3536 1253 3596 oriri

71 3653 213 3730 percipit;
235 3670 300 3728 quae
322 3651 439 3727 quidem
470 3649 676 3726 perceptiones
698 3667 758 3709 non
780 3645 942 3708 inserviunt
963 3648 999 3706 ad
1020 3646 1252 3726 intelligendam,

70 3765 118 3824 sed
150 3779 265 3824 tantum
297 3764 334 3824 ad
365 3760 609 3822 determinandam
642 3757 845 3835 quantitatem.
894 3757 985 3838 Quod
1017 3756 1084 3817 inde
1115 3776 1252 3836 apparet,

69 3879 137 3954 quia
169 3894 219 3937 eas
252 3873 330 3951 quasi
362 3891 399 3934 ex
430 3889 514 3935 motu
544 3871 612 3934 oriri
640 3870 838 3948 concipimus,
866 3888 932 3930 cum
954 3885 1049 3930 tamen
1071 3887 1168 3931 motus
1189 3892 1250 3934 non

68 3987 265 4064 percipiatur,
285 3985 335 4045 nist
358 4002 496 4064 percepta
518 3985 698 4062 quantitate,
721 3999 752 4044 ct
777 3998 888 4043 motum
913 3981 1000 4042 ctiam
1019 3985 1054 4044 ad
1072 3984 1250 4046 formandam

65 4117 344 4132 ...φο-

102 4193 110 4220 ¹
150 4184 219 4234 Vide
237 4181 308 4246 l'upra
326 4151 382 4249 pag.
403 4195 450 4243 10,
469 4193 558 4244 11,ct
576 4180 649 4245 seqq.

98 4271 110 4298 ·
146 4267 297 4327 merbach,
313 4263 410 4315 saliret:
427 4263 500 4314 Idea.

97 4353 126 4384 ⁸⁸
162 4347 236 4402 Vers.
253 4348 335 4415 netga
356 4347 383 4412 fa
397 4359 446 4414 per
463 4347 564 4414 causam
579 4348 710 4414 percipit,
728 4355 779 4397 tum
798 4361 852 4398 caan
868 4359 916 4414 per
934 4350 1115 4414 quantitatem.
