2934 4900
215 325 275 392 472
690 309 928 370 Tractatua

217 501 327 564 partem
348 486 534 566 ignoramus;
555 485 712 546 multonam
733 485 811 546 enim
827 484 966 546 librorum
987 486 1144 561 authores,
1165 487 1212 548 vel
1233 486 1272 564 (li
1293 487 1407 564 mavis)

216 600 389 676 scriptores,
420 599 468 661 vel
498 595 616 674 prorsus
647 595 832 674 ignoramus,
859 597 908 660 vel
928 600 964 658 de
985 597 1086 658 iisdem
1108 597 1295 673 dubitamus,
1320 597 1406 658 utin

216 711 408 791 sequentibus
434 711 496 772 suse
524 710 681 772 ostendam.
722 709 838 771 Deinde
865 728 963 787 neque
983 711 1071 772 etiam
1091 710 1214 786 scimus,
1233 729 1296 787 qua
1318 729 1407 771 occa·

216 823 295 884 stone
326 839 422 900 neque
453 840 513 898 quo
545 837 677 898 tempore
704 821 733 881 hi
764 820 850 896 libri,
879 839 1004 896 quorum
1031 821 1196 898 Scriptores
1216 821 1407 900 ignoramus,

216 935 316 1012 scripti
344 936 472 996 fuerunt.
512 933 665 996 Nescimus
694 949 851 1010 praterea,
882 933 913 994 in
944 951 1070 1011 quorum
1090 952 1193 996 manus
1212 933 1280 994 libri
1301 953 1407 995 omnes

217 1047 388 1124 inciderint,
409 1065 505 1124 neque
525 1045 554 1106 in
576 1063 701 1123 quorum
722 1045 936 1122 exemplaribus
955 1059 1005 1107 tot
1024 1044 1112 1108 variae
1129 1045 1271 1108 lectiones
1281 1063 1407 1122 reperta

217 1159 288 1235 stnt,
319 1177 373 1220 nec
405 1157 531 1234 denique
563 1176 599 1218 an
630 1176 691 1218 non
722 1158 821 1233 plures
841 1157 904 1218 aliae
926 1157 1035 1218 suerint
1056 1160 1136 1233 apud
1156 1156 1231 1218 alios
1250 1159 1408 1220 lethiones.

217 1270 299 1354 Quid
326 1285 422 1332 autem
445 1270 512 1330 'haec
533 1249 723 1330 omnia‘scire
743 1271 865 1342 referat,
886 1269 939 1330 suo
961 1269 992 1330 in
1012 1272 1082 1330 loco
1103 1271 1233 1334 breviter
1252 1270 1406 1346 indicavi3

218 1385 351 1464 quadam
371 1398 468 1444 tamen
489 1380 530 1442 ibi
551 1381 689 1442 consulto
711 1381 810 1457 omisa,
830 1400 896 1458 quae
914 1380 974 1458 jam
989 1381 1037 1442 hic
1049 1382 1174 1445 veniunt
1183 1381 1407 1444 consideranda.

218 1496 248 1558 Si
270 1513 356 1574 quem
376 1494 481 1556 librum
501 1511 547 1554 res
568 1491 755 1554 incredibiles
775 1509 828 1554 aut
847 1494 1098 1571 imperceptibiles
1118 1493 1343 1572 continentem,
1362 1497 1409 1556 vel

218 1606 348 1668 terminis
377 1607 532 1668 admodum
561 1604 692 1666 obscuris
714 1605 869 1682 scriptum,
889 1605 1028 1684 legimus,
1050 1625 1146 1683 neque
1166 1606 1231 1683 ejus
1250 1607 1409 1668 authorem

220 1718 375 1794 novimus,
402 1737 498 1794 neque
529 1716 616 1778 etiam
647 1737 708 1794 quo
739 1732 873 1793 tempore
905 1734 935 1778 et
967 1737 1026 1794 qua
1057 1718 1211 1779 occasione
1241 1716 1408 1793 scripserit;

219 1831 319 1892 frustra
340 1833 376 1892 de
398 1829 461 1906 ejus
483 1847 553 1892 uero
575 1829 658 1890 sensu
679 1829 821 1890 certiores
842 1828 903 1890 fieri
925 1829 1105 1891 conabimur.
1135 1829 1190 1890 His
1212 1829 1289 1890 enim
1311 1831 1409 1890 omni-

219 1947 275 2005 bus
302 1942 460 2022 ignoratis,
487 1941 603 2004 minime
632 1941 701 2003 scire
730 1942 897 2018 pollumus,
925 1941 998 2019 quid
1027 1941 1135 2002 author
1154 1940 1336 2018 intenderit,
1359 1961 1409 2002 aur

220 2055 371 2118 intendere
391 2054 540 2132 potuerit;
560 2073 627 2116 cum
648 2069 752 2116 contra
773 2053 820 2114 his
840 2058 934 2130 probe
945 2052 1076 2132 cognitis
1086 2053 1197 2114 nostras
1206 2053 1409 2132 cogitationes

220 2169 262 2228 ita
292 2166 531 2242 determinamus,
562 2181 597 2228 ut
628 2167 710 2228 nullo
741 2164 914 2242 praeJudicio
944 2183 1196 2241 praeoccupemut,
1227 2184 1265 2226 ne
1296 2165 1409 2228 scilicet

221 2279 353 2354 authori,
381 2280 428 2342 vel
450 2279 493 2354 ei,
514 2279 544 2340 in
567 2278 653 2355 cujus
674 2277 795 2358 gratiam
816 2277 924 2340 author
944 2277 1071 2354 scripsit,
1092 2278 1159 2354 plus
1177 2277 1311 2340 minusve
1329 2277 1409 2354 justo

121 2460 122 2463 Ἴ
221 2391 398 2468 tribuamus,
427 2407 457 2453 et
484 2409 521 2453 ne
543 2393 579 2454 de
609 2391 674 2453 ullis
697 2391 761 2454 aliis
781 2393 869 2453 rebus
891 2391 1073 2471 cogitemus,
1094 2393 1237 2468 quamde
1259 2389 1315 2467 iis,
1337 2408 1410 2467 quas

221 2506 328 2568 author
348 2504 377 2567 in
398 2520 495 2567 mente
516 2506 623 2567 habere
645 2504 795 2581 potuerit,
816 2506 864 2568 vel
881 2523 955 2580 quaa
973 2519 1090 2581 tempus
1100 2519 1131 2563 et
1142 2503 1256 2565 occasio
1267 2504 1410 2582 exegerit.

221 2618 312 2699 Quod
340 2615 457 2692 quidem
486 2616 622 2677 omnibus
650 2615 781 2676 constare
802 2615 945 2676 existimo.
966 2614 1122 2691 saepiffime
1142 2614 1220 2675 eninr
1241 2614 1409 2693 contingit,

222 2744 256 2790 ut
287 2727 448 2790 consimiles
478 2728 612 2789 historias
643 2726 673 2789 in
705 2726 824 2789 diversis
853 2726 935 2788 libris
965 2728 1110 2806 legamus,
1131 2724 1299 2802 dequibus
1320 2727 1410 2804 longe

222 2838 366 2903 diversum
389 2838 533 2917 iudicium
556 2836 696 2915 facimus,
717 2856 773 2914 pro
794 2838 962 2901 diversitate
983 2838 1093 2899 scilicet
1117 2836 1313 2914 opinionum,
1334 2856 1410 2913 quas

221 2958 258 3016 de
288 2952 478 3030 scriptoribus
508 2952 658 3013 habemus.
698 2951 785 3027 Sci0,
815 2970 861 3012 me
889 2952 958 3013 olim
985 2952 1015 3012 in
1036 2950 1112 3011 libro
1136 2951 1265 3027 quodam
1292 2949 1407 3029 legisse,

223 3066 333 3141 virum,
354 3064 402 3125 cui
423 3082 530 3126 nomen
551 3078 613 3124 erat
634 3064 781 3125 Orlandus
802 3064 945 3139 furiosus,
966 3064 1123 3125 monstrum
1141 3064 1290 3140 quoddam
1300 3064 1410 3124 alarum

223 3180 253 3241 in
275 3184 337 3239 aire
366 3177 475 3257 agitare
503 3176 612 3253 solere,
641 3192 672 3237 et
692 3177 882 3255 quascunque
903 3177 1026 3241 volebat
1047 3176 1184 3257 regiones
1205 3176 1409 3253 supervolare,

222 3292 370 3369 ingentem
401 3307 550 3353 numerum
581 3288 730 3352 hominum
763 3305 795 3351 et
825 3289 977 3369 gigantum
1008 3289 1100 3350 solum
1122 3288 1284 3364 trucidate,
1303 3304 1335 3349 et
1356 3290 1409 3349 alia

223 3402 390 3479 hujusmodi
411 3402 628 3479 phantasmata,
648 3420 714 3479 quae
735 3400 1039 3463 ratione'lntellesius
1060 3402 1146 3477 plane
1167 3376 1409 3477 imperceptibilia

224 3516 301 3577 sunt.
342 3514 420 3575 Huic
442 3529 539 3575 autem
561 3513 736 3575 consimilem
756 3512 903 3575 historiam
923 3512 954 3574 in
974 3512 1086 3575 Ouidio
1107 3514 1144 3573 de
1154 3510 1260 3572 Perseo
1270 3514 1409 3591 legeram,

225 3638 255 3685 et
276 3623 359 3685 aliam
379 3623 506 3701 denique
528 3624 558 3685 in
578 3623 659 3685 libris
678 3624 815 3705 Judicum
836 3638 866 3685 et
889 3626 1005 3704 Regum
1025 3625 1063 3685 de
1083 3624 1222 3685 Samsoue
1245 3623 1311 3702 (qui
1330 3625 1408 3685 solus

225 3752 256 3797 et
276 3735 391 3797 inermis
412 3734 499 3797 millia
519 3735 670 3797 hominum
691 3735 865 3813 trucidavit)
887 3751 918 3796 ec
939 3738 977 3798 de
996 3736 1080 3813 Elia,
1100 3736 1151 3813 qui
1172 3755 1225 3813 per
1246 3742 1312 3798 aera
1333 3738 1408 3799 voli·

225 3848 324 3921 tabat,
346 3862 376 3907 et
396 3849 513 3908 tandem
542 3846 635 3926 igneis
661 3846 746 3923 equis
774 3862 804 3907 et
824 3865 911 3909 curru
938 3849 1043 3909 coelum
1064 3848 1161 3923 petiit.
1181 3849 1253 3923 Hae,
1274 3848 1409 3925 inquam,

225 3958 388 4021 consimiles
415 3962 501 4035 plane
528 3959 653 4021 historiae
683 3961 766 4035 sunt,
791 3944 920 4021 at'tamen
947 3962 1035 4040 longe
1062 3960 1190 4022 dissimile
1208 3960 1352 4036 judicium
1373 3965 1407 4023 de

227 4089 402 4149 unaquaque
422 4072 560 4135 facimus:
589 4090 693 4149 nempe
713 4072 837 4149 primum
858 4092 919 4135 non
939 4072 991 4135 nist
1013 4091 1104 4151 nugas
1125 4072 1248 4133 scribere
1269 4074 1407 4149 voluille,

226 4184 383 4245 secundum
407 4200 503 4245 autem
523 4203 569 4246 res
589 4184 744 4262 politicas,
770 4185 890 4248 tertium
911 4186 1038 4263 denique
1058 4184 1172 4260 sacras;
1191 4185 1311 4261 hocque
1332 4188 1407 4247 nulla

227 4296 281 4359 alia
303 4299 339 4357 de
360 4296 444 4358 causa
466 4296 551 4356 nobis
579 4296 801 4374 persuademus,
828 4317 914 4375 quam
935 4314 1057 4376 propter
1084 4296 1259 4375 opiniones,
1280 4316 1354 4376 quas
1373 4300 1405 4359 de
