2934 4900
360 341 498 419 Caput
529 338 611 400 V111.
651 340 696 401 De
717 337 916 400 Aristocratia.
1169 356 1225 416 333

40 520 216 595 multitudo,
239 533 385 595 quantum
406 518 468 579 lieri
489 516 602 593 potest,
624 516 718 577 minus
738 516 866 577 timenda
885 515 938 591 srt,
955 516 1120 591 nullamque
1140 515 1227 575 liber·

41 646 124 690 tatem
144 631 302 709 obtineat,
321 630 372 693 nilr
390 650 454 707 quae
474 648 511 691 ex
529 629 617 705 iplius
635 628 751 705 Imperii
770 627 982 689 constitutione
1001 627 1053 703 ipfi
1071 626 1227 689 necellario

40 741 125 801 tribui
145 744 255 817 debet,
279 762 403 819 quaeque
425 745 499 804 adeo
521 760 581 802 non
606 757 664 802 tam
695 739 905 816 multitudinis,
936 758 1022 817 quam
1050 742 1144 802 totius
1170 742 1226 801 lm·

41 854 108 927 perii
125 854 176 930 jus
198 854 255 931 srt,
283 858 359 932 quod
380 853 433 915 soli
452 855 616 930 Optimates
633 868 666 915 ut
686 854 768 915 suum
791 852 1227 930 vindicant*conservantque;

40 966 93 1027 hoc
121 969 201 1029 enim
232 972 327 1031 modo
354 969 452 1045 praxis
480 988 545 1030 cum
571 966 684 1029 theoria
708 966 831 1027 maxime
852 966 1027 1042 conveniet,
1049 983 1083 1028 ut
1104 986 1141 1027 ex
1162 969 1227 1028 Art.

41 1084 160 1151 praeced.
193 1097 300 1158 patet,
322 1097 352 1143 et
372 1100 425 1158 per
446 1081 475 1142 se
497 1080 584 1141 etiam
612 1080 792 1141 manifestum
822 1079 878 1140 est:
907 1098 972 1140 nam
1003 1080 1135 1141 dubitate
1167 1098 1228 1141 non

43 1192 208 1271 pollumus,
242 1194 395 1271 imperium
426 1212 463 1255 eo
491 1194 586 1254 minus
614 1211 704 1269 penes
732 1192 875 1253 Patricios
896 1192 970 1269 elle,
991 1212 1052 1269 quo
1073 1194 1155 1268 plura
1176 1194 1227 1254 lrbi

43 1305 118 1376 plebs
147 1306 218 1382 juta
254 1307 385 1369 vindicat
407 1306 437 1381 *,
459 1306 554 1385 qualia
576 1305 670 1365 solent
692 1306 721 1365 in
743 1305 874 1367 inferiori
904 1305 1058 1367 Germania
1089 1307 1227 1382 opificum

45 1414 189 1496 Collegia,
214 1418 323 1480 Gildcn
344 1420 434 1496 vulgo
457 1417 552 1492 dida,
571 1417 685 1478 habere.

78 1528 103 1607 S.
123 1532 180 1591 Vl.
225 1535 335 1609 Neque
355 1531 437 1607 hinc,
459 1535 540 1608 quod
561 1531 672 1592 scilicet
694 1531 844 1607 imperium
861 1530 890 1591 in
907 1530 1072 1593 Concilium
1094 1532 1227 1592 absolute

46 1644 164 1705 delatum
188 1647 251 1719 est,
273 1646 361 1708 ullum
382 1648 418 1706 ab
441 1647 543 1707 eodem
565 1643 667 1705 infenli
690 1644 801 1705 servitii
821 1645 981 1720 periculum
999 1646 1078 1721 plebi
1096 1661 1227 1706 metuen-

46 1754 115 1815 dnm.
156 1759 239 1818 Nam
270 1757 397 1819 Concilii
425 1760 499 1819 adeo
522 1756 618 1836 magni
639 1758 780 1820 voluntas
801 1775 861 1817 non
882 1773 940 1817 tam
963 1776 978 1817 a
999 1756 1120 1818 libidine
1142 1776 1227 1834 quam

46 1866 200 1930 rRatione
224 1869 410 1931 determinari
432 1870 545 1945 potest;
567 1869 677 1946 quippe
698 1868 834 1930 homines
852 1888 888 1929 ex
906 1870 983 1930 malo
1002 1870 1107 1931 affeetu
1124 1870 1228 1932 diversi

47 1976 211 2057 trahuntur,
235 2000 291 2041 nec
314 1999 372 2041 una
393 1980 486 2043 veluti
508 1996 604 2041 mente
626 1980 694 2042 duci
715 1980 848 2057 poliunt,
870 1981 921 2042 nili
943 1998 1087 2058 quatenus
1107 1981 1228 2042 honesta

47 2102 205 2169 appetunt,
227 2093 278 2154 vel
298 2092 395 2152 saltem
418 2112 482 2168 quae
504 2092 629 2168 speciem
649 2092 764 2153 honesti
785 2094 904 2154 habent.

83 2200 107 2279 ἓ.
128 2204 199 2265 Vll.
243 2207 277 2266 ln
305 2204 529 2267 determinandis
557 2205 646 2283 igitur
675 2204 789 2282 imperii
811 2205 1010 2268 Aristocratici
1031 2207 1228 2269 fundamentis

49 2315 168 2387 apprime
210 2318 424 2381 observandum
463 2318 522 2394 est,
553 2334 587 2379 ut
619 2320 718 2379 eadem
751 2318 812 2379 sold
843 2320 999 2379 voluntate
1031 2336 1061 2379 et
1093 2321 1229 2395 potentii

50 2420 165 2500 supremi
188 2430 317 2508 ejusdem
338 2429 465 2492 Concilii
486 2430 631 2505 nitantur,
653 2430 693 2492 ita
716 2446 750 2492 ut
771 2429 864 2506 ipsum
885 2430 1065 2508 Concilium,
1086 2449 1228 2509 quantum

50 2535 103 2596 lieri
123 2545 242 2620 potest,
263 2543 305 2606 sui
324 2543 398 2620 juris
420 2543 471 2617 srt,
493 2543 661 2619 nullumque
684 2561 699 2602 a
721 2542 909 2605 multitudine
931 2545 1090 2620 periculum
1111 2545 1227 2607 habeat.

51 2647 92 2706 tid
110 2651 173 2714 haec
195 2657 405 2730 fundamenta,
427 2673 492 2730 quae
514 2654 625 2714 scilicet
647 2655 706 2716 sola
729 2654 854 2730 supremi
875 2655 1002 2715 Concilii
1025 2657 1180 2719 voluntate
1198 2673 1228 2717 et

54 2768 178 2830 potentia
209 2769 358 2846 nitantur,
386 2769 653 2844 determinandum,
680 2769 869 2829 fundamenta
898 2767 995 2844 pacis,
1024 2786 1088 2844 quae
1117 2768 1229 2844 imperii

53 2869 232 2940 llonarchici
253 2879 386 2955 propria,
407 2896 437 2940 et
459 2882 495 2940 ab
517 2880 573 2940 hoc
595 2879 717 2954 imperio
741 2878 833 2939 aliena
855 2879 940 2953 sunt,
961 2879 1121 2941 videamus.
1151 2882 1227 2939 Nam

54 2977 70 3036 sl
96 2983 139 3046 his
167 2992 225 3052 alia
257 2990 476 3066 aequipollentia
509 2993 698 3052 fundamenta
729 2991 851 3068 imperio
882 2990 1091 3051 Aristocratico
1121 2990 1226 3051 idonea

54 3090 293 3179 substituerimus,
321 3117 350 3162 et
379 3103 505 3179 reliqua,
535 3119 568 3164 ut
593 3102 652 3179 jam
678 3103 755 3179 jaila
783 3103 867 3178 sunt,
891 3102 1106 3179 reliquerimus,
1128 3122 1228 3163 omnes

54 3205 154 3285 absque
176 3215 271 3277 dubio
292 3213 468 3276 seditionum
490 3213 583 3275 causae
606 3213 725 3275 sublatae
748 3229 850 3289 erunt,
871 3215 920 3276 vel
940 3213 1038 3274 saltem
1058 3214 1117 3274 lroc
1136 3214 1227 3291 impe·

54 3315 118 3380 rium
145 3345 207 3388 non
236 3328 331 3388 minus
358 3326 487 3388 securum
517 3345 602 3403 quam
625 3326 866 3402 Monarchicum,
886 3325 936 3386 sed
957 3343 1059 3386 contra
1081 3345 1117 3386 eo
1138 3325 1229 3405 magis

56 3425 194 3516 securum,
217 3455 247 3500 et
267 3439 356 3514 ipsius
377 3437 512 3500 conditio
535 3457 572 3499 eo
594 3439 696 3500 melior
717 3439 787 3514 erit,
808 3457 868 3515 quo
891 3439 980 3518 magis
1001 3458 1086 3516 quam
1108 3441 1228 3500 Monar-

57 3539 161 3610 chicurn
183 3551 291 3628 absque
313 3551 394 3628 pacis
416 3566 445 3612 et
467 3550 611 3612 libertatis
633 3551 810 3612 detrimento
838 3554 886 3631 (ut
906 3552 975 3613 Art.
997 3571 1024 3630 3.
1046 3567 1074 3613 et
1091 3555 1121 3614 6.
1142 3550 1228 3627 liujus

57 3649 134 3736 (¹⁰1⁷.)
164 3665 200 3722 ad
228 3662 391 3724 absolutum
421 3663 551 3740 accedit;
579 3683 644 3724 nam
674 3683 735 3740 quo
753 3663 804 3738 jus
825 3663 939 3724 summae
961 3664 1114 3739 potestatis
1136 3663 1228 3740 majus

57 3761 109 3839 est,
135 3789 171 3830 eo
193 3772 305 3848 imperii
327 3777 418 3834 forma
440 3793 505 3836 cunr
534 3775 672 3836 Rationis
703 3775 858 3836 didamine
885 3775 974 3853 magis
994 3775 1135 3838 convenit
1156 3776 1227 3854 (per

57 3871 119 3938 Art.
147 3897 175 3956 5.
206 3885 276 3964 Cap.
309 3885 350 3962 3.)
358 3931 367 3960 ,
399 3901 429 3946 et
462 3887 675 3962 consequenter
705 3887 770 3964 paci
802 3903 832 3946 et
863 3887 991 3948 libertati
1022 3887 1226 3950 conservandae

57 3987 143 4057 aptio,
163 3995 213 4056 est.
234 3997 434 4058 Percurramus
457 3997 545 4076 igitur
552 4043 562 4073 ,
584 4017 648 4074 quae
671 4000 745 4073 Cap.
762 4000 791 4057 6.
810 4000 876 4058 Art.
896 4017 925 4074 9.
947 3998 1089 4074 diximus,
1111 4014 1144 4060 ut
1164 3999 1227 4074 illa,

57 4115 114 4170 quae
132 4111 165 4170 ab
184 4110 241 4171 hoc
260 4110 352 4170 aliena
369 4110 451 4188 sunt,
468 4111 645 4188 rejiciamus,
665 4127 694 4172 et
714 4130 779 4187 quae
798 4109 825 4171 ei
837 4110 1055 4188 congruasunt,
1067 4111 1226 4174 videamus.

63 4257 325 4281 *Q*

88 4339 98 4368 '
130 4347 169 4399 Cf.
186 4347 258 4414 supra
275 4365 333 4400 ann.
351 4364 407 4417 pag.
424 4351 481 4402 216.
