2934 4900
180 293 240 358 552
659 281 898 344 Tractatus

180 477 314 538 magnum
342 461 498 521 admodum
524 457 652 519 solamen
679 459 853 522 mortalibus
872 460 1008 522 attulisse.
1050 463 1170 545 Quippe
1191 481 1299 524 omnes
1322 465 1375 522 ab·
1450 491 1451 506 π

180 573 275 634 solute
305 571 426 634 obedire
456 569 591 648 possunt,
622 586 654 632 et
683 589 744 633 non
776 571 828 634 nist
858 573 1017 650 paucissimi
1045 575 1126 652 sunt,
1155 575 1175 636 si
1203 594 1271 638 cum
1303 591 1374 636 toto

179 686 307 746 humano
334 703 440 763 genere
468 699 690 760 comparentur,
716 684 768 761 qui
789 685 909 749 virtutis
929 685 1062 749 habitum
1084 686 1205 748 exsulo
1227 687 1374 748 Rationis
1450 759 1451 762 Ἴ

180 800 270 860 dustu
297 797 469 876 acquirunt;
496 799 648 875 adeoque,
677 796 729 880 nifi
757 797 815 860 hoc
843 798 999 876 Scripturae
1027 799 1225 862 testimonium
1246 799 1372 860 habere-

180 928 261 986 mus,
281 912 317 972 dc
338 909 468 972 omnium
488 911 549 971 sere
570 909 662 971 salute
683 909 892 972 dubitaremus.
1450 889 1451 914 i

623 1151 806 1216 CAPUT
847 1153 930 1214 XVI.

226 1317 270 1378 De
290 1315 466 1395 Reipublr'cae
486 1317 708 1388 Fundamenm's,·
729 1317 764 1375 de
783 1315 855 1385 Jure
879 1315 1102 1393 uniuscujusque
1122 1317 1272 1376 Naturali
1293 1331 1323 1375 et

416 1413 526 1486 civem
546 1414 633 1489 deque
654 1413 838 1473 Summarum
858 1413 1033 1491 Potestutum
1052 1415 1134 1482 Jure.

219 1592 286 1651 Huc
307 1590 399 1667 usque
419 1589 637 1666 Philosophiam
657 1608 674 1649 a
695 1588 862 1669 Theologia
884 1589 1014 1667 separare
1036 1589 1218 1664 curavimus,
1240 1589 1373 1650 etliher-
1450 1615 1451 1638 r

178 1715 270 1763 tatem
289 1701 517 1778 philosophandi
540 1702 707 1772 ostendere,
727 1720 815 1778 quam
836 1701 898 1764 haec
919 1701 1079 1779 unicuique
1101 1701 1251 1763 concedit.
1271 1703 1375 1783 Quare

178 1830 295 1892 tempus
316 1813 358 1874 est
380 1828 412 1874 ut
433 1813 639 1891 inquiramus,
652 1832 713 1891 quo
736 1813 827 1891 usque
848 1813 910 1876 haec
931 1813 1050 1875 libertas
1070 1811 1229 1888 sentiendi,
1252 1827 1284 1872 et
1307 1831 1374 1888 quae
1450 1795 1451 1798 Ἴ

179 1926 377 2004 unusquisque
404 1927 495 1988 sentit
523 1926 657 2005 dicendi,
679 1927 710 1988 in
731 1926 844 2004 optima
873 1926 1037 2002 Republica
1058 1925 1087 1987 se
1108 1927 1260 1987 extendat.
1305 1927 1375 1986 Hoc

181 2055 215 2103 ut
236 2041 339 2102 ordine
366 2039 581 2117 examinemus,
609 2042 647 2102 de
672 2037 872 2101 fundamentis
901 2037 1085 2116 Reipublicae
1107 2037 1321 2115 disserendum,
1344 2051 1375 2098 et

178 2153 261 2228 prius
283 2155 320 2215 de
340 2155 409 2233 Jure
431 2152 566 2214 Naturali
587 2150 833 2229 uniuscujusque,
856 2153 892 2213 ad
909 2151 1132 2229 Rempublicam
1143 2166 1174 2212 et
1184 2150 1376 2232 Religionem
1448 2171 1451 2210 a

178 2267 310 2327 nondum
331 2267 531 2327 attendentes.
1446 2225 1451 2344 i

217 2379 272 2440 Per
297 2379 352 2460 Jus
380 2393 411 2438 et
438 2377 607 2439 Institutum
635 2379 757 2438 Naturae
787 2376 859 2438 nihil
880 2376 959 2438 aliud
980 2376 1131 2459 intelligo,
1151 2395 1236 2455 quam
1257 2378 1376 2457 regulas
1450 2381 1451 2388 ’

177 2507 289 2555 naturae
309 2490 537 2569 uniuscujusque
558 2489 722 2566 individui,
751 2490 909 2553 secundum
931 2510 1005 2569 quas
1026 2495 1260 2570 unumquodque
1282 2508 1375 2553 natu·

178 2604 276 2665 taliter
296 2603 521 2666 determinatum
542 2602 727 2679 concipimus
749 2605 786 2665 ad
807 2619 889 2665 certo
911 2606 1000 2665 modo
1010 2602 1192 2665 existendum
1204 2618 1234 2664 ct
1246 2622 1374 2679 operan·
1450 2642 1451 2653 κ

178 2720 256 2779 dum.
276 2718 334 2778 Ex.
354 2736 396 2796 gr.
423 2716 519 2793 pisces
540 2736 557 2777 a
579 2717 691 2777 Natura
720 2715 906 2778 determinati
932 2715 1058 2777 suntad
1079 2718 1253 2787 natandum,
1274 2714 1375 2793 magni

179 2834 216 2893 ad
237 2832 362 2892 minores
383 2832 612 2906 comedendum;
638 2832 774 2907 adeoque
804 2830 897 2906 pisces
926 2829 1036 2891 summo
1064 2829 1188 2891 naturali
1206 2828 1273 2905 jure
1295 2848 1374 2906 aqua

177 2943 351 3020 potiuntur,
381 2958 412 3003 et
443 2943 540 3022 magni
571 2942 699 3003 minores
730 2945 899 3004 comedunt.
920 2943 996 3002 Nam
1017 2958 1128 3005 certum
1150 2944 1207 3018 est,
1227 2944 1373 3003 Naturam
1450 2964 1451 3031 l

178 3055 310 3118 absolute
342 3054 552 3117 consideratam
579 3056 631 3133 jus
664 3056 804 3118 summum
836 3056 942 3117 habere
974 3058 1011 3117 ad
1032 3054 1147 3131 omnia,
1169 3074 1235 3133 quae
1255 3055 1374 3132 potest,
1450 3036 1451 3107 i

177 3167 236 3227 hoc
258 3166 315 3241 est,
328 3156 389 3247 'Jus
409 3169 530 3229 Naturae
552 3185 589 3228 eo
618 3167 711 3243 usque
729 3166 759 3229 se
781 3169 958 3243 extendere,
979 3186 1039 3244 quo
1062 3167 1154 3244 usque
1175 3168 1239 3245 ejus
1261 3184 1371 3243 poten·

178 3278 220 3339 tia
251 3276 280 3338 se
310 3279 455 3341 extendit,
496 3280 618 3341 Naturae
651 3279 726 3340 enim
758 3278 895 3356 potentia
925 3278 985 3356 ipsa
1008 3279 1063 3339 Dei
1084 3277 1222 3355 potentia
1242 3280 1297 3357 est,
1322 3280 1372 3357 qui

178 3390 318 3452 summum
344 3390 395 3468 jus
426 3394 463 3453 ad
495 3392 593 3456 omnia
612 3393 719 3468 habet3
740 3393 809 3468 sed,
832 3392 900 3469 quia
922 3391 1092 3455 universalis
1112 3391 1251 3469 potentia
1273 3392 1371 3453 totius

178 3504 299 3565 Naturae
334 3503 407 3564 nihil
442 3504 482 3565 est
519 3520 625 3579 praeter
655 3506 821 3581 potentiam
854 3504 983 3567 omnium
1015 3504 1234 3567 individuorum
1266 3504 1369 3581 simtu,
1450 3562 1451 3581 ἶ

178 3615 246 3677 hinc
281 3595 429 3694 sequitur,
459 3620 693 3694 unumquodque
725 3616 912 3681 individuum
939 3616 990 3692 jus
1020 3615 1158 3677 summum
1190 3616 1298 3677 habere
1332 3620 1368 3677 ad

179 3730 293 3805 omnia,
321 3749 387 3808 quae
408 3730 523 3808 potest,
551 3730 628 3806 srve,
645 3730 695 3807 jus
721 3728 949 3807 uniuscujusque
971 3746 1007 3789 eo
1030 3726 1121 3806 usque
1142 3727 1171 3789 se
1192 3732 1371 3805 extendere,

179 3861 240 3919 quo
263 3842 355 3919 usque
376 3841 441 3919 ejus
462 3843 654 3904 determinata
674 3842 810 3918 potentia
830 3841 859 3902 se
881 3840 1026 3903 extendit.
1046 3841 1086 3901 Et
1108 3840 1176 3918 quia
1195 3843 1243 3902 lex
1261 3841 1369 3902 summa

178 3956 299 4015 Naturae
330 3954 387 4029 est,
419 3969 454 4015 ut
485 3971 669 4031 unaquaeque
701 3971 747 4013 res
778 3952 808 4014 in
837 3951 891 4014 suo
923 3952 1016 4028 statu,
1048 3952 1240 4029 quantumin
1261 3950 1291 4012 se
1312 3952 1369 4028 est,

178 4080 303 4126 conetur
332 4064 537 4142 perseverare,
567 4066 657 4142 idque
689 4066 769 4127 nulla
800 4064 936 4139 alterius,
966 4063 1016 4126 sed
1047 4080 1161 4126 tanturn
1193 4064 1236 4125 sui
1267 4062 1367 4125 habita

178 4177 310 4252 ratione3
341 4177 411 4238 hinc
441 4177 588 4255 sequitur,
618 4180 850 4254 unumquodque
881 4175 1067 4240 individuum
1095 4176 1145 4253 jus
1172 4176 1310 4237 summum
1332 4178 1366 4237 ad
1450 4178 1451 4187 ’

178 4288 237 4351 hoc
267 4287 390 4362 habere,
421 4287 479 4348 hoc
512 4289 552 4350 est
582 4289 642 4367 (uti
663 4289 740 4368 dixi)
762 4291 799 4351 acl
821 4288 1001 4351 existendum
1023 4304 1055 4349 et
1076 4290 1255 4367 operandum
1277 4302 1366 4365 prout
