2934 4900
170 297 232 359 602
649 298 888 370 Tractatus

173 472 229 534 alia
259 475 296 536 de
326 473 413 535 causa
442 472 473 534 id
504 471 584 550 dixi,
615 491 702 550 quam
733 471 804 550 quia
834 471 989 548 Prophetae
1013 489 1050 532 ex
1076 470 1256 547 autoritate,
1277 487 1371 548 quam

172 586 338 664 habebant,
358 604 470 649 novum
488 588 603 665 Regem
624 586 728 665 eligere
751 600 906 662 poterant,
928 599 959 644 et
979 584 1096 647 veniam
1107 583 1265 660 parricidio
1278 586 1369 658 dare,

173 712 205 759 at
235 715 296 759 non
326 700 409 774 quod
439 699 569 776 Regem,
600 697 621 758 fi
651 696 724 774 quid
758 712 860 758 contra
892 697 972 775 leges
1003 697 1148 771 audebat,
1169 695 1199 755 in
1216 694 1369 772 judicium
1460 695 1461 718 ³

172 827 281 874 vocare
299 809 417 885 liceret,
438 824 469 870 et
485 809 552 887 jure
573 811 589 845 *
609 825 713 871 contra
734 811 858 871 eundem
880 827 975 888 agere.
1016 808 1222 890 Quapropter,
1246 807 1269 868 fi
1293 807 1369 868 nulli

173 920 290 983 fuissent
316 921 490 998 Prophetae,
520 920 572 998 qui
602 919 737 1000 lingulati
768 918 950 984 revelatione
973 919 1088 982 veniam
1115 917 1275 994 parricidio
1296 935 1369 980 tuto

173 1032 290 1110 pollent
321 1036 498 1110 concedere,
527 1033 576 1111 jus
608 1036 645 1096 ad
667 1033 765 1094 omnia
787 1032 938 1107 absolute,
960 1045 1017 1092 tam
1040 1031 1117 1092 sacra
1137 1049 1226 1107 quam
1247 1030 1370 1106 civilia,
1460 1013 1461 1048 ³

175 1146 296 1209 omnino
326 1145 506 1222 habuiffent3
544 1165 633 1224 quare
673 1145 823 1207 hodiernae
855 1144 971 1206 summae
1002 1144 1179 1219 potestates,
1211 1163 1280 1220 quae
1311 1162 1370 1204 nec

174 1257 337 1332 Prophetas
367 1256 493 1332 habent,
532 1275 587 1317 nec
617 1255 745 1330 recipere
775 1252 839 1331 jure
872 1267 1011 1315 tenentur
1049 1254 1258 1332 (Hebraeorum
1288 1253 1370 1313 enim

173 1367 288 1447 legibus
308 1367 417 1430 addidi
439 1387 499 1429 non
521 1367 620 1447 sunt),
641 1368 700 1428 hoc
718 1366 787 1443 jus,
807 1365 919 1426 tametsi
941 1364 1062 1426 coelibes
1073 1383 1132 1426 non
1144 1363 1369 1442 fint,absolute

174 1479 301 1554 habent,
328 1494 359 1540 et
388 1479 497 1555 semper
525 1478 715 1553 retinebunt,
737 1481 827 1540 modo
849 1491 963 1538 tantum
986 1476 1151 1556 Religionis
1172 1479 1316 1556 dogmata
1337 1475 1370 1536 in

175 1610 308 1672 magnum
329 1610 480 1654 numerum
499 1592 617 1672 augeri,
636 1610 734 1669 neque
756 1610 821 1654 cum
843 1589 974 1652 scientiis
995 1590 1140 1652 confundi
1161 1589 1267 1651 fiuant.

628 1815 808 1878 CAPUT
849 1815 914 1876 XX.

218 1958 399 2035 ostenditur,
424 1962 457 2017 in
483 1958 596 2019 Libera
622 1957 783 2037 Republica
803 1961 954 2035 unicuique
975 1971 1003 2017 et
1016 1960 1131 2035 sentire
1151 1976 1214 2035 qua
1235 1961 1327 2034 velit,

534 2069 645 2132 etqua
659 2056 776 2133 sentiat
794 2056 888 2115 dr'cere
908 2056 1003 2115 licere.

217 2213 247 2274 si
276 2233 359 2290 atque
386 2214 472 2276 facile
493 2214 563 2276 effer
584 2214 687 2276 animis
708 2235 741 2277 ac
763 2214 1052 2295 linguisimperare,
1073 2229 1142 2276 tuto
1164 2215 1369 2295 unusquisque

176 2331 326 2404 regnaret,
354 2341 385 2386 et
405 2328 515 2388 nullum
543 2327 695 2404 imperium
715 2326 881 2390 violentum
903 2328 997 2388 foret:
1020 2347 1085 2388 nam
1106 2328 1309 2406 unusquisque
1331 2349 1368 2389 ex

176 2436 380 2514 imperantium
401 2439 521 2520 ingenio
544 2441 677 2519 uiueret,
698 2456 728 2502 et
751 2460 788 2502 ex
812 2441 874 2503 solo
896 2459 997 2502 eorum
1020 2443 1159 2517 decreto,
1180 2441 1254 2519 quid
1265 2461 1369 2503 verum

177 2551 225 2613 vel
246 2551 363 2628 falsum,
382 2555 493 2614 bonum
522 2555 570 2616 vel
598 2555 720 2629 malum,
742 2572 858 2630 aequum
880 2556 928 2617 vel
950 2553 1083 2629 iniquum
1105 2553 1192 2630 esset,
1209 2552 1368 2630 judicaret.

177 2665 236 2725 Sed
264 2663 344 2741 hoc,
373 2681 407 2726 ut
436 2664 494 2742 jam
526 2665 556 2725 in
588 2665 676 2726 initio
708 2665 783 2743 Cap.
817 2682 862 2742 17.
894 2666 1081 2742 notavimus,
1108 2666 1169 2726 lieri
1191 2668 1314 2744 nequit,
1334 2682 1369 2728 ut

177 2775 288 2837 scilicet
318 2777 430 2839 animus
461 2778 581 2839 alterius
609 2778 684 2855 juris
715 2778 849 2839 absolute
883 2778 933 2854 irt;
962 2778 1073 2855 quippe
1103 2797 1188 2839 nemo
1213 2778 1367 2855 jussuum

178 2890 325 2965 naturale,
353 2887 413 2951 live
441 2890 610 2951 facultatem
639 2890 717 2950 suam
736 2888 826 2950 libere
847 2890 1058 2965 ratiocinandi,
1081 2906 1111 2951 et
1134 2893 1170 2951 de
1191 2894 1279 2952 rebus
1301 2891 1367 2968 qui-

177 3000 349 3077 buscunque
377 3000 546 3078 judicandi,
573 3000 602 3062 in
625 3000 712 3062 alium
744 3001 917 3077 transfene,
938 3018 1034 3077 neque
1057 3005 1094 3064 ad
1114 3000 1145 3063 id
1168 3002 1235 3081 cogi
1258 3004 1366 3078 potest.
1460 2990 1461 2993 ¹

178 3112 255 3173 Hinc
285 3131 353 3192 ergo
382 3113 431 3189 fit,
453 3114 581 3175 utillud
607 3113 760 3189 imperium
782 3114 947 3176 violentum
967 3112 1127 3189 habeatur,
1148 3117 1230 3191 quod
1252 3114 1281 3175 in
1305 3115 1366 3175 ani-

177 3242 242 3285 mos
270 3225 327 3301 est,
352 3242 383 3286 et
411 3242 444 3287 ut
472 3226 581 3287 summa
609 3226 741 3304 majestas
769 3226 902 3303 iniuriam
924 3225 1050 3287 subditis
1072 3228 1184 3303 facere,
1205 3246 1366 3305 eorumque

174 3336 224 3413 jus
245 3337 381 3415 usurpare
401 3338 554 3415 videatur,
576 3341 695 3415 quando
716 3338 878 3416 unicuique
900 3337 1083 3416 praescribere
1105 3339 1188 3415 vult,
1210 3339 1281 3416 quid
1301 3356 1365 3401 tan-

178 3468 264 3527 quam
294 3469 393 3512 vcrum
422 3452 573 3527 ampleeii,
602 3466 631 3512 et
653 3467 791 3527 tanquam
813 3450 915 3512 falsum
937 3450 1073 3527 rejicere,
1096 3467 1125 3510 et
1147 3451 1255 3527 quibus
1276 3470 1366 3527 porro

179 3561 372 3638 opinionibus
411 3563 641 3641 uniuscujusque
680 3563 794 3624 animus
832 3581 899 3642 erga
930 3564 1025 3624 Deum
1057 3563 1222 3625 devotione
1253 3566 1366 3626 moveri

179 3674 302 3750 debeat3
332 3673 395 3735 haec
426 3676 502 3736 enim
534 3675 763 3752 uniuscujusque
788 3674 862 3752 juris
892 3675 974 3750 sunt,
997 3692 1058 3751 quo
1079 3692 1182 3750 nemo,
1203 3674 1257 3734 etsr
1277 3676 1366 3752 velit,

179 3788 281 3846 cedere
309 3787 415 3861 potest.
443 3789 568 3863 Fateor,
585 3788 729 3864 judicium
751 3786 850 3847 multis
872 3800 902 3846 et
923 3804 1008 3863 paene
1030 3786 1250 3848 incredibilibus
1271 3790 1366 3849 modis

178 3899 377 3975 praeoccupari
397 3899 497 3976 polle,
518 3916 607 3977 atque
628 3899 670 3960 ita
691 3915 742 3975 ut,
764 3898 899 3975 quamvis
920 3897 973 3960 sub
995 3898 1113 3960 alterius
1125 3898 1247 3975 imperio
1258 3900 1365 3963 direiic

179 4009 311 4084 nonsit,
339 4026 435 4071 tamen
465 4013 500 4071 ab
523 4029 574 4072 ore
602 4010 722 4072 alterius
744 4010 785 4071 ita
815 4011 958 4087 pendeat,
979 4026 1021 4091 ut
1034 4010 1139 4070 merito
1161 4028 1282 4072 eatenus
1303 4012 1365 4089 ejus

175 4118 250 4196 juris
282 4122 340 4182 dici
371 4124 473 4198 poffit3
502 4142 603 4186 verum
635 4123 779 4206 quicquid
809 4142 854 4185 ars
885 4123 939 4183 hac
960 4122 990 4185 in
1012 4141 1042 4185 re
1062 4123 1194 4207 praestare
1217 4125 1365 4207 potuerit,

212 4304 225 4333 ⁸
260 4300 302 4355 cf.
318 4303 414 4354 Annot.
431 4304 547 4354 XXXIX.
