2934 4900
187 328 254 409 294
605 314 788 379 Ethicea
815 316 883 379 Para
902 317 957 379 lv.

190 492 357 567 dexteram,
383 510 443 569 qua
469 491 565 554 ensem
585 493 655 559 casu
673 493 884 570 prehenderit,
905 507 1103 571 contorquet,
1123 508 1154 555 ct
1174 492 1257 573 cogit
1279 492 1383 557 versus

190 622 242 665 cot
268 603 362 680 ipsum
389 602 518 683 gladium
546 604 684 685 dirigere3
711 607 761 669 vel
781 608 863 683 quod
883 624 921 667 ex
943 608 1081 667 mandato
1101 604 1251 685 Tyranni,
1272 621 1307 667 ut
1328 606 1383 667 Se·

190 734 282 792 neca,
312 732 436 795 cogatur
465 736 557 780 venas
587 718 698 795 aperire
730 718 811 795 suar,
842 718 899 779 hoc
931 719 988 793 est,
1015 717 1108 795 majus
1135 720 1239 779 malum
1268 716 1384 779 minore
1442 726 1443 737 *

190 827 284 890 vitare
305 827 423 905 cupiat;
444 830 493 892 vel
513 830 640 908 denique
661 850 699 892 ex
720 850 781 909 eo,
802 834 882 908 quod
905 830 998 892 causae
1020 834 1145 893 latentes
1165 846 1293 892 externae
1315 830 1384 909 ejus

190 938 428 1019 imaginationem
460 941 501 1003 ita
532 941 710 1020 disponunt,
742 959 773 1004 et
803 944 922 1020 Corpus
950 943 991 1004 ita
1021 942 1168 1018 afficiunt,
1189 958 1224 1005 ut
1243 942 1274 1004 id
1296 942 1383 1003 aliam

191 1066 323 1112 naturam
344 1051 435 1128 priori
456 1053 630 1114 contrariam
651 1053 771 1133 induat,
789 1070 820 1117 et
838 1054 924 1133 cujus
943 1054 1007 1117 idea
1025 1056 1055 1117 in
1073 1056 1177 1117 Mente
1195 1055 1255 1117 dari
1277 1055 1385 1132 nequit

191 1163 266 1243 (per
286 1166 376 1244 Prop.
401 1182 446 1226 10.
462 1178 496 1245 p.
518 1167 571 1246 3.).
612 1169 656 1229 At
688 1171 771 1245 quod
801 1168 892 1229 homo
923 1188 961 1229 ex
992 1170 1156 1230 neccssitate
1183 1168 1240 1229 suae
1268 1183 1385 1229 naturae
1444 1209 1445 1249 p

193 1291 318 1339 conetur
344 1296 406 1339 non
434 1278 572 1356 existere,
600 1281 649 1343 vel
670 1280 701 1341 in
723 1281 806 1342 aliam
828 1282 950 1343 sormam
972 1280 1095 1357 mutari,
1114 1295 1174 1341 tam
1194 1280 1235 1341 cst
1255 1279 1385 1358 impossi·
1444 1252 1445 1265 ἵ

192 1389 269 1466 bile,
299 1410 386 1468 quam
419 1394 502 1468 quod
532 1410 571 1453 cx
601 1392 695 1454 nihilo
727 1392 839 1471 aliquid
866 1394 934 1470 siat,
962 1407 997 1455 ut
1024 1391 1221 1470 unusquisque
1242 1391 1387 1453 mediocri

193 1500 384 1565 meditatione
407 1502 508 1567 videre
529 1504 635 1581 potest.

562 1665 893 1727 PROPOSITIO
934 1664 1014 1726 xxi.

234 1795 325 1855 Nemo
347 1795 437 1874 potest
464 1806 565 1873 cupere
592 1794 705 1855 beatum
724 1795 741 1829 *
761 1794 828 1875 effe,
849 1794 916 1855 bene
935 1813 1039 1871 agere,
1059 1805 1087 1853 et
1107 1792 1174 1852 benc
1192 1794 1311 1869 vivere,
1332 1794 1387 1869 qui

188 1906 277 1985 fimus
293 1925 348 1966 non
366 1910 466 1986 cupiat
485 1907 554 1987 effe,
573 1926 661 1984 agere
666 1953 677 1984 ,
697 1918 725 1966 cr
745 1910 863 1983 vivere,
883 1904 935 1967 hoc
953 1906 1008 1985 est,
1027 1905 1093 1965 adiu
1112 1904 1241 1983 existere.

594 2083 992 2129 nemonsnnarro

235 2177 334 2256 Hujus
364 2180 578 2257 Proposrtionis
609 2180 834 2255 demonstratio,
866 2178 916 2240 seu
946 2177 1049 2255 potius
1079 2195 1124 2238 res
1154 2176 1232 2253 ipsa,
1263 2194 1315 2252 per
1353 2175 1383 2235 se

196 2308 296 2371 patet,
326 2308 358 2353 et
388 2291 476 2353 etiam
511 2312 548 2354 ex
586 2292 768 2369 cupiditatis
806 2290 988 2355 definitione.
1029 2290 1080 2350 Est
1115 2288 1191 2349 enim
1227 2286 1385 2364 Cupiditas

196 2407 271 2487 (per
294 2421 320 2466 1.
341 2402 404 2485 Aff.
423 2404 535 2486 Defin.)
556 2407 643 2467 beate
664 2404 715 2466 scu
736 2407 811 2466 bene
832 2402 970 2478 vivendi,
989 2400 1108 2482 agendi,
1129 2415 1186 2462 etc.
1207 2398 1268 2478 ipsa
1287 2398 1383 2461 homi·

196 2518 242 2579 nis
262 2517 397 2593 essentia,
417 2517 475 2578 hoc
497 2519 538 2579 est
559 2517 634 2598 (per
653 2518 744 2596 Prop.
767 2533 795 2594 7.
812 2530 845 2597 p.
866 2517 909 2596 3.)
931 2531 1075 2592 conatus,
1102 2533 1163 2592 quo
1183 2512 1384 2590 unusquisque

197 2629 279 2694 suurn
299 2629 354 2691 csse
375 2629 548 2694 conservare
568 2645 704 2691 conatur.
724 2629 804 2708 Ergo
822 2645 908 2689 nemo
927 2627 1026 2706 potest
1036 2641 1226 2704 cupere,etc.
1249 2627 1283 2704 Q.
1295 2627 1333 2685 E.
1343 2627 1384 2686 D.

563 2817 892 2878 PROPOSITIO
932 2816 1026 2876 XXII.

239 2946 333 3007 Nulla
349 2949 449 3006 virtus
460 2948 551 3026 potest
563 2950 651 3026 prior
668 2945 724 3007 stac
741 2946 851 3027 (nempe
866 2958 969 3006 conatu
978 2947 1045 3024 sese
1054 2945 1257 3024 construendi)
1269 2948 1387 3023 concipi.

599 3124 993 3170 oauonsraactm

239 3219 375 3281 Conatut
394 3219 454 3280 sese
474 3219 667 3282 conservandi
689 3220 731 3280 est
751 3218 812 3297 ipsa
834 3218 875 3279 rei
896 3217 1015 3280 essentia
1035 3218 1109 3297 (per
1128 3218 1218 3298 Prop.
1236 3231 1264 3293 7.
1281 3229 1315 3298 p.
1334 3219 1388 3297 3.).

198 3331 230 3393 si
250 3331 340 3410 igitur
360 3330 457 3408 aliqua
479 3329 575 3393 virtus
596 3329 690 3408 posset
711 3331 782 3407 hac,
803 3349 908 3407 nempe
924 3330 982 3390 hoc
1003 3344 1128 3410 conatu,
1149 3327 1230 3407 prior
1250 3328 1387 3405 concipi,

199 3445 405 3522 conciperetur
425 3462 495 3524 ergo
517 3443 591 3522 (per
610 3442 706 3523 Defin.
719 3442 746 3503 8.
757 3442 858 3521 hujus)
880 3441 942 3518 ipsa
962 3441 1003 3502 rei
1025 3441 1144 3505 essentia
1165 3441 1194 3502 se
1215 3441 1277 3518 ipsit
1297 3441 1389 3518 prior,

201 3557 283 3634 quod
305 3555 351 3634 (ut
357 3556 454 3634 perse
464 3556 574 3635 notum)
596 3555 637 3615 est
659 3555 822 3616 absurdum.
844 3555 923 3634 Ergo
945 3555 1023 3616 nulla
1044 3552 1152 3628 virtus,
1170 3568 1229 3614 etc.
1251 3554 1284 3630 Q.
1297 3555 1335 3613 E.
1346 3555 1386 3615 D.

613 3733 976 3778 cononnarerum.

241 3828 378 3890 Conatus
399 3827 457 3889 sese
478 3827 670 3891 conservandi
691 3827 814 3905 primum
832 3843 862 3889 et
881 3828 998 3890 unicum
1019 3828 1140 3890 virtutis
1157 3828 1198 3889 est
1215 3829 1389 3890 fondamen-

202 3956 273 4003 tum.
294 3943 370 4001 Nam
391 3939 449 3999 hoc
470 3939 616 4016 principio
638 3941 749 4002 nullum
770 3939 849 4001 aliud
870 3941 966 4017 potest
987 3940 1068 4016 prius
1089 3939 1206 4016 concipi
1217 3940 1288 4022 (per
1298 3942 1390 4020 Prop.

197 4054 320 4134 praec.),
337 4067 369 4114 et
386 4051 494 4129 absque
512 4052 576 4130 ipso
596 4053 769 4133 (pchrop.
780 4071 828 4114 21.
839 4053 940 4134 hujus)
959 4055 1036 4114 nulla
1049 4052 1142 4118 virtus
1154 4052 1250 4129 potest
1260 4052 1390 4130 concipi.

235 4349 249 4380 ⁸
284 4345 407 4400 onoma
424 4345 525 4398 dectus.
