2934 4900
365 330 420 391 De
460 328 690 391 Libertate
732 331 926 391 Humana.
1178 342 1236 405 257

56 507 156 568 sereret
183 508 347 582 infantum;
375 506 444 583 quia
472 522 534 568 tum
562 506 653 583 ipsam
681 505 833 567 infantiam
862 523 922 565 non
944 520 978 565 ut
998 523 1057 565 rem
1079 506 1236 565 naturalem

57 635 84 678 et
104 618 303 695 necessariam,
326 618 375 680 sed
397 635 431 680 ut
451 620 573 679 Naturae
594 617 702 681 vitium
721 616 772 679 seu
801 632 955 693 peccatum
976 615 1187 692 consrderaret;
1209 632 1239 677 et

57 732 187 791 adhunc
209 734 327 792 modum
349 732 431 807 plura
454 730 509 791 alia
529 746 633 792 notare
656 729 814 807 possemus.

429 922 760 983 PROPOSITIO
801 922 870 981 VII.

93 1046 237 1124 Affeiius,
265 1052 316 1125 qui
335 1069 371 1108 en
391 1051 515 1109 Ratione
542 1054 676 1110 oriuntur
699 1050 749 1107 vel
766 1053 943 1125 excitantur,
960 1047 987 1124 st
1008 1052 1084 1107 ratio
1105 1040 1239 1127 temporis

57 1154 206 1236 habeatur,
221 1165 396 1239 potentiores
409 1163 484 1238 sunt
502 1166 557 1239 iis,
579 1166 630 1239 qni
649 1164 756 1221 adres
772 1162 936 1239 fingulares
957 1158 1129 1235 referuntur
1135 1204 1144 1237 ,
1167 1180 1240 1237 quas

58 1286 86 1329 nt
104 1273 235 1349 absentes
255 1275 486 1352 contemplamur.

450 1450 850 1495 DEMONSTRATIQ

92 1560 165 1619 Rem
196 1559 322 1635 aliquam
354 1576 388 1621 ut
419 1560 566 1622 absentem
598 1579 658 1622 non
691 1563 923 1636 contemplamur
956 1579 993 1620 ex
1024 1560 1146 1635 assessu,
1178 1581 1238 1637 quo

57 1674 170 1732 eandem
197 1672 405 1751 imaginamur,
432 1672 480 1734 sed
509 1692 547 1734 ex
574 1692 610 1734 eo
617 1720 627 1749 ,
649 1677 731 1749 quod
753 1674 870 1749 Corpus
892 1672 950 1733 alio
972 1672 1096 1734 afficitur
1117 1672 1239 1749 assessu,

56 1784 101 1857 qui
129 1784 258 1860 ejusdem
285 1784 327 1844 rei
356 1783 537 1845 existentiam
565 1785 689 1846 secludit
717 1786 789 1864 (per
815 1787 904 1863 Prop.
929 1800 975 1859 17.
991 1797 1023 1863 p.
1045 1785 1098 1863 a).
1140 1784 1238 1865 Quare

55 1894 188 1973 asienus,
216 1896 269 1972 qui
298 1898 334 1956 ad
361 1915 436 1971 rem,
465 1916 552 1973 quam
581 1912 614 1958 ut
644 1897 801 1971 absentem
824 1898 1069 1971 contemplamur,
1101 1896 1240 1971 refertur,

56 2005 115 2080 ejus
144 2023 258 2067 natura
290 2026 350 2067 non
383 2008 440 2082 esi,
471 2024 505 2069 ut
536 2008 661 2084 reliquas
692 2008 820 2069 homInis
851 2008 981 2069 astiones
1013 2022 1044 2066 et
1074 2006 1238 2082 potentiam

56 2116 170 2191 superet
191 2119 240 2195 (de
261 2119 363 2195 quibus
383 2122 451 2178 vide
471 2120 560 2199 Prop.
580 2122 610 2181 6.
629 2134 660 2199 p.
682 2122 726 2200 4.)
733 2119 820 2197 ,sed
842 2135 944 2180 contra
965 2118 1028 2194 ejus
1049 2135 1159 2179 naturae
1180 2117 1237 2192 esi,

58 2246 86 2286 ut
113 2231 149 2287 ab
177 2228 215 2289 iss
242 2228 464 2307 assessoribus,
492 2250 558 2307 quae
587 2231 769 2292 existentiam
798 2248 926 2291 extemae
948 2230 1011 2307 ejus
1033 2229 1124 2291 causae
1146 2229 1237 2290 seclu-

56 2341 142 2415 dunt,
164 2342 293 2402 coerceri
314 2342 414 2418 aliquo
436 2345 526 2403 modo
549 2344 634 2419 posit
655 2343 726 2423 (per
748 2346 836 2422 Prop.
857 2362 885 2420 9.
903 2357 934 2421 p.
952 2344 1005 2423 4.).
1037 2345 1080 2403 At
1101 2342 1238 2419 affestus,

56 2455 100 2528 qui
129 2475 167 2516 ex
195 2457 326 2518 Ratione
349 2459 459 2534 oritur,
485 2460 609 2520 refertur
630 2449 785 2520 necessario
807 2461 843 2520 ad
865 2477 1033 2519 communes
1055 2477 1146 2519 rerum
1168 2476 1236 2533 pro-

57 2565 190 2636 prietates
221 2567 304 2644 (vide
332 2569 469 2629 Rationis
500 2569 583 2648 defin.
610 2574 643 2629 in
670 2588 698 2630 2.
719 2569 810 2630 Sestos.
831 2572 922 2648 Prop.
942 2589 990 2650 40.
1016 2583 1048 2648 p.
1070 2569 1130 2649 a),
1162 2589 1234 2646 quas

56 2673 159 2751 semper
187 2694 222 2737 ut
253 2677 411 2753 presentes
442 2683 673 2755 contemplamur
705 2681 784 2758 (nam
817 2679 889 2741 nihil
917 2681 979 2742 dari
1007 2680 1119 2758 potest,
1152 2683 1233 2756 quod

56 2803 145 2848 earum
167 2789 337 2864 praesentem
359 2791 541 2854 existentiam
562 2792 723 2873 secludat),
744 2809 773 2854 et
795 2811 868 2869 quas
889 2792 1000 2868 semper
1020 2795 1122 2854 eodem
1144 2797 1234 2854 modo

56 2897 237 2978 imaginamur
258 2901 329 2981 (per
349 2905 438 2982 Prop.
461 2906 508 2980 38.
525 2919 557 2984 p.
579 2907 633 2985 2.).
674 2906 773 2986 Quare
796 2905 861 2966 ralis
883 2905 1004 2966 affertos
1024 2905 1100 2965 idern
1127 2905 1237 2980 semper

56 3029 162 3089 manet;
184 3030 214 3074 et
235 3015 451 3091 consequenter
473 3018 544 3096 (per
567 3017 626 3077 Aa.
650 3033 676 3078 r.
697 3016 797 3096 sinsus)
820 3015 960 3094 affestus,
982 3017 1033 3092 qui
1054 3016 1146 3077 eidem
1170 3017 1235 3078 sunt

56 3125 203 3200 contrarii,
231 3127 342 3203 quique
365 3147 380 3188 a
402 3128 460 3189 suis
488 3128 581 3190 causis
608 3129 738 3191 externis
768 3148 827 3190 non
849 3131 1007 3206 foventur,
1029 3129 1122 3189 eidem
1145 3130 1235 3207 magis

56 3236 192 3313 magisque
220 3236 281 3297 sese
312 3242 532 3302 accommodare
554 3243 722 3317 debebunt,
743 3245 839 3302 donec
861 3261 920 3302 non
944 3242 1065 3316 amplius
1087 3241 1141 3325 sant
1162 3259 1233 3301 eon·

55 3351 138 3426 trariI;
171 3367 203 3411 et
234 3368 358 3412 eatenus
389 3351 528 3431 affestus,
559 3355 610 3430 qui
642 3373 679 3415 ex
713 3355 842 3416 Ratione
872 3353 982 3429 oritur,
1010 3353 1050 3412 est
1071 3353 1232 3428 potentior.

56 3461 83 3536 Q.
102 3465 138 3524 E.
159 3465 200 3525 D.

411 3616 742 3676 PROPOSITIO
784 3617 866 3675 VIII.

89 3741 144 3816 Quo
162 3738 284 3817 affeiins
299 3744 409 3818 aliquis
425 3763 445 3802 a
455 3744 592 3822 pluribus
612 3742 702 3821 confir
717 3743 804 3821 ssmoi
821 3742 1054 3804 concurrentibus
1074 3747 1231 3818 excitatur,

54 3868 78 3905 eo
94 3854 188 3929 major
208 3853 254 3931 est.

446 3986 841 4033 DEMONSTRATIQ

87 4091 186 4153 Plures
216 4093 310 4153 causae
340 4093 421 4156 srmus
452 4099 519 4171 plus
550 4097 667 4174 posIunt
699 4118 786 4175 quam
818 4099 838 4158 sr
867 4099 1021 4174 pauciores
1049 4096 1140 4157 essent
1161 4097 1233 4176 (per

55 4199 132 4282 Prnp.
154 4221 184 4280 7.
202 4218 235 4283 p.
257 4206 305 4285 3):
329 4209 464 4285 adeoque
487 4208 559 4288 (per
579 4213 668 4290 Prop.
690 4223 718 4285 5.
737 4225 768 4290 p.
781 4211 844 4290 4.),
865 4230 925 4288 quo
948 4210 1068 4274 assessus
1089 4209 1193 4286 aliquis
1216 4228 1231 4269 a

55 4314 176 4384 pluribus
198 4316 290 4379 causis
312 4318 394 4381 fimul
415 4322 578 4399 excitatur,
598 4341 635 4384 eo
657 4323 763 4390 sortior
785 4325 833 4384 est.
877 4325 910 4401 Q.
932 4325 968 4384 Ε.
989 4325 1028 4384 D.

1097 4431 1128 4484 17
