2934 4900
362 337 420 400 De
458 334 686 402 Servitute
727 336 921 402 Humana.
1176 356 1235 418 227

44 523 92 586 55.
108 524 142 591 p.
164 528 196 589 3.
216 511 396 594 piendimas)
423 530 461 575 ert
489 530 547 591 eo,
575 514 658 591 quod
676 512 767 591 ipssus
789 514 894 595 agendi
915 514 1051 591 potentia
1072 517 1234 575 coercetur.

43 624 134 705 Quod
154 624 178 685 ii
200 624 420 703 supponamus,
446 625 595 688 hominem
616 626 695 688 suam
716 624 922 703 impotentiam
944 625 1099 703 concipere
1121 644 1159 688 ex
1181 644 1235 703 eo,

42 738 122 812 quod
150 736 265 815 aliquid
292 738 322 800 se
350 738 505 814 potentius
534 737 690 818 inteiligit,
718 737 804 816 cujus
832 737 1005 819 cognitione
1031 738 1110 799 suam
1131 736 1236 818 agendi

44 848 211 925 potentiam
231 849 420 929 determinat,
440 866 504 914 tum
525 850 599 913 nihil
617 850 698 913 aliud
718 850 918 929 concipimus,
941 868 1028 928 quam
1046 852 1128 928 quod
1144 850 1235 912 homo

45 959 72 1021 se
92 960 189 1036 ipsum
211 961 344 1025 distinste
365 962 503 1045 intelligit
522 964 595 1044 (per
604 965 695 1043 Ptop.
706 962 755 1025 26.
766 960 878 1043 ltas'us),
899 961 1106 1040 quod*ipsrus
1128 962 1234 1042 agendi

46 1071 183 1148 potentia
199 1073 332 1151 iuvatur.
372 1076 472 1159 Quare
492 1074 669 1153 Humilitas,
695 1075 748 1137 seu
768 1074 899 1137 Tristitia
921 1092 987 1151 quae
1008 1092 1046 1137 ex
1067 1092 1104 1137 eo
1125 1074 1220 1138 oritur
1225 1120 1236 1153 ,

46 1186 123 1260 quod
152 1184 247 1249 homo
275 1186 354 1248 suam
381 1186 587 1265 impotentiam
615 1188 850 1264 contemplatur,
871 1205 931 1248 non
953 1204 990 1248 ex
1011 1205 1080 1250 vera
1102 1204 1235 1250 contem·

47 1296 176 1371 piatione
199 1298 251 1361 seu
270 1298 401 1361 Ratione
423 1298 533 1377 oritur,
554 1317 609 1362 nec
629 1299 740 1376 vitus,
761 1299 811 1361 sed
832 1299 920 1375 padio
941 1298 993 1361 est.
1034 1299 1069 1377 Q.
1089 1300 1128 1363 E.
1147 1301 1189 1361 D.

416 1454 748 1517 PROPOSITIO
788 1454 870 1515 LIV.

81 1563 259 1626 Paenitentia
278 1568 380 1625 vinus
398 1584 454 1625 non
473 1566 528 1644 est,
543 1565 606 1644 sive
625 1586 663 1627 ea
681 1568 808 1627 Ratione
828 1584 882 1627 non
900 1568 1013 1639 ortem,-
1023 1565 1081 1641 sed
1095 1568 1137 1641 is,
1157 1582 1237 1642 quem

43 1673 115 1749 fadi
129 1680 270 1757 mter,
290 1676 336 1737 bis
355 1678 445 1755 miser
456 1679 514 1756 sea
532 1682 671 1757 impotens
689 1678 738 1757 esi.

444 1828 838 1876 ntuonsrnanrm

83 1920 182 1999 Hujus
212 1920 306 1999 prima
337 1940 404 1999 pars
434 1923 646 1995 demonstratur
674 1938 708 1986 ιιι
739 1928 862 2001 praced.
884 1922 1062 2003 Proposttio.
1102 1925 1236 1986 Secunda

51 2048 140 2093 autem
172 2052 212 2095 ex
243 2032 305 2095 sola
334 2032 424 2112 hujus
454 2035 576 2099 affectus
606 2036 790 2099 Definitione
822 2036 905 2116 (uide
925 2052 975 2112 27.
995 2032 1099 2113 Affed.
1121 2034 1232 2115 Defin.)

53 2160 138 2219 patet.
180 2148 259 2208 Nam
279 2145 374 2224 primo
394 2165 485 2224 prava
505 2145 698 2225 cupiditate,
719 2148 788 2211 dein
809 2147 942 2211 Tristitia
962 2146 1043 2212 vinci
1063 2148 1092 2209 se
1114 2146 1237 2225 patitur.

517 2292 597 2335 scra
610 2293 721 2337 orto
734 2294 772 2337 m.

86 2367 163 2450 Quia
195 2366 331 2431 homines
359 2386 425 2431 rato
456 2387 493 2431 ex
525 2370 679 2433 dictamine
711 2372 851 2435 Rationis
879 2371 1004 2450 vivunt,
1032 2371 1100 2436 ideo
1122 2371 1152 2433 hi
1174 2370 1236 2433 duo

55 2479 185 2560 aream,
216 2501 322 2560 nempe
352 2482 512 2545 Humilitas
542 2500 574 2547 et
605 2484 799 2562 Paenitentia,
829 2500 861 2546 et
892 2499 999 2563 praeter
1025 2483 1082 2548 hos
1109 2485 1183 2562 Spes
1205 2499 1235 2546 et

54 2591 166 2670 Metus,
196 2595 265 2672 plus
297 2594 436 2658 utilitatm
467 2614 554 2674 quam
584 2597 682 2660 damin
712 2597 966 2675 afferun13atque
988 2587 1236 2674 a'deo,quando·

55 2705 164 2780 quidem
185 2710 369 2784 peccandum
389 2707 451 2784 est,
471 2706 502 2770 in
522 2708 603 2771 istam
624 2725 736 2786 partem
759 2707 861 2786 potius
882 2709 1072 2785 peccandum.
1104 2703 1236 2781 Nam,fi
1261 2759 1265 2768 .

55 2815 181 2880 homines
202 2816 301 2882 animo
321 2818 504 2897 impotentes
525 2839 609 2899 aeque
629 2839 733 2882 omnes
754 2820 950 2897 superbirent,
967 2819 1077 2881 nullius
1097 2815 1139 2880 rei
1156 2815 1237 2893 ipsos

55 2933 192 3007 puderet,
220 2949 275 2994 nec
302 2930 355 3008 ipfi
383 2932 541 3010 quicquam
569 2948 749 3010 metuerent,
775 2951 837 3011 quo
858 2931 984 2995 vinculis
1004 2928 1146 3009 conjungi
1164 2947 1236 2991 con-

55 3041 206 3123 stringique
227 3043 369 3121 ponente
389 3047 497 3108 Terret
507 3046 540 3082 **
560 3047 666 3126 vulgus
673 3091 683 3123 ,
704 3045 757 3107 niii
778 3059 906 3120 metuat;
928 3061 1017 3121 quare
1038 3061 1098 3104 non
1120 3042 1236 3117 mirum,

56 3157 130 3229 quod
155 3156 331 3235 Propheta,
357 3156 410 3234 qui
438 3175 499 3220 non
527 3175 708 3235 paucorum,
732 3157 784 3218 sed
812 3155 960 3218 communi
987 3154 1110 3218 utilitati
1130 3153 1236 3218 consu-

54 3263 182 3344 luerunt,
202 3284 359 3346 tantopere
382 3269 605 3346 Humilitatem,
625 3266 852 3344 Paenitentiam,
874 3283 904 3330 et
925 3266 1133 3331 Reverentiam
1155 3284 1235 3329 cotn-

58 3381 260 3444 nendaverint.
300 3381 341 3444 Et
368 3399 486 3459 revera,
513 3382 566 3460 qui
595 3381 673 3444 hisce
701 3381 857 3445 affedibus
884 3379 952 3444 sunt
981 3377 1121 3454 obnoxii,
1142 3379 1237 3440 multo

57 3489 163 3554 facilius
183 3511 271 3570 quam
292 3493 342 3556 alii
363 3493 433 3558 duci
455 3493 590 3572 poisunt,
612 3511 646 3558 ut
667 3497 786 3557 tandem
804 3513 841 3556 ex
860 3497 951 3558 dudiu
967 3489 1106 3555 Rationis
1118 3490 1236 3566 vivant,

56 3599 106 3662 hoc
126 3603 184 3682 est,
203 3621 240 3666 ιιι
259 3605 343 3668 liberi
364 3605 438 3684 iint,
460 3621 491 3667 ιι
513 3608 666 3668 beatorum
687 3605 750 3669 vita
772 3607 914 3668 fruantur.

426 3743 757 3808 PROPOSITIO
797 3746 865 3808 LV.

93 3841 229 3903 Maxima
247 3841 390 3922 Superbia
408 3843 458 3902 vei
476 3841 604 3918 Abjeiiio
624 3841 663 3920 est
681 3845 812 3902 maxima
825 3843 879 3919 sai
896 3843 1074 3916 ignorantia.

88 4017 97 4041 ⁸
132 4013 265 4065 Fortenses
282 4027 329 4080 quo
346 4013 389 4066 uei
405 4013 526 4078 quodque.

88 4095 113 4124 ‘⁶
129 4094 178 4147 Ed.
194 4097 249 4147 Pne
263 4097 379 4163 paffenti
398 4104 533 4144 cerren-
545 4093 612 4146 Edd.
628 4093 783 4145 recctrtiores
800 4103 825 4144 ιι
843 4090 945 4144 Saiffert
959 4099 1073 4158 possent.
1090 4089 1190 4139 Terret.
1203 4113 1237 4126 -·

62 4173 123 4226 Vers.
138 4177 222 4244 Belga
239 4179 329 4243 quibas
345 4177 538 4229 vinealis....i
567 4203 585 4215 —
602 4173 682 4227 Rcste
699 4173 812 4225 Schmidt
830 4174 872 4239 (et
888 4173 1044 4238 Acerbach)=
1063 4173 1111 4225 uria
1129 4172 1236 4220 kdttnten

58 4253 94 4316 ste
113 4259 180 4310 dana
197 4262 276 4311 darei
293 4260 476 4312 danda....i
492 4258 536 4310 Est
552 4256 620 4310 enirn
638 4275 684 4326 qao
702 4257 771 4310 casus
788 4257 914 4310 ablativus
931 4255 1090 4321 pronomInia
1107 4255 1184 4320 quid,·
1203 4251 1238 4302 ci.

62 4338 108 4390 aiio
123 4341 170 4394 abi
187 4357 270 4396 neum.
288 4341 359 4408 supra
376 4358 433 4411 pag.
449 4357 484 4407 ιο
500 4356 540 4394 va.
557 4358 590 4406 3,
606 4355 641 4405 ιι
657 4355 697 4395 ιι.
713 4358 748 4408 9,
764 4357 795 4406 4³
816 4355 855 4393 vs.
872 4355 922 4408 ap,
939 4351 988 4392 etc.
