2934 4900
514 337 573 398 De
613 336 772 400 Mente.
1188 353 1244 416 ¹09

48 513 166 574 summo
185 514 279 593 modu
298 512 446 576 confusas.
472 513 520 574 Ex
537 512 676 576 similibus
693 513 800 576 deinde
818 512 910 575 cauds
928 527 1001 575 ortae
1020 513 1086 575 sunt
1103 512 1244 575 notiones

48 625 123 702 illae,
145 645 223 703 quas
247 628 439 705 Unoersoln
460 641 588 702 vocant,
611 643 645 688 ut
665 627 783 703 Homo,
805 627 926 704 Equus,
946 626 1052 703 Canis,
1073 641 1130 688 etc.
1152 625 1244 688 Vide·

48 738 139 814 licet,
161 737 233 815 quia
252 739 283 800 in
304 739 437 816 Corpore
457 741 585 802 humano
606 755 655 801 tot
676 737 816 818 imagines
834 756 871 800 ex
889 757 931 818 gr.
948 737 1099 800 hominum
1117 741 1244 799 forman-

49 870 99 913 tur
127 853 229 928 limul‚
256 869 292 914 ut
318 853 379 917 vim
405 851 597 932 imaginandi,
625 869 687 914 non
715 852 833 930 quidem
854 851 991 930 penitus,
1019 851 1069 914 sed
1096 870 1133 913 eo
1153 852 1245 930 usque

50 983 153 1025 tamen
176 963 330 1041 superent,
359 981 393 1026 ut
412 965 586 1044 lingulorum
608 982 713 1041 parvas
734 963 913 1026 differentias
934 963 1089 1044 (videlicet
1108 964 1245 1026 uniuscu-

46 1074 158 1153 jusque
176 1078 323 1155 colorem,
341 1077 586 1156 magnitudinem,
604 1077 676 1156 etc.)
689 1094 850 1154 eorumque
864 1077 1087 1140 determinatum
1097 1094 1246 1139 numerum

51 1191 143 1252 llfens
173 1189 324 1270 imaginati
354 1205 498 1268 nequeat,
529 1205 559 1250 et
587 1189 618 1251 id
644 1205 777 1266 tantum,
806 1189 836 1250 in
865 1208 926 1267 quo
955 1207 1073 1266 omnes,
1100 1205 1246 1267 quatenus

51 1301 173 1378 Corpus
194 1305 232 1364 ab
252 1301 353 1366 iisdem
374 1301 514 1377 afficitur,
536 1301 736 1379 conveniunt,
758 1301 890 1363 distinde
909 1301 1100 1381 imaginetur;
1120 1319 1186 1362 nam
1208 1301 1244 1362 ab

52 1433 89 1476 eo
112 1414 252 1492 Corpus,
279 1416 402 1476 maxime
430 1415 540 1476 scilicet
567 1417 603 1476 ab
628 1433 813 1492 unoquoque
840 1413 989 1495 singulari,
1016 1413 1245 1490 affedumfui13

53 1543 145 1605 atque
173 1527 235 1589 hoc
264 1527 382 1590 nomine
403 1527 525 1588 dominis
546 1527 698 1604 exprimit,
717 1527 836 1604 hocque
857 1529 894 1589 de
914 1526 1036 1588 infinitis
1057 1525 1246 1606 singularibus

55 1639 210 1716 praedicat.
246 1642 322 1702 Nam
358 1640 541 1720 singularium
578 1639 801 1702 determinatum
838 1658 1003 1717 numerum,
1038 1655 1073 1701 ut
1104 1639 1247 1715 diximus,

53 1751 209 1832 imaginari
227 1751 340 1829 nequit.
360 1753 418 1814 Sed
436 1753 613 1827 notandum,
633 1750 685 1812 has
703 1751 844 1813 notiones
860 1769 922 1813 non
939 1754 976 1813 ab
994 1751 1131 1814 omnibus
1142 1753 1246 1814 eodem

53 1867 145 1926 modo
167 1864 306 1940 formari,
325 1865 376 1926 sed
393 1867 471 1942 apud
489 1881 724 1941 unumquemque
744 1863 855 1928 variare
872 1882 927 1942 pro
945 1864 1060 1926 ratione
1076 1864 1136 1941 rei,
1153 1883 1170 1924 a
1188 1882 1246 1941 qua

53 1975 174 2052 Corpus
197 1976 333 2040 affefium
358 1975 462 2054 sapius
490 1976 564 2052 fuit,
591 1994 736 2054 quamque
758 1976 874 2038 facilius
894 1979 983 2039 Mens
1004 1977 1177 2057 imaginatur
1197 1979 1247 2041 vel

53 2091 238 2152 recordatur.
276 2089 332 2150 Ex.
361 2106 402 2168 gr.
431 2088 482 2166 qui
510 2088 615 2166 saepius
644 2107 709 2150 cum
730 2089 922 2150 admiratione
941 2089 1092 2150 hominum
1111 2089 1246 2151 staturam
1296 2128 1301 2135 -

53 2199 251 2276 contemplati
267 2199 351 2277 sunt,
368 2200 421 2262 sub
439 2201 555 2262 nomine
573 2200 695 2262 hominis
712 2201 877 2281 intelligent
887 2201 992 2263 animal
1002 2204 1104 2264 ereflae
1115 2202 1245 2278 statutae3

55 2312 104 2388 qui
133 2331 211 2377 vero
241 2312 320 2374 aliud
347 2311 448 2375 all‘ueti
470 2313 536 2376 sunt
559 2315 767 2390 contemplari,
788 2315 871 2375 aliam
892 2314 1042 2376 hominum
1064 2333 1246 2376 communem

56 2423 212 2504 imaginem
241 2425 426 2501 formabunt,
455 2445 574 2503 nempe,
602 2426 748 2489 hominem
777 2425 832 2489 eise
861 2427 965 2489 animal
991 2427 1113 2506 tifibile;
1142 2426 1247 2489 animal

55 2536 138 2613 bipes
160 2536 223 2599 fine
245 2538 366 2615 plumis;
387 2537 492 2599 animal
509 2539 666 2616 rationale;
686 2555 715 2602 et
733 2538 772 2600 fic
783 2543 820 2602 de
834 2540 954 2618 reliquis
972 2540 1170 2617 unusquisque
1188 2558 1244 2616 pto

55 2648 249 2725 difpofitione
278 2650 321 2712 fui
350 2651 483 2730 corporis
503 2671 595 2714 rerum
617 2652 795 2715 universales
815 2652 956 2731 imagines
977 2652 1124 2715 formabit.
1148 2653 1245 2735 Quare

55 2779 116 2821 non
144 2760 250 2823 mirum
278 2762 335 2837 est,
363 2764 445 2839 quod
467 2763 543 2825 inter
562 2763 774 2840 Philosophos,
796 2765 848 2841 qui
868 2784 914 2826 res
935 2766 1080 2827 naturales
1101 2783 1152 2842 per
1172 2765 1248 2826 solas

51 2880 150 2935 lerum
169 2872 311 2953 imagines
332 2873 477 2951 explicare
497 2877 673 2952 voluerunt,
693 2890 742 2937 tot
762 2875 819 2937 lint
839 2892 912 2938 ortae
933 2876 1149 2941 controversae.

716 3021 743 3063 m
805 3049 812 3064 .

95 3100 145 3161 Ex
175 3098 313 3161 omnibus
341 3099 426 3175 supra
455 3021 544 3162 mciii
556 3021 644 3161 Piliirle
656 3004 809 3177 1atpjrpareltl,
836 3118 892 3162 nos
920 3102 1010 3162 multa
1031 3100 1196 3178 percipere,
1216 3116 1248 3162 et

56 3212 202 3273 notiones
230 3210 406 3274 universales
434 3212 557 3273 formate
592 3211 628 3273 1⁰.
658 3230 695 3273 cx
723 3211 932 3291 singularibus,
959 3213 1046 3275 nobis
1074 3214 1247 3289 persensus

56 3326 211 3401 mutilate,
238 3323 377 3399 confuse,
405 3338 436 3385 et
462 3322 522 3385 stne
543 3324 646 3386 ordine
667 3326 704 3385 ad
725 3323 903 3385 intelletium
924 3324 1137 3399 repraesentatis
1158 3324 1249 3403 (Vide

58 3437 166 3497 Coroll.
193 3438 283 3515 Prop.
311 3453 358 3513 29.
386 3434 505 3515 hiduo:
527 3451 557 3495 et
578 3434 647 3497 ideo
670 3436 744 3495 tales
763 3434 970 3512 perceptiones
990 3436 1189 3515 cognitionem
1210 3438 1247 3497 ab

57 3545 240 3624 experientia
272 3566 346 3626 vaga
378 3565 486 3610 vocare
518 3546 669 3609 consuevi.
705 3547 757 3607 11⁰.
790 3565 827 3607 ex
855 3547 958 3626 lignis,
986 3566 1034 3609 ex.
1060 3566 1100 3627 gr.
1128 3567 1166 3609 ex
1193 3566 1247 3623 eo,

58 3664 143 3738 quod
163 3660 273 3722 auditis
293 3675 344 3722 aut
364 3660 446 3721 ledis
467 3658 638 3736 quibusdam
659 3660 759 3724 verbis
775 3676 869 3721 rerum
887 3662 1084 3736 recordemur,
1100 3675 1131 3722 et
1150 3678 1247 3721 earum

58 3774 199 3851 quasdam
226 3773 307 3835 ideas
334 3774 493 3835 formemus
520 3771 623 3833 ssmiles
644 3772 697 3848 iis,
718 3789 770 3849 per
790 3790 863 3848 quas
883 3790 929 3833 res
948 3772 1137 3851 imaginamur
1157 3773 1247 3851 (Vide

58 3884 151 3946 Sclaol.
179 3886 270 3965 Prop.
300 3887 346 3946 au.
374 3882 486 3965 hujus).
528 3886 696 3961 Utrumque
724 3884 803 3946 hunc
823 3902 870 3945 res
889 3884 1108 3960 contemplandi
1128 3887 1247 3945 modum

58 4000 245 4074 cognitionem
260 4001 355 4077 prima·
370 4000 503 4073 generis,
525 3995 718 4072 opinionem,
733 3996 783 4058 vel
799 3997 1037 4071 Imaginan'onem
1054 3996 1085 4058 in
1102 3996 1247 4074 posterum

60 4112 190 4173 vocabo.
220 4108 286 4171 111⁰.
313 4108 440 4187 denique
467 4127 505 4170 ex
532 4126 587 4183 eo,
615 4110 696 4186 quod
724 4106 865 4169 notiones
890 4126 1076 4185 communes,
1095 4127 1247 4186 rerumque

61 4221 277 4299 proprietatum
297 4219 379 4283 ideas
399 4223 568 4299 adaquatos
587 4221 727 4281 habemus
749 4219 840 4298 (Vide
861 4221 964 4284 Coroll.
981 4225 1071 4302 Prop.
1089 4223 1137 4299 38.
1154 4234 1182 4281 er
1199 4239 1247 4299 39.

61 4354 121 4395 cona
141 4336 205 4414 eJ'us
228 4334 330 4395 Coroll.
350 4348 378 4394 et
399 4336 489 4414 Prop.
510 4353 559 4415 40.
577 4333 699 4413 faustos),·
716 4346 805 4409 atque
821 4333 900 4395 hunc
917 4336 1069 4395 Rationem
1085 4348 1116 4395 et
1127 4334 1249 4411 sectandi
