2934 4900
225 320 284 405 238
336 300 338 304 Ι
641 326 822 392 Ethicct
849 328 917 393 Pars
937 328 991 391 lv.

223 521 276 567 cur
294 504 385 570 homo
406 504 525 583 existat,
544 521 628 584 patet
649 526 687 569 ert
707 526 736 587 4
757 504 963 584 Propulitionc
982 504 1072 584 hujus
1092 506 1195 569 Partim
1216 506 1329 584 Atque
1350 504 1409 577 hoc,

224 631 254 677 et
282 615 338 677 alia
362 635 431 695 quae
455 616 515 694 jam
540 618 816 697 demonstravimus,
837 618 977 684 videntur
997 638 1013 681 a
1033 619 1119 681 Mose
1140 618 1300 699 significari
1322 616 1352 679 in
1374 616 1412 675 illt

222 729 306 808 primi
327 732 454 793 hominis
473 732 603 795 historia.
623 734 656 796 lu
677 752 712 795 ea
733 734 810 796 enim
831 736 910 797 nulla
931 734 986 796 alia
1003 734 1060 795 Dei
1078 731 1214 811 potentia
1233 729 1433 823 concipitur„

222 862 308 921 quam
339 844 405 922 illa,
435 864 493 923 qua
522 846 670 909 hominem
700 847 830 925 creavit,
860 847 920 909 hoc
952 846 993 907 est
1023 844 1175 923 potentia,
1203 862 1263 922 qua
1285 841 1414 905 hominis

221 956 404 1020 solummodo
419 932 558 1021 ¹utilitati
588 958 753 1035 consuluit3
783 975 872 1037 atque
904 974 1026 1021 eatenus
1055 972 1202 1033 narratur,
1223 958 1315 1034 quod
1335 956 1414 1016 Deus

219 1069 332 1132 homini
360 1070 453 1133 libero
483 1070 683 1149 prohibuerit,
712 1090 750 1133 ne
781 1074 817 1135 de
848 1073 951 1134 arbore
982 1067 1162 1151 cognitionis
1194 1068 1269 1131 boni
1293 1082 1329 1131 et
1350 1058 1433 1127 mati?

221 1184 404 1259 comederet,
429 1197 461 1243 et
488 1183 588 1261 quod,
615 1182 730 1245 fimultc
759 1184 795 1244 de
824 1201 858 1245 ea
880 1183 1065 1259 comederet,
1085 1180 1180 1243 statim
1201 1196 1335 1243 mortem
1357 1196 1413 1237 me·

220 1307 316 1355 rueret
337 1292 440 1369 potius
460 1312 547 1371 quam
566 1294 668 1359 vivere
687 1310 820 1371 cuperet.
840 1293 956 1356 Deinde
963 1294 1067 1371 ,quod
1087 1292 1209 1357 inventa
1230 1294 1266 1353 ab
1292 1289 1412 1353 homine

220 1423 328 1483 uxore,
348 1425 414 1483 quae
435 1424 501 1469 cum
522 1405 572 1468 sut
592 1421 695 1469 natura
715 1406 832 1483 prorsus
853 1404 1068 1482 conveniebat,
1086 1404 1231 1485 cognovit
1243 1401 1322 1466 nihil
1334 1398 1411 1479 polle

219 1517 374 1582 inNtturt
394 1519 474 1595 duri,
494 1522 577 1597 quod
594 1519 647 1597 ipli
660 1517 759 1595 'podet
778 1518 826 1581 illd
845 1516 900 1580 elie
921 1517 1041 1595 utiliut3
1062 1518 1112 1580 sed
1132 1520 1231 1595 quod,
1253 1516 1411 1593 postquam

219 1632 305 1693 bruta
324 1629 377 1691 fibi
397 1630 496 1693 limilir
516 1630 572 1692 ell'e
593 1630 737 1707 credidit,
759 1630 852 1692 statim
873 1648 974 1693 eorum
996 1630 1120 1692 effecius
1137 1628 1242 1690 imitari
1262 1626 1411 1704 inceperit

219 1742 301 1821 (vide
320 1743 409 1823 Prop.
427 1758 476 1819 27.
492 1756 524 1823 p.
536 1742 597 1821 3.),
616 1759 647 1804 et
667 1742 831 1805 libertatem
853 1742 932 1807 suam
953 1741 1102 1819 amittere3
1123 1761 1210 1820 quam
1230 1739 1408 1803 Patriarchae

217 1854 318 1931 postet
337 1871 597 1931 recuperaverunt,
618 1854 698 1917 ducti
716 1854 830 1933 Spiritu
850 1854 971 1931 Christi,
992 1856 1051 1917 hoc
1072 1855 1113 1916 est
1132 1853 1189 1916 Dei
1210 1853 1293 1930 idel,
1312 1873 1330 1914 a
1350 1870 1406 1928 qua

219 1965 279 2026 sola
299 1968 426 2042 pendet,
446 1983 481 2028 ut
501 1967 591 2029 horno
611 1966 685 2028 liber
703 1964 755 2043 stt,
777 1982 806 2029 et
828 1983 862 2029 ut
888 1969 1016 2042 bonum,
1037 1968 1119 2045 quod
1139 1965 1191 2027 stbi
1213 1964 1317 2043 cupit,
1338 1964 1401 2025 reli-

217 2077 284 2154 quis
304 2077 472 2141 hominibus
493 2078 608 2156 cupiat,
618 2096 653 2143 ut
674 2080 942 2162 supra(perProp.
954 2096 1002 2158 37.
1014 2079 1114 2159 lusus)
1127 2078 1400 2143 demonstravimus.

576 2256 906 2321 PROPOSITIO
940 2258 1047 2321 thx.

256 2386 388 2445 Hominis
408 2385 496 2446 liberi
515 2389 616 2446 virttis
636 2404 714 2465 aque
733 2404 840 2464 magna
867 2390 997 2449 cernitur
1017 2390 1048 2449 in
1069 2388 1246 2449 declinandis
1268 2404 1356 2466 quarn
1374 2387 1404 2443 in

210 2497 391 2576 superandis
407 2497 555 2576 periculis.

611 2655 1013 2703 ntuoustnnrtm

257 2763 390 2826 Affedtut
411 2765 538 2828 codtceri
559 2785 613 2828 nec
632 2767 698 2829 tolli
719 2767 833 2845 potest,
854 2767 906 2831 nist
925 2767 1031 2830 affestu
1050 2767 1212 2843 contrario,
1230 2783 1261 2830 et
1280 2767 1399 2830 fortiore

215 2874 322 2937 affedlu
342 2880 506 2939 coercendo
528 2878 600 2958 (per
619 2880 709 2960 Prop.
722 2879 777 2956 7.*
799 2878 910 2960 hujus).
932 2881 974 2941 At
994 2898 1075 2940 coecu
1096 2878 1229 2941 Audacia
1250 2894 1280 2940 et
1301 2880 1400 2940 Metus

216 2985 336 3049 affedut
363 2987 448 3065 sunt,
477 2989 528 3066 qui
557 3008 642 3067 aeque
668 2989 766 3070 magni
794 2990 914 3068 poll'urtt
934 2991 1054 3068 concipi
1075 2990 1146 3071 (per
1166 2993 1255 3071 Prop.
1276 3002 1306 3066 5.
1327 3005 1355 3052 te
1374 3005 1398 3064 3.

216 3095 334 3178 dufno:
354 3099 434 3180 Ergo
455 3119 539 3178 aeque
559 3121 661 3181 magna
683 3102 771 3165 animi
792 3101 904 3179 virtus,
932 3101 982 3164 seu
1002 3103 1149 3166 fortitudo
1171 3101 1272 3181 (tusus
1290 3101 1399 3183 Defini-

216 3212 318 3269 tionem
337 3213 404 3271 vide
423 3213 456 3271 in
475 3211 566 3273 Schol.
588 3214 677 3294 Prop.
699 3223 748 3291 59.
765 3227 799 3294 p.
812 3213 873 3292 3.),
893 3213 1051 3291 requiritur
1071 3217 1108 3277 ad
1128 3213 1398 3291 nomenmqmm

217 3324 253 3383 ad
273 3323 389 3384 Metum
411 3326 620 3400 coercendum
639 3325 698 3387 hoc
721 3326 764 3387 est
784 3326 856 3406 (per
876 3327 971 3407 Defin.
982 3345 1031 3408 40.
1048 3341 1077 3388 et
1094 3343 1142 3408 41.
1154 3323 1291 3408 Am),
1311 3327 1397 3389 homo

214 3432 288 3495 liber
317 3437 419 3497 eidem
448 3435 535 3498 animi
568 3436 679 3500 virtute
714 3437 843 3516 pericula
873 3439 1016 3516 declinat,
1048 3459 1105 3517 qua
1136 3442 1237 3503 eadem
1269 3421 1398 3518 superare

216 3561 323 3610 tentat.
364 3550 399 3627 Q.
420 3551 458 3612 E.
478 3550 519 3612 D.

625 3712 989 3759 couottnuluu.

255 3817 377 3880 Homini
408 3819 496 3900 igitur
525 3821 617 3884 libero
649 3842 732 3901 teque
764 3841 873 3903 magnae
904 3821 1091 3885 Animosrtati
1111 3825 1180 3903 fuga
1201 3823 1231 3884 in
1252 3839 1397 3903 tempore,

217 3946 250 3986 ac
281 3947 379 4007 pugna
410 3929 543 3992 ducitur:
574 3930 633 3995 live
663 3933 753 3996 homo
784 3933 858 3996 liber
884 3936 983 3996 eadem
1011 3933 1222 4010 Animolltate,
1241 3934 1292 3997 seu
1313 3933 1395 3997 annui

217 4038 385 4116 presentia,
407 4059 466 4118 qut
486 4057 648 4121 certamen,
669 4045 767 4125 fugam
788 4045 879 4126 eligit.

252 4327 266 4356 ·
297 4325 427 4388 Schmidt,
443 4327 546 4378 Broder.
562 4355 597 4366 -
613 4327 662 4379 lid.
679 4331 735 4380 Pnt
749 4342 799 4398 per
815 4329 893 4396 Prop.
908 4345 934 4398 9.
952 4331 1035 4395 irrjrrt.
