2934 4900
397 340 898 423 Theologico·l>olitici
925 340 1001 418 Cap.
1020 343 1058 403 ll.
1258 362 1318 427 407

111 538 249 585 tamtum
270 520 417 599 peculiare
437 520 544 597 fuerit,
565 540 602 583 an
623 539 692 584 vere
713 518 850 581 omnibua
871 517 1043 581 nationibus
1063 536 1233 599 commune;
1255 538 1317 585 turn

116 635 240 711 etiam,
271 633 407 711 quidde
435 632 596 698 vocatione
624 635 815 695 Hebraeorum
844 631 1043 709 statuendum
1065 634 1230 714 dequibus
1252 636 1320 701 vide

120 746 237 824 Caput
256 745 391 823 sequens.

591 969 773 1034 CAPUT
814 972 866 1033 ΙΙΙ.

193 1198 240 1259 De
259 1196 447 1258 Hebraeorum
466 1200 620 1258 amatione.
647 1197 690 1258 Et
708 1216 748 1258 aa
767 1198 881 1260 Donum
901 1198 1108 1279 Propheticum
1129 1200 1264 1263 Hebraeis

589 1308 738 1387 peculiare
757 1306 866 1384 fuerit.

176 1536 255 1596 Vera
284 1532 411 1595 felicitas
438 1548 470 1594 et
496 1532 652 1595 beatitudo
680 1532 909 1612 uniuscujusque
937 1535 968 1595 in
996 1535 1057 1597 sola
1085 1534 1157 1597 boni
1184 1534 1326 1597 fruitione

136 1648 285 1724 consistit,
315 1664 376 1709 non
408 1664 479 1711 vcro
512 1644 543 1707 in
574 1664 609 1707 ea
639 1646 748 1726 gloria,
779 1649 862 1724 quod
892 1647 971 1709 solut
998 1647 1126 1725 scilicet,
1154 1664 1184 1711 et
1205 1648 1325 1727 reliquie

136 1759 278 1836 exclusit,
304 1761 386 1822 bono
414 1760 545 1835 scrutum
573 1758 625 1837 qui
653 1757 730 1820 enim
759 1759 787 1819 se
813 1774 971 1837 propterea
998 1760 1159 1823 beatiorem
1186 1760 1326 1837 aestimat,

136 1873 219 1951 quod
249 1870 301 1949 ipfi
330 1870 402 1948 soli,
432 1870 546 1931 caeteris
576 1888 639 1931 non
669 1869 739 1933 item
770 1872 846 1932 bene
877 1870 928 1949 fit,
959 1886 1012 1933 aut
1043 1874 1127 1949 quod
1147 1872 1266 1951 reliquia
1280 1874 1321 1936 'iit

135 1982 254 2045 beatior
282 1998 313 2044 et
342 1982 434 2061 magia
464 1983 651 2059 fortunatus,
680 1980 706 2044 it
738 2000 835 2045 veram
862 1982 1035 2045 felicitatem
1056 1999 1086 2045 et
1108 1986 1320 2049 beatitudinem

134 2096 270 2177 ignorat,
295 2111 327 2157 et
352 2094 471 2170 letitia,
499 2112 586 2172 quam
613 2095 683 2157 inde
712 2094 861 2173 concipit,
887 2094 940 2156 nili
968 2096 1088 2172 puen'lie
1115 2096 1167 2175 lit,
1187 2116 1225 2159 ex
1243 2100 1320 2161 nulla

135 2208 192 2271 alia
212 2227 243 2271 re
264 2207 374 2284 oritur,
394 2226 482 2285 quam
502 2226 540 2268 ex
559 2206 673 2271 invidia
694 2221 725 2269 et
746 2208 823 2269 malo
844 2206 951 2269 animo.
973 2208 1030 2269 Ex.
1051 2226 1093 2289 gr.
1114 2210 1319 2274 verahominit

135 2320 263 2383 felicitat
289 2335 321 2381 et
348 2318 504 2381 beatitudo
531 2319 562 2381 in
591 2319 653 2381 sola
681 2319 823 2398 sapientia
845 2312 875 2382 ct
897 2321 961 2384 veti
982 2320 1154 2402 cognitione
1175 2324 1321 2403 consistit,

135 2449 168 2496 at
187 2431 305 2495 minime
325 2430 356 2494 in
377 2451 432 2508 eo,
452 2433 535 2510 quod
555 2429 714 2509 sapientior
741 2430 860 2511 reliquie
882 2431 934 2511 iit,
954 2434 1002 2498 vel
1023 2436 1105 2512 quod
1125 2436 1229 2515 reliqui
1249 2455 1321 2502 vera

136 2546 310 2628 cognitione
337 2560 470 2622 careant;
498 2545 557 2606 hoc
584 2543 661 2606 enim
688 2544 752 2622 ejus
779 2543 969 2622 sapientiam,
996 2546 1053 2608 hoc
1075 2547 1116 2608 est
1135 2567 1234 2614 veram
1256 2549 1320 2628 ejus

135 2659 325 2735 felicitatem,
351 2657 423 2720 nihil
449 2655 567 2734 prorsua
594 2671 693 2736 auget.
723 2657 785 2740 Qui
804 2657 906 2735 itaque
927 2674 1049 2736 propter
1067 2659 1125 2721 boc
1146 2663 1273 2741 gaudet,
1294 2661 1320 2723 ir

137 2774 215 2836 malo
236 2771 356 2835 alterius
376 2773 501 2852 gaudet,
523 2773 658 2848 adeoque
677 2769 798 2835 invidus
819 2770 860 2833 est
880 2787 911 2833 et
931 2773 1022 2834 malus
1028 2815 1038 2847 ,
1057 2789 1110 2833 nec
1121 2789 1219 2836 veram
1229 2775 1318 2836 novit

137 2885 308 2964 sapientiam
327 2902 424 2962 neque
443 2901 521 2947 verae
542 2883 612 2948 vitae
633 2882 885 2961 tranquillitatem.
906 2883 983 2946 Cum
1000 2883 1090 2964 igitur
1105 2885 1270 2966 Scriptura,
1283 2903 1317 2950 ut

22 3053 27 3058 .
136 2998 282 3060 Hebraeos
301 2998 338 3059 ad
358 2995 556 3059 obedientiam
575 2995 648 3076 legit
667 2995 821 3074 hortetur,
841 2995 931 3074 dicit,
951 2998 1048 3058 Deum
1065 3015 1118 3059 eos
1133 3015 1193 3076 prae
1204 3000 1318 3062 carceris

137 3108 310 3172 nationibus
340 3106 395 3169 fibi
425 3105 539 3186 elegisse
569 3107 654 3187 (vide
684 3108 776 3170 Deut.
804 3125 868 3184 cap.
899 3105 1319 3189 toveffl15.),ipfispro·

139 3222 295 3300 prinquum
315 3219 389 3297 elle,
409 3219 473 3281 aliia
493 3237 554 3280 non
575 3218 646 3280 item
666 3219 772 3298 (Deut.
793 3237 857 3296 cap.
878 3240 908 3300 4.
929 3218 1003 3284 vers.
1024 3241 1061 3302 4,
1080 3222 1140 3302 7.),
1158 3221 1194 3284 iia
1204 3237 1319 3284 tantum

136 3338 217 3417 leget
239 3335 331 3415 justas
357 3331 555 3412 praescripsisse
582 3331 725 3413 (ejusdem
753 3350 818 3411 cap.
837 3330 913 3396 vers.
935 3332 998 3412 8.),
1017 3331 1085 3409 ipsu
1106 3333 1233 3412 denique
1253 3349 1318 3397 tan·

136 3464 216 3526 tum,
237 3447 350 3511 caeterit
370 3443 561 3523 posthabitis,
580 3443 738 3507 innotuisse
758 3443 842 3525 (vide
854 3443 1140 3524 ejusdemcap.vers.
1153 3447 1319 3526 pa.),etc.,

136 3563 174 3622 ad
204 3545 318 3622 eorum¹
336 3572 455 3635 captum
484 3572 600 3619 tantum
629 3556 783 3634 loquitur,
813 3556 881 3634 qui,
913 3571 947 3618 ut
978 3555 1009 3617 in
1039 3557 1187 3636 superiore
1211 3557 1319 3637 Capite

140 3671 335 3747 ostendimur,
355 3685 386 3733 et
406 3670 509 3732 Moses
528 3668 615 3731 etiam
635 3669 757 3734 teilatur
778 3669 861 3750 (vide
881 3669 972 3732 Deut.
993 3688 1057 3746 cap.
1077 3687 1107 3748 9.
1128 3670 1201 3734 vers.
1216 3673 1239 3734 6
1244 3673 1320 3751 ,7).,

0 3772 4 3803 ³'
135 3803 233 3851 veram
263 3783 476 3847 beatitudinem
507 3801 568 3845 non
599 3797 763 3859 noverant3
796 3801 861 3844 nam
882 3782 950 3844 sane
969 3781 1022 3860 ipsi
1043 3800 1103 3844 non
1124 3782 1219 3846 minue
1239 3785 1319 3847 beati

137 3895 273 3974 nudem,
300 3896 321 3958 ii
348 3897 431 3958 Deua
451 3914 553 3958 omnes
574 3913 657 3974 aeque
678 3897 715 3957 ad
736 3895 855 3957 salutem
875 3893 1054 3971 vocavisset3
1074 3912 1128 3956 nec
1148 3894 1217 3972 ipsit
1236 3897 1319 3959 Deua

135 4009 231 4072 minua
260 4009 339 4071 foret
368 4008 533 4088 propitius,
563 4007 696 4086 quamvis
727 4006 846 4084 reliquia
877 4025 961 4084 teque
992 4023 1086 4083 prope
1117 4006 1242 4084 adesset,
1263 4028 1318 4071 nec

134 4125 215 4203 leget
235 4121 330 4186 minue
347 4120 449 4198 justae,
469 4138 524 4182 nec
543 4119 597 4198 ipsi
618 4119 714 4184 minut
733 4119 897 4197 sapientes,
918 4117 969 4180 etii
991 4117 1127 4181 omnibus
1143 4120 1320 4198 prescriptae

124 4213 274 4311 'fuissent3
299 4253 354 4296 nec
381 4232 518 4296 miracula
546 4232 604 4295 Dei
632 4233 796 4310 potentiam
823 4231 920 4294 minut
947 4229 1133 4294 ostendissent
1139 4277 1149 4309 ,
1179 4232 1201 4293 ii
1232 4233 1319 4295 etiam

136 4361 260 4427 propter
279 4345 350 4409 aliae
371 4345 507 4409 nationes
528 4346 604 4409 faita
624 4343 758 4422 fuiffent3
779 4363 832 4413 nec
854 4344 981 4423 denique
1002 4343 1226 4414 Hebraeiminue
1238 4359 1320 4414 tene·
