2934 4900
454 357 510 420 De
552 357 819 420 Affectibut.
1184 372 1237 440 141

45 535 236 597 existentiam
263 535 418 597 secludunt
445 536 519 614 (per
545 537 634 615 Prop.
658 551 703 612 17.
721 549 753 615 p.
774 538 836 616 2.);
864 553 932 615 ergo
962 553 1055 596 retum
1084 535 1241 643 imagines,
1280 590 1282 595 .

47 665 115 724 quae
139 647 181 708 rei
203 663 306 708 amatae
327 645 508 709 existentiam
528 664 661 724 ponunt,
682 648 796 710 Mentis
817 664 976 726 conatum,
998 666 1060 726 quo
1082 667 1141 710 rem
1164 668 1240 710 ama-

47 775 108 818 tam
131 759 283 840 imaginari
304 775 444 838 conatur,
461 759 590 836 juvant,
611 761 669 821 hoc
691 761 731 821 est
752 760 826 841 (per
845 760 936 822 Schol.
957 762 1047 841 Prop.
1071 778 1116 822 11.
1137 760 1238 840 hujus)

47 872 172 934 Laetitia
203 873 337 934 Mentem
364 871 509 950 afficiunt3
538 889 568 934 et
595 891 661 950 quae
682 889 784 935 contra
805 874 847 935 tei
869 890 970 935 amntae
992 873 1175 934 existentiam
1195 872 1238 933 se·

48 985 196 1060 cludunt,
217 987 341 1046 eundem
362 984 474 1045 Mentis
495 1001 633 1046 conatum
655 990 809 1061 coercent,
831 987 889 1046 hoc
910 985 950 1046 est
969 985 1122 1065 (peridem
1132 981 1238 1063 Schol.)

48 1096 184 1158 Tristitia
214 1096 345 1158 Mentem
372 1095 512 1159 afficiunt.
554 1085 614 1180 Qni
635 1097 736 1175 itaque
758 1098 804 1174 id,
826 1101 908 1175 quod
927 1117 1003 1160 11111
1009 1145 1020 1176 ,
1041 1096 1146 1160 destrui
1168 1095 1237 1157 ima-

48 1209 189 1286 ginatur,
210 1209 444 1286 contristabitur,
466 1226 523 1271 etc.
567 1211 600 1286 Q.
621 1211 659 1270 E.
679 1211 720 1272 D.

434 1369 766 1432 PROPOSITIO
806 1369 871 1432 XX.

90 1487 152 1561 Qui
170 1486 218 1559 id,
239 1486 316 1562 quod
332 1485 393 1544 odio
413 1481 515 1560 habet,
535 1483 643 1561 destrui
661 1487 854 1560 imagimtur,
874 1483 1033 1544 laetabitur.

454 1645 846 1689 onnonsnnnn1o

90 1744 184 1803 Mens
216 1741 290 1820 (per
319 1741 473 1819 13.Prop.
500 1738 601 1819 hujus)
633 1757 666 1800 ea
697 1739 845 1819 imaginati
876 1753 1018 1814 conanti,
1049 1756 1114 1816 quae
1144 1755 1237 1800 terum

51 1853 254 1928 existentiam,
274 1851 382 1929 quibus
403 1852 545 1929 Corporis
566 1851 670 1930 agendi
691 1850 828 1929 potentia
848 1850 989 1913 minuitur
1008 1852 1057 1914 vel
1078 1856 1240 1926 coercetur,

52 1965 227 2040 secludunt;
255 1964 313 2025 hoc
341 1964 382 2024 est
403 1964 474 2044 (per
494 1963 584 2024 Schol.
605 1965 727 2040 ejusdem
747 1963 850 2042 Prop.)
873 1982 907 2024 en
928 1963 1076 2042 imaginari
1099 1979 1239 2039 conatur,

54 2095 122 2154 qnae
142 2094 257 2152 tenum,
278 2094 352 2152 quas
372 2075 444 2137 odio
464 2077 570 2152 habet,
599 2075 780 2138 existentiam
801 2074 972 2151 secludunt;
993 2092 1082 2152 atque
1103 2077 1178 2136 adeo
1198 2075 1240 2136 rei

54 2189 172 2266 imago,
193 2205 259 2264 quae
281 2187 462 2249 existentiam
482 2187 564 2264 ejus,
585 2189 667 2263 quod
687 2189 774 2248 Mens
795 2188 867 2250 odio
887 2188 993 2263 habet,
1013 2187 1239 2263 secludit‚hunc

54 2299 171 2360 Mentis
188 2315 328 2362 conatum
345 2296 451 2375 juvat,
470 2299 527 2360 hoc
550 2299 590 2359 est
611 2300 682 2377 (per
701 2298 792 2360 Schol.
813 2298 1085 2379 Prop.11.'hujus)
1106 2301 1238 2361 Mentem

55 2411 176 2473 Laetitin
199 2409 300 2473 afficit.
330 2411 390 2496 Qui
411 2411 511 2490 itaque
532 2411 581 2489 id,
602 2414 684 2489 quod
706 2411 777 2473 odio
798 2412 904 2490 habet,
924 2411 1030 2474 destrui
1051 2411 1239 2491 imaginatur,

55 2526 215 2587 letabitur.
258 2525 292 2602 Q.
314 2527 349 2587 E.
370 2526 410 2587 D.

434 2667 761 2728 PROPOSITIO
790 2667 870 2728 xxl.

98 2816 158 2892 Qui
188 2814 240 2887 id,
270 2815 346 2891 quod
372 2826 469 2888 amat,
500 2812 621 2872 Latinio
650 2813 709 2871 vel·
734 2811 868 2889 Tristitia
895 2808 1025 2888 offcium
1043 2814 1241 2887 imaginatur,

60 2928 184 2987 Laetitia
215 2930 301 2987 etiam
331 2928 380 2986 vel
413 2925 548 3004 Tristitia
577 2923 738 3001 officicium·
758 2938 787 2985 et
805 2938 926 3003 uterque
945 2923 993 2984 hic
1011 2921 1130 3000 affeaus
1147 2924 1242 3000 major

59 3050 112 3097 aut
138 3040 236 3097 minor
261 3040 319 3097 crit
345 3040 377 3096 in
403 3048 532 3113 amante,
555 3048 646 3115 prout
664 3049 785 3113 uterque
805 3035 898 3110 major
916 3049 970 3095 1111
988 3039 1082 3096 minor
1100 3035 1139 3114 est
1157 3040 1190 3095 in
1210 3055 1243 3095 re

57 3163 170 3209 amota.

462 3244 855 3289 nzmonsnknnlo.

101 3344 212 3401 Rerum
240 3339 380 3419 imagines
408 3338 454 3417 (ut
473 3344 507 3399 in
526 3340 616 3419 Prop.
639 3356 684 3417 ¹9·
705 3337 792 3414 hujm
811 3338 1095 3419 demonstravimus),
1114 3310 1180 3417 oue
1201 3338 1241 3399 rei

60 3468 167 3513 amatae
188 3450 369 3513 existentiam
390 3467 523 3529 ponunt,
544 3450 656 3512 Mentis
677 3465 833 3527 conatum,
853 3469 914 3528 quo
934 3450 1023 3527 ipsam
1044 3469 1102 3511 rem
1120 3466 1242 3511 amatam

61 3560 214 3641 imaginati
240 3578 380 3638 conatur,
404 3562 521 3639 juvant.
562 3564 618 3625 Sed
643 3562 762 3624 Laetitia
782 3562 963 3624 existentiam
982 3562 1023 3623 rei
1044 3563 1118 3623 Iaetae
1139 3560 1242 3639 ponit,

61 3690 92 3733 et
121 3691 160 3734 eo
188 3672 294 3751 magis,
321 3691 382 3751 quo
409 3672 536 3735 Laetitiae
564 3672 685 3736 affeiius
710 3673 802 3751 major
822 3674 879 3734 est:
901 3673 941 3735 est
962 3673 1038 3734 enim
1058 3674 1132 3754 (per
1151 3672 1242 3735 Schol.

62 3787 153 3863 Prop.
188 3802 233 3844 11.
264 3782 364 3865 nujus)
396 3782 526 3846 transitio
558 3787 594 3847 ad
623 3784 759 3862 majorem
789 3785 1012 3862 perfeiiionem:
1044 3804 1114 3865 engo
1145 3787 1241 3865 imago

63 3896 191 3957 Laetitiae
218 3896 258 3957 rei
287 3911 388 3958 amatae
409 3896 439 3957 in
460 3913 573 3959 amante
601 3896 689 3975 ipsius
708 3897 821 3959 Mentis
842 3913 980 3959 conatum
997 3898 1102 3974 juvet,
1122 3897 1181 3959 hoc
1202 3898 1243 3959 est

64 4010 137 4087 (per
162 4006 253 4069 Schol.
273 4010 363 4089 Prop.
388 4026 432 4070 11.
453 4007 553 4088 hujus)
582 4025 722 4071 amantem
749 4008 867 4071 Laetitii
889 4010 995 4087 afficit,
1015 4025 1046 4071 et
1067 4029 1103 4072 eo
1125 4010 1243 4087 majori,

65 4139 126 4197 quo
157 4120 249 4197 maior
279 4118 326 4181 hic
359 4120 478 4183 affeiius
509 4120 539 4181 in
571 4137 601 4181 te
632 4135 724 4182 amata
756 4120 854 4183 fuerit.
896 4123 988 4206 Quod
1019 4137 1080 4183 erat
1111 4122 1244 4197 primum.

66 4233 180 4295 Deinde
209 4248 355 4311 quatenus
382 4250 427 4295 res
448 4232 544 4309 aliqua
565 4232 696 4295 Tristitii
716 4232 861 4310 afficitur,
881 4249 1003 4296 eatenus
1022 4232 1193 4310 destruitur,
1214 4249 1244 4293 et

65 4364 101 4406 eo
131 4344 238 4425 magii,
267 4362 328 4423 quo
357 4344 459 4423 majori
487 4345 612 4407 afficitur
637 4345 767 4408 Tristitia
789 4345 863 4426 (per
882 4348 955 4407 idem
973 4343 1065 4406 Schol.
1085 4346 1174 4424 Prop.
1198 4361 1244 4407 11.
