2934 4900
179 299 237 376 588
656 298 893 359 Tractatus

179 475 301 538 omnino
320 473 465 552 spoliant,
481 489 513 536 et
529 473 643 554 ingenti
663 475 784 536 mutam
805 475 902 550 praeda
923 473 1077 552 onusti,et
1089 473 1227 554 sanguine
1250 474 1369 552 satiati,

177 587 308 664 acceptia
335 587 503 664 obsidibus,
530 601 561 648 et
589 588 672 666 Rege
699 585 729 646 in
753 585 814 663 jam
837 586 898 646 fere
918 586 1035 649 vastato
1057 586 1110 648 suo
1130 605 1223 667 regno
1245 587 1368 665 rclido,

177 717 253 762 arma
279 703 451 777 deponunt,
477 717 539 760 non
565 699 640 775 fide,
667 698 717 760 sed
746 697 945 760 imbecillitate
970 699 1140 779 Judaeorum
1167 698 1264 761 securi
1289 701 1367 762 fasti.

176 813 252 874 Nam
279 813 382 888 paucis
410 812 476 888 post
496 811 598 888 annis,
619 811 789 891 Judaeorum
810 809 922 874 vitibus
943 809 1077 887 tesselis,
1098 830 1211 876 novum
1230 811 1368 890 proelium
1453 893 1454 896 Ἴ

175 925 273 988 mrsus
293 925 501 1002 committunt,
522 925 552 986 in
574 942 635 1001 quo
657 924 762 986 iterum
782 923 917 986 lsraelirae
938 923 1066 988 meotes
1087 927 1219 989 evadunt
1224 941 1369 1003 ,centrum

176 1053 208 1098 et
237 1037 345 1118 viginti
375 1037 464 1100 millia
493 1038 663 1118 Judaeorum
694 1036 863 1116 trucidant,
895 1037 1029 1098 mulieres
1060 1051 1091 1096 et
1122 1036 1233 1098 liberos
1266 1055 1369 1098 eorum
1453 1101 1454 1120 χ

178 1146 270 1226 usque
287 1152 325 1212 ad
341 1151 469 1212 ducenta
486 1149 575 1210 millia
593 1149 732 1226 captivos
754 1153 883 1226 ducunt,
903 1167 1093 1230 magnamque
1113 1153 1241 1227 praedam
1262 1150 1369 1212 iterum

179 1260 311 1338 rapiunt3
332 1278 422 1340 atque
441 1261 504 1339 bis,
522 1277 555 1322 et
574 1261 639 1323 aliis
659 1261 787 1338 proeliis,
805 1280 871 1339 quae
887 1261 917 1322 in
939 1261 1065 1324 historiis
1085 1262 1183 1324 obiter
1202 1277 1369 1338 narrantur,

180 1374 364 1451 consumpti,
381 1377 481 1452 pracda
500 1376 617 1437 tandem
637 1373 771 1437 hostibus
789 1375 916 1436 fuerunt.
936 1371 1052 1434 Deinde
1071 1371 1091 1433 n
1118 1372 1205 1434 etiam
1232 1389 1370 1450 tempora

179 1501 315 1564 reputare
341 1485 482 1564 velimus,
510 1487 619 1563 quibus
639 1487 773 1548 absoluta
795 1503 867 1562 pace
888 1485 946 1548 frui
967 1485 1068 1562 licuit,
1088 1503 1220 1564 magnam
1241 1485 1368 1562 reperie-

180 1617 244 1661 mus
274 1598 516 1676 discrepantiam
545 1597 624 1676 saepe
655 1599 732 1660 enim
764 1613 833 1660 ante
864 1616 947 1678 reges
978 1597 1189 1678 quadraginta,
1220 1613 1252 1659 et
1285 1597 1370 1660 semel

180 1711 278 1790 (quod
298 1711 379 1773 omni
398 1709 543 1786 opinione
563 1709 672 1790 majus)
700 1709 853 1790 octoginta
882 1726 975 1771 annos
996 1707 1054 1771 line
1074 1711 1152 1772 bello
1174 1725 1303 1772 externo
1323 1711 1370 1772 vel

179 1826 297 1888 interno
317 1823 506 1886 concorditer
524 1824 737 1903 transegerunt.
757 1823 800 1884 At
811 1823 965 1900 postquam
983 1825 1080 1902 Reges
1097 1821 1250 1899 imperium
1267 1824 1370 1900 adepti

180 1938 265 2015 sunt,
293 1936 450 2015 quianon
478 1937 618 2014 amplius,
645 1951 681 1997 ut
708 1951 810 2013 antea,
838 1954 893 2012 pro
923 1954 994 2012 pace
1016 1950 1047 1996 et
1065 1936 1217 2013 libertate,
1242 1936 1295 1999 sed
1315 1955 1370 2013 pro

181 2049 273 2130 gloria
292 2051 462 2111 certandum
483 2063 560 2124 erat,
582 2066 683 2110 omnes
704 2062 810 2125 praeter
830 2067 920 2110 unum
941 2049 1127 2111 Salomonem
1147 2047 1247 2128 (cujus
1257 2047 1371 2124 virtus,

181 2161 324 2239 sapientia
354 2161 483 2237 scilicet,
514 2160 616 2222 melius
643 2160 674 2220 in
702 2177 775 2235 pace
803 2177 891 2237 quam
919 2159 950 2222 in
977 2162 1056 2222 bello
1083 2161 1213 2222 constare
1234 2163 1371 2240 poterat)

182 2275 257 2334 bella
279 2272 384 2353 gessisse
403 2274 543 2353 legimus;
564 2271 676 2332 accedit
696 2271 803 2334 deinde
824 2271 984 2333 exitiabilis
1011 2271 1149 2350 regnandi
1169 2270 1281 2348 libido,
1303 2291 1370 2349 quae

182 2385 327 2464 plerisque
355 2385 412 2446 iter
440 2387 478 2446 ad
505 2402 625 2465 regnum
652 2386 810 2447 admodum
838 2400 989 2446 cruentum
1011 2385 1092 2445 secit.
1131 2383 1270 2463 Denique
1289 2387 1373 2465 leges

182 2502 306 2563 durante
326 2498 430 2575 populi
450 2516 542 2577 regno
563 2497 742 2575 incormptae
766 2497 943 2574 manserunt,
959 2511 990 2558 et
1007 2496 1187 2559 constantius
1204 2497 1372 2561 observante

182 2614 311 2673 suerunt.
339 2612 415 2673 Nam
436 2624 505 2671 ante
524 2610 623 2688 Reges
644 2609 801 2686 paucissimi
824 2610 942 2671 suerunt
963 2608 1132 2685 Prophetae,
1153 2608 1205 2686 qui
1225 2611 1371 2686 populum

183 2740 350 2801 monetent;
371 2724 437 2800 post
457 2723 580 2785 elesium
601 2738 698 2784 autem
719 2724 831 2802 Regem
853 2723 989 2799 permulti
1007 2720 1089 2785 simul
1099 2722 1243 2798 ·suentnt;
1264 2723 1370 2782 Hoba-

183 2836 247 2897 dias
273 2852 399 2913 namque
426 2850 544 2896 centum
565 2852 582 2894 a
603 2836 682 2895 caede
710 2833 865 2910 liberavit,
893 2833 1002 2911 eosque
1023 2832 1224 2909 abscondidit,
1244 2851 1282 2894 ne
1302 2852 1371 2895 cum

182 2946 303 3024 reliquis
330 2946 543 3009 occiderentur.
584 2948 650 3007 Nec
677 2944 812 3008 videmus
841 2947 922 3022 quod
949 2946 1080 3023 populus
1107 2944 1173 3007 ullis
1198 2944 1276 3007 fains
1295 2945 1370 3007 Pro·

182 3059 281 3136 pltetis
308 3061 452 3137 deceptus
479 3059 538 3121 suit
544 3104 554 3137 ,
582 3058 634 3120 nisi
660 3058 814 3136 postquam
834 3058 986 3136 imperium
1007 3058 1125 3139 regibus
1145 3059 1238 3135 ceffit,
1259 3057 1371 3135 quibus

182 3168 314 3247 plerique
345 3170 477 3232 assentari
507 3170 633 3233 student.
673 3171 761 3233 Adde
792 3174 875 3248 quod
906 3172 1052 3247 populus,
1083 3170 1168 3247 cujus
1199 3172 1369 3247 plenamque

183 3282 313 3359 animus,
333 3301 389 3360 pro
409 3302 440 3345 re
460 3298 546 3360 nata,
567 3300 688 3362 magnus
707 3282 757 3346 vel
777 3282 896 3344 humilis
917 3282 973 3361 eii,
995 3282 1079 3345 facile
1096 3282 1126 3343 se
1147 3281 1177 3343 in
1197 3281 1369 3343 calamitati·

182 3398 240 3457 bus
267 3396 449 3477 corrigebat,
475 3411 506 3456 et
534 3398 572 3456 ad
598 3396 694 3456 Deum
721 3398 933 3470 convertebat,
960 3394 1096 3473 legesque
1123 3393 1309 3470 restituebat,
1338 3410 1369 3455 et

182 3509 242 3570 boc
271 3512 362 3571 modo
392 3506 452 3569 sese
481 3505 569 3569 etiam
600 3506 681 3567 omni
711 3504 844 3582 periculo
881 3506 1077 3583 expediebat:
1113 3520 1216 3567 contra
1246 3506 1369 3585 Reges,

184 3639 309 3698 quorum
340 3619 427 3682 animi
459 3620 569 3695 semper
599 3636 684 3695 aeque
712 3618 782 3679 elati
803 3617 886 3693 sunt,
907 3636 961 3678 nec
982 3618 1057 3719 flesti
1079 3617 1186 3695 absque
1207 3617 1370 3696 ignominia

183 3732 320 3810 poliunt,
346 3730 535 3808 pertinaciter
561 3729 643 3795 vitiis
672 3730 854 3793 adheserunt
861 3775 871 3808 ,
897 3729 989 3808 usque
1017 3732 1055 3792 ad
1084 3729 1246 3807 supremum
1274 3730 1369 3793 Urbis

183 3843 339 3906 excidium.

224 3956 271 4016 Ex
301 3953 348 4015 his
377 3952 522 4016 clariffime
546 3954 697 4033 videmus,
726 3956 752 4017 l.
773 3973 859 4032 quam
885 3954 1080 4032 perniciosum
1112 3970 1142 4017 et
1163 3956 1313 4036 Religioni
1335 3973 1368 4019 et

184 4066 371 4144 Reipublicae
397 4066 450 4144 stt,
477 4068 622 4131 sacrontm
649 4066 784 4130 ministris
808 4067 858 4144 jus
884 4067 1006 4145 aliquod
1035 4067 1218 4144 decretandi,
1244 4070 1294 4131 vel
1312 4069 1367 4130 im-

185 4180 260 4259 perii
286 4178 407 4260 negotia
432 4180 592 4258 tristandi,
619 4183 799 4257 concedere;
828 4196 859 4241 et
879 4195 984 4242 contra
1003 4180 1103 4242 omnia
1122 4182 1213 4244 multa
1232 4180 1365 4245 consten-

186 4292 248 4360 tius
274 4291 334 4353 sese
361 4290 486 4367 habere,
510 4292 531 4357 li
558 4292 589 4358 bi
616 4292 658 4358 ita
685 4294 910 4369 contineantur,
937 4309 971 4355 ut
992 4296 1029 4357 de
1050 4295 1128 4355 nulla
1149 4312 1179 4355 re
1199 4293 1250 4355 nisi
1270 4296 1366 4373 rogati
1453 4346 1454 4349 ,
