<?xml version="1.0" encoding="UTF-8"?>
<!DOCTYPE html PUBLIC "-//W3C//DTD XHTML 1.0 Transitional//EN"
    "http://www.w3.org/TR/xhtml1/DTD/xhtml1-transitional.dtd">
<html xmlns="http://www.w3.org/1999/xhtml" xml:lang="en" lang="en">
 <head>
  <title>
</title>
<meta http-equiv="Content-Type" content="text/html;charset=utf-8" />
  <meta name='ocr-system' content='tesseract 3.04.00' />
  <meta name='ocr-capabilities' content='ocr_page ocr_carea ocr_par ocr_line ocrx_word'/>
</head>
<body>
  <div class='ocr_page' id='page_1' title='image "benedictidespin02landgoog_0593.png"; bbox 0 0 2934 4900; ppageno 0'>
   <div class='ocr_carea' id='block_1_1' title="bbox 316 329 1279 410">
    <p class='ocr_par' dir='ltr' id='par_1_1' title="bbox 316 329 1279 410">
     <span class='ocr_line' id='line_1_1' title="bbox 316 329 1279 410; baseline -0.006 -16"><span class='ocrx_word' id='word_1_1' title='bbox 316 330 807 410; x_wconf 86' lang='lat' dir='ltr'>Theologic0·Politici</span> <span class='ocrx_word' id='word_1_2' title='bbox 848 329 921 406; x_wconf 84' lang='lat' dir='ltr'>Cap.</span> <span class='ocrx_word' id='word_1_3' title='bbox 944 331 1040 390; x_wconf 83' lang='lat' dir='ltr'>XVll.</span> <span class='ocrx_word' id='word_1_4' title='bbox 1220 329 1279 406; x_wconf 83' lang='lat'>569</span> 
     </span>
    </p>
   </div>
   <div class='ocr_carea' id='block_1_2' title="bbox 86 505 1280 4184">
    <p class='ocr_par' dir='ltr' id='par_1_2' title="bbox 88 505 1280 3378">
     <span class='ocr_line' id='line_1_2' title="bbox 89 505 1278 588; baseline -0.007 -14"><span class='ocrx_word' id='word_1_5' title='bbox 89 511 190 574; x_wconf 75' lang='lat' dir='ltr'>coedi</span> <span class='ocrx_word' id='word_1_6' title='bbox 220 529 317 588; x_wconf 91' lang='lat' dir='ltr'>neque</span> <span class='ocrx_word' id='word_1_7' title='bbox 347 509 432 571; x_wconf 85' lang='lat' dir='ltr'>minis</span> <span class='ocrx_word' id='word_1_8' title='bbox 462 507 573 584; x_wconf 88' lang='lat' dir='ltr'>territi,</span> <span class='ocrx_word' id='word_1_9' title='bbox 603 508 764 584; x_wconf 85' lang='lat' dir='ltr'>celletunt,</span> <span class='ocrx_word' id='word_1_10' title='bbox 795 507 861 568; x_wconf 81' lang='lat' dir='ltr'>et*</span> <span class='ocrx_word' id='word_1_11' title='bbox 893 507 923 568; x_wconf 92' lang='lat' dir='ltr'>in</span> <span class='ocrx_word' id='word_1_12' title='bbox 943 509 1039 568; x_wconf 87' lang='lat' dir='ltr'>Deum</span> <span class='ocrx_word' id='word_1_13' title='bbox 1060 505 1278 568; x_wconf 85' lang='lat' dir='ltr'>transtulerunt.</span> 
     </span>
     <span class='ocr_line' id='line_1_3' title="bbox 88 617 1280 702; baseline -0.007 -16"><span class='ocrx_word' id='word_1_14' title='bbox 88 625 228 702; x_wconf 85' lang='lat' dir='ltr'>Deinde,</span> <span class='ocrx_word' id='word_1_15' title='bbox 249 641 283 686; x_wconf 91' lang='lat' dir='ltr'>ut</span> <span class='ocrx_word' id='word_1_16' title='bbox 303 626 419 700; x_wconf 68' lang='lat' dir='ltr'>padum</span> <span class='ocrx_word' id='word_1_17' title='bbox 439 638 533 683; x_wconf 87' lang='lat' dir='ltr'>tatum</span> <span class='ocrx_word' id='word_1_18' title='bbox 554 622 702 698; x_wconf 82' lang='lat' dir='ltr'>fixumque</span> <span class='ocrx_word' id='word_1_19' title='bbox 724 619 795 682; x_wconf 87' lang='lat' dir='ltr'>ellet</span> <span class='ocrx_word' id='word_1_20' title='bbox 816 637 845 681; x_wconf 87' lang='lat' dir='ltr'>et</span> <span class='ocrx_word' id='word_1_21' title='bbox 856 620 964 698; x_wconf 86' lang='lat' dir='ltr'>absque</span> <span class='ocrx_word' id='word_1_22' title='bbox 976 619 1085 681; x_wconf 73' lang='lat' dir='ltr'>staudis</span> <span class='ocrx_word' id='word_1_23' title='bbox 1095 617 1280 695; x_wconf 89' lang='lat' dir='ltr'>suspicione,</span> 
     </span>
     <span class='ocr_line' id='line_1_4' title="bbox 89 731 1279 814; baseline -0.007 -14"><span class='ocrx_word' id='word_1_24' title='bbox 89 738 169 800; x_wconf 77' lang='lat' dir='ltr'>nihii</span> <span class='ocrx_word' id='word_1_25' title='bbox 194 739 276 799; x_wconf 80' lang='lat' dir='ltr'>Deua</span> <span class='ocrx_word' id='word_1_26' title='bbox 296 755 362 799; x_wconf 90' lang='lat' dir='ltr'>cum</span> <span class='ocrx_word' id='word_1_27' title='bbox 383 735 451 812; x_wconf 83' lang='lat' dir='ltr'>iplia</span> <span class='ocrx_word' id='word_1_28' title='bbox 478 734 610 814; x_wconf 82' lang='lat' dir='ltr'>pepigit,</span> <span class='ocrx_word' id='word_1_29' title='bbox 630 734 682 795; x_wconf 90' lang='lat' dir='ltr'>nist</span> <span class='ocrx_word' id='word_1_30' title='bbox 704 734 856 810; x_wconf 87' lang='lat' dir='ltr'>postquam</span> <span class='ocrx_word' id='word_1_31' title='bbox 877 733 991 810; x_wconf 86' lang='lat' dir='ltr'>experti</span> <span class='ocrx_word' id='word_1_32' title='bbox 1013 731 1080 794; x_wconf 92' lang='lat' dir='ltr'>sunt</span> <span class='ocrx_word' id='word_1_33' title='bbox 1103 731 1166 808; x_wconf 85' lang='lat' dir='ltr'>ejus</span> <span class='ocrx_word' id='word_1_34' title='bbox 1189 732 1279 793; x_wconf 90' lang='lat' dir='ltr'>admi-</span> 
     </span>
     <span class='ocr_line' id='line_1_5' title="bbox 89 843 1278 927; baseline -0.008 -14"><span class='ocrx_word' id='word_1_35' title='bbox 89 853 213 914; x_wconf 88' lang='lat' dir='ltr'>randam</span> <span class='ocrx_word' id='word_1_36' title='bbox 233 848 413 927; x_wconf 91' lang='lat' dir='ltr'>potentiam,</span> <span class='ocrx_word' id='word_1_37' title='bbox 434 868 492 926; x_wconf 90' lang='lat' dir='ltr'>qua</span> <span class='ocrx_word' id='word_1_38' title='bbox 512 847 573 909; x_wconf 89' lang='lat' dir='ltr'>sola</span> <span class='ocrx_word' id='word_1_39' title='bbox 593 847 699 911; x_wconf 85' lang='lat' dir='ltr'>serrati</span> <span class='ocrx_word' id='word_1_40' title='bbox 720 848 853 922; x_wconf 76' lang='lat' dir='ltr'>merant,</span> <span class='ocrx_word' id='word_1_41' title='bbox 875 862 905 907; x_wconf 92' lang='lat' dir='ltr'>et</span> <span class='ocrx_word' id='word_1_42' title='bbox 926 865 984 923; x_wconf 89' lang='lat' dir='ltr'>qua</span> <span class='ocrx_word' id='word_1_43' title='bbox 1004 845 1063 907; x_wconf 90' lang='lat' dir='ltr'>sola</span> <span class='ocrx_word' id='word_1_44' title='bbox 1084 843 1278 920; x_wconf 88' lang='lat' dir='ltr'>inposterum</span> 
     </span>
     <span class='ocr_line' id='line_1_6' title="bbox 90 955 1280 1039; baseline -0.007 -15"><span class='ocrx_word' id='word_1_45' title='bbox 90 962 202 1026; x_wconf 83' lang='lat' dir='ltr'>servari</span> <span class='ocrx_word' id='word_1_46' title='bbox 232 975 370 1039; x_wconf 82' lang='lat' dir='ltr'>poterant</span> <span class='ocrx_word' id='word_1_47' title='bbox 401 962 485 1039; x_wconf 83' lang='lat' dir='ltr'>(vide</span> <span class='ocrx_word' id='word_1_48' title='bbox 515 961 613 1021; x_wconf 84' lang='lat' dir='ltr'>Exod.</span> <span class='ocrx_word' id='word_1_49' title='bbox 644 979 710 1036; x_wconf 89' lang='lat' dir='ltr'>cap.</span> <span class='ocrx_word' id='word_1_50' title='bbox 737 975 782 1035; x_wconf 86' lang='lat'>19.</span> <span class='ocrx_word' id='word_1_51' title='bbox 803 958 846 1021; x_wconf 87' lang='lat' dir='ltr'>vs.</span> <span class='ocrx_word' id='word_1_52' title='bbox 867 978 905 1037; x_wconf 88' lang='lat'>4,</span> <span class='ocrx_word' id='word_1_53' title='bbox 926 959 979 1037; x_wconf 83' lang='grc'><strong>5.).</strong></span> <span class='ocrx_word' id='word_1_54' title='bbox 1022 958 1097 1018; x_wconf 89' lang='lat' dir='ltr'>Nam</span> <span class='ocrx_word' id='word_1_55' title='bbox 1117 956 1175 1018; x_wconf 90' lang='lat' dir='ltr'>hoc</span> <span class='ocrx_word' id='word_1_56' title='bbox 1196 955 1280 1032; x_wconf 88' lang='lat' dir='ltr'>ipso,</span> 
     </span>
     <span class='ocr_line' id='line_1_7' title="bbox 91 1066 1279 1153; baseline -0.008 -16"><span class='ocrx_word' id='word_1_57' title='bbox 91 1077 179 1153; x_wconf 92' lang='lat' dir='ltr'>quod</span> <span class='ocrx_word' id='word_1_58' title='bbox 209 1075 238 1134; x_wconf 89' lang='lat' dir='ltr'>se</span> <span class='ocrx_word' id='word_1_59' title='bbox 269 1073 330 1135; x_wconf 91' lang='lat' dir='ltr'>sola</span> <span class='ocrx_word' id='word_1_60' title='bbox 360 1073 416 1134; x_wconf 93' lang='lat' dir='ltr'>Dei</span> <span class='ocrx_word' id='word_1_61' title='bbox 448 1072 584 1149; x_wconf 90' lang='lat' dir='ltr'>potentia</span> <span class='ocrx_word' id='word_1_62' title='bbox 614 1071 721 1134; x_wconf 82' lang='lat' dir='ltr'>servari</span> <span class='ocrx_word' id='word_1_63' title='bbox 742 1070 823 1148; x_wconf 86' lang='lat' dir='ltr'>polle</span> <span class='ocrx_word' id='word_1_64' title='bbox 845 1069 1046 1144; x_wconf 86' lang='lat' dir='ltr'>credidentnt,</span> <span class='ocrx_word' id='word_1_65' title='bbox 1067 1087 1180 1130; x_wconf 87' lang='lat' dir='ltr'>ornnem</span> <span class='ocrx_word' id='word_1_66' title='bbox 1202 1066 1279 1129; x_wconf 86' lang='lat' dir='ltr'>suant</span> 
     </span>
     <span class='ocr_line' id='line_1_8' title="bbox 91 1181 1279 1262; baseline -0.006 -15"><span class='ocrx_word' id='word_1_67' title='bbox 91 1187 256 1248; x_wconf 81' lang='lat' dir='ltr'>naturalem</span> <span class='ocrx_word' id='word_1_68' title='bbox 285 1184 449 1262; x_wconf 87' lang='lat' dir='ltr'>potentiam</span> <span class='ocrx_word' id='word_1_69' title='bbox 476 1184 506 1244; x_wconf 88' lang='lat' dir='ltr'>se</span> <span class='ocrx_word' id='word_1_70' title='bbox 528 1184 736 1260; x_wconf 86' lang='lat' dir='ltr'>conservandi,</span> <span class='ocrx_word' id='word_1_71' title='bbox 757 1201 843 1261; x_wconf 86' lang='lat' dir='ltr'>quam</span> <span class='ocrx_word' id='word_1_72' title='bbox 865 1201 901 1243; x_wconf 87' lang='lat' dir='ltr'>ex</span> <span class='ocrx_word' id='word_1_73' title='bbox 923 1182 951 1242; x_wconf 89' lang='lat' dir='ltr'>se</span> <span class='ocrx_word' id='word_1_74' title='bbox 972 1181 1076 1242; x_wconf 85' lang='lat' dir='ltr'>habere</span> <span class='ocrx_word' id='word_1_75' title='bbox 1098 1195 1184 1242; x_wconf 87' lang='lat' dir='ltr'>antea</span> <span class='ocrx_word' id='word_1_76' title='bbox 1202 1181 1279 1240; x_wconf 84' lang='lat' dir='ltr'>forte</span> 
     </span>
     <span class='ocr_line' id='line_1_9' title="bbox 92 1293 1278 1377; baseline -0.006 -17"><span class='ocrx_word' id='word_1_77' title='bbox 92 1313 289 1377; x_wconf 87' lang='lat' dir='ltr'>putaverant,</span> <span class='ocrx_word' id='word_1_78' title='bbox 316 1297 346 1358; x_wconf 89' lang='lat' dir='ltr'>in</span> <span class='ocrx_word' id='word_1_79' title='bbox 367 1299 462 1359; x_wconf 89' lang='lat' dir='ltr'>Deum</span> <span class='ocrx_word' id='word_1_80' title='bbox 482 1298 705 1374; x_wconf 86' lang='lat' dir='ltr'>transtulerunt,</span> <span class='ocrx_word' id='word_1_81' title='bbox 724 1312 755 1357; x_wconf 91' lang='lat' dir='ltr'>et</span> <span class='ocrx_word' id='word_1_82' title='bbox 776 1296 991 1373; x_wconf 86' lang='lat' dir='ltr'>consequenter</span> <span class='ocrx_word' id='word_1_83' title='bbox 1012 1312 1098 1355; x_wconf 91' lang='lat' dir='ltr'>omne</span> <span class='ocrx_word' id='word_1_84' title='bbox 1120 1293 1201 1354; x_wconf 88' lang='lat' dir='ltr'>suum</span> <span class='ocrx_word' id='word_1_85' title='bbox 1219 1293 1278 1369; x_wconf 84' lang='lat' dir='ltr'>jus.</span> 
     </span>
     <span class='ocr_line' id='line_1_10' title="bbox 92 1399 1278 1488; baseline -0.005 -16"><span class='ocrx_word' id='word_1_86' title='bbox 92 1409 250 1486; x_wconf 85' lang='lat' dir='ltr'>Imperium</span> <span class='ocrx_word' id='word_1_87' title='bbox 282 1426 352 1488; x_wconf 91' lang='lat' dir='ltr'>ergo</span> <span class='ocrx_word' id='word_1_88' title='bbox 374 1410 564 1470; x_wconf 87' lang='lat' dir='ltr'>Hebraeorum</span> <span class='ocrx_word' id='word_1_89' title='bbox 585 1410 668 1471; x_wconf 77' lang='lat' dir='ltr'>Deus</span> <span class='ocrx_word' id='word_1_90' title='bbox 690 1408 769 1470; x_wconf 86' lang='lat' dir='ltr'>solus</span> <span class='ocrx_word' id='word_1_91' title='bbox 790 1399 904 1483; x_wconf 84' lang='lat' dir='ltr'>tenuit,</span> <span class='ocrx_word' id='word_1_92' title='bbox 926 1409 1067 1484; x_wconf 90' lang='lat' dir='ltr'>quodque</span> <span class='ocrx_word' id='word_1_93' title='bbox 1090 1408 1164 1466; x_wconf 88' lang='lat' dir='ltr'>adeo</span> <span class='ocrx_word' id='word_1_94' title='bbox 1187 1403 1278 1466; x_wconf 87' lang='lat' dir='ltr'>solum</span> 
     </span>
     <span class='ocr_line' id='line_1_11' title="bbox 94 1517 1278 1602; baseline -0.006 -17"><span class='ocrx_word' id='word_1_95' title='bbox 94 1543 134 1585; x_wconf 84' lang='lat' dir='ltr'>ex</span> <span class='ocrx_word' id='word_1_96' title='bbox 156 1523 187 1587; x_wconf 84' lang='lat' dir='ltr'>ri</span> <span class='ocrx_word' id='word_1_97' title='bbox 212 1523 290 1598; x_wconf 71' lang='lat' dir='ltr'>padi</span> <span class='ocrx_word' id='word_1_98' title='bbox 317 1525 454 1602; x_wconf 79' lang='lat' dir='ltr'>Regnum</span> <span class='ocrx_word' id='word_1_99' title='bbox 481 1522 539 1582; x_wconf 92' lang='lat' dir='ltr'>Dei</span> <span class='ocrx_word' id='word_1_100' title='bbox 562 1521 628 1598; x_wconf 86' lang='lat' dir='ltr'>jure</span> <span class='ocrx_word' id='word_1_101' title='bbox 656 1524 836 1597; x_wconf 84' lang='lat' dir='ltr'>vocabatur,</span> <span class='ocrx_word' id='word_1_102' title='bbox 865 1535 895 1582; x_wconf 91' lang='lat' dir='ltr'>et</span> <span class='ocrx_word' id='word_1_103' title='bbox 915 1521 999 1582; x_wconf 82' lang='lat' dir='ltr'>Deus</span> <span class='ocrx_word' id='word_1_104' title='bbox 1016 1519 1081 1596; x_wconf 90' lang='lat' dir='ltr'>jure</span> <span class='ocrx_word' id='word_1_105' title='bbox 1103 1517 1190 1579; x_wconf 89' lang='lat' dir='ltr'>etiam</span> <span class='ocrx_word' id='word_1_106' title='bbox 1212 1521 1278 1580; x_wconf 88' lang='lat' dir='ltr'>Rex</span> 
     </span>
     <span class='ocr_line' id='line_1_12' title="bbox 94 1631 1279 1711; baseline -0.004 -14"><span class='ocrx_word' id='word_1_107' title='bbox 94 1638 304 1711; x_wconf 66' lang='lat' dir='ltr'>Hebraeorum</span> <span class='ocrx_word' id='word_1_108' title='bbox 336 1649 366 1696; x_wconf 92' lang='lat' dir='ltr'>et</span> <span class='ocrx_word' id='word_1_109' title='bbox 397 1633 611 1711; x_wconf 87' lang='lat' dir='ltr'>consequenter</span> <span class='ocrx_word' id='word_1_110' title='bbox 639 1633 729 1711; x_wconf 82' lang='lat' dir='ltr'>hujus</span> <span class='ocrx_word' id='word_1_111' title='bbox 761 1633 872 1710; x_wconf 92' lang='lat' dir='ltr'>imperii</span> <span class='ocrx_word' id='word_1_112' title='bbox 903 1632 1017 1708; x_wconf 86' lang='lat' dir='ltr'>hostes,</span> <span class='ocrx_word' id='word_1_113' title='bbox 1037 1631 1134 1694; x_wconf 84' lang='lat' dir='ltr'>hostes</span> <span class='ocrx_word' id='word_1_114' title='bbox 1154 1631 1228 1706; x_wconf 87' lang='lat' dir='ltr'>Dei,</span> <span class='ocrx_word' id='word_1_115' title='bbox 1247 1647 1279 1692; x_wconf 91' lang='lat' dir='ltr'>et</span> 
     </span>
     <span class='ocr_line' id='line_1_13' title="bbox 95 1744 1279 1826; baseline -0.004 -15"><span class='ocrx_word' id='word_1_116' title='bbox 95 1749 195 1825; x_wconf 86' lang='lat' dir='ltr'>cives,</span> <span class='ocrx_word' id='word_1_117' title='bbox 227 1749 278 1826; x_wconf 92' lang='lat' dir='ltr'>qui</span> <span class='ocrx_word' id='word_1_118' title='bbox 308 1748 340 1809; x_wconf 92' lang='lat' dir='ltr'>id</span> <span class='ocrx_word' id='word_1_119' title='bbox 370 1746 507 1824; x_wconf 88' lang='lat' dir='ltr'>usurpare</span> <span class='ocrx_word' id='word_1_120' title='bbox 524 1749 655 1824; x_wconf 83' lang='lat' dir='ltr'>vellent,</span> <span class='ocrx_word' id='word_1_121' title='bbox 677 1747 718 1808; x_wconf 89' lang='lat' dir='ltr'>rei</span> <span class='ocrx_word' id='word_1_122' title='bbox 740 1745 812 1808; x_wconf 85' lang='lat' dir='ltr'>laesae</span> <span class='ocrx_word' id='word_1_123' title='bbox 834 1745 944 1809; x_wconf 87' lang='lat' dir='ltr'>divinae</span> <span class='ocrx_word' id='word_1_124' title='bbox 965 1745 1144 1822; x_wconf 75' lang='lat' dir='ltr'>Maiestatis,</span> <span class='ocrx_word' id='word_1_125' title='bbox 1166 1759 1196 1806; x_wconf 91' lang='lat' dir='ltr'>et</span> <span class='ocrx_word' id='word_1_126' title='bbox 1213 1744 1279 1822; x_wconf 85' lang='lat' dir='ltr'>jura</span> 
     </span>
     <span class='ocr_line' id='line_1_14' title="bbox 95 1856 1279 1941; baseline -0.004 -18"><span class='ocrx_word' id='word_1_127' title='bbox 95 1861 223 1937; x_wconf 90' lang='lat' dir='ltr'>denique</span> <span class='ocrx_word' id='word_1_128' title='bbox 253 1861 384 1937; x_wconf 86' lang='lat' dir='ltr'>imperii.</span> <span class='ocrx_word' id='word_1_129' title='bbox 410 1860 476 1937; x_wconf 73' lang='lat' dir='ltr'>iura</span> <span class='ocrx_word' id='word_1_130' title='bbox 507 1876 537 1920; x_wconf 91' lang='lat' dir='ltr'>et</span> <span class='ocrx_word' id='word_1_131' title='bbox 569 1861 704 1921; x_wconf 87' lang='lat' dir='ltr'>mandata</span> <span class='ocrx_word' id='word_1_132' title='bbox 724 1858 791 1920; x_wconf 92' lang='lat' dir='ltr'>Dei.</span> <span class='ocrx_word' id='word_1_133' title='bbox 833 1860 932 1941; x_wconf 86' lang='lat' dir='ltr'>Quare</span> <span class='ocrx_word' id='word_1_134' title='bbox 954 1859 984 1920; x_wconf 91' lang='lat' dir='ltr'>in</span> <span class='ocrx_word' id='word_1_135' title='bbox 1005 1858 1063 1919; x_wconf 92' lang='lat' dir='ltr'>hoc</span> <span class='ocrx_word' id='word_1_136' title='bbox 1084 1856 1205 1933; x_wconf 90' lang='lat' dir='ltr'>imperio</span> <span class='ocrx_word' id='word_1_137' title='bbox 1225 1859 1279 1937; x_wconf 84' lang='lat' dir='ltr'>Jue</span> 
     </span>
     <span class='ocr_line' id='line_1_15' title="bbox 94 1969 1278 2050; baseline -0.002 -18"><span class='ocrx_word' id='word_1_138' title='bbox 94 1971 193 2034; x_wconf 86' lang='lat' dir='ltr'>Civile</span> <span class='ocrx_word' id='word_1_139' title='bbox 205 1988 236 2032; x_wconf 92' lang='lat' dir='ltr'>et</span> <span class='ocrx_word' id='word_1_140' title='bbox 245 1971 381 2050; x_wconf 87' lang='lat' dir='ltr'>Religio,</span> <span class='ocrx_word' id='word_1_141' title='bbox 403 1989 486 2048; x_wconf 87' lang='lat' dir='ltr'>quae,</span> <span class='ocrx_word' id='word_1_142' title='bbox 506 1985 540 2031; x_wconf 92' lang='lat' dir='ltr'>ut</span> <span class='ocrx_word' id='word_1_143' title='bbox 562 1970 757 2045; x_wconf 86' lang='lat' dir='ltr'>ostendimus,</span> <span class='ocrx_word' id='word_1_144' title='bbox 779 1969 808 2030; x_wconf 91' lang='lat' dir='ltr'>in</span> <span class='ocrx_word' id='word_1_145' title='bbox 831 1969 891 2031; x_wconf 89' lang='lat' dir='ltr'>sola</span> <span class='ocrx_word' id='word_1_146' title='bbox 913 1969 1081 2030; x_wconf 87' lang='lat' dir='ltr'>obedientia</span> <span class='ocrx_word' id='word_1_147' title='bbox 1102 1987 1169 2048; x_wconf 86' lang='lat' dir='ltr'>erga</span> <span class='ocrx_word' id='word_1_148' title='bbox 1182 1969 1278 2030; x_wconf 84' lang='lat' dir='ltr'>Deutn</span> 
     </span>
     <span class='ocr_line' id='line_1_16' title="bbox 94 2081 1278 2160; baseline -0.002 -16"><span class='ocrx_word' id='word_1_149' title='bbox 94 2083 241 2158; x_wconf 83' lang='lat' dir='ltr'>confiuit,</span> <span class='ocrx_word' id='word_1_150' title='bbox 271 2101 361 2144; x_wconf 91' lang='lat' dir='ltr'>unum</span> <span class='ocrx_word' id='word_1_151' title='bbox 391 2098 423 2142; x_wconf 92' lang='lat' dir='ltr'>et</span> <span class='ocrx_word' id='word_1_152' title='bbox 451 2083 529 2143; x_wconf 93' lang='lat' dir='ltr'>idem</span> <span class='ocrx_word' id='word_1_153' title='bbox 560 2098 652 2143; x_wconf 88' lang='lat' dir='ltr'>etant.</span> <span class='ocrx_word' id='word_1_154' title='bbox 682 2082 831 2143; x_wconf 84' lang='lat' dir='ltr'>Videlicet</span> <span class='ocrx_word' id='word_1_155' title='bbox 863 2081 1029 2160; x_wconf 80' lang='lat' dir='ltr'>Religionis</span> <span class='ocrx_word' id='word_1_156' title='bbox 1059 2083 1196 2159; x_wconf 80' lang='lat' dir='ltr'>dogmata</span> <span class='ocrx_word' id='word_1_157' title='bbox 1217 2100 1278 2143; x_wconf 91' lang='lat' dir='ltr'>non</span> 
     </span>
     <span class='ocr_line' id='line_1_17' title="bbox 95 2195 1278 2273; baseline 0.001 -15"><span class='ocrx_word' id='word_1_158' title='bbox 95 2199 292 2272; x_wconf 89' lang='lat' dir='ltr'>documenta,</span> <span class='ocrx_word' id='word_1_159' title='bbox 317 2196 367 2258; x_wconf 90' lang='lat' dir='ltr'>sed</span> <span class='ocrx_word' id='word_1_160' title='bbox 390 2195 457 2272; x_wconf 88' lang='lat' dir='ltr'>jura</span> <span class='ocrx_word' id='word_1_161' title='bbox 477 2210 508 2256; x_wconf 90' lang='lat' dir='ltr'>et</span> <span class='ocrx_word' id='word_1_162' title='bbox 528 2197 663 2258; x_wconf 87' lang='lat' dir='ltr'>mandata</span> <span class='ocrx_word' id='word_1_163' title='bbox 684 2211 783 2272; x_wconf 87' lang='lat' dir='ltr'>erant,</span> <span class='ocrx_word' id='word_1_164' title='bbox 804 2195 899 2273; x_wconf 85' lang='lat' dir='ltr'>pietas</span> <span class='ocrx_word' id='word_1_165' title='bbox 917 2195 1046 2273; x_wconf 84' lang='lat' dir='ltr'>justitia,</span> <span class='ocrx_word' id='word_1_166' title='bbox 1067 2196 1202 2273; x_wconf 84' lang='lat' dir='ltr'>impletas</span> <span class='ocrx_word' id='word_1_167' title='bbox 1223 2198 1278 2259; x_wconf 90' lang='lat' dir='ltr'>cri·</span> 
     </span>
     <span class='ocr_line' id='line_1_18' title="bbox 95 2307 1278 2391; baseline 0.002 -22"><span class='ocrx_word' id='word_1_168' title='bbox 95 2327 163 2369; x_wconf 91' lang='lat' dir='ltr'>men</span> <span class='ocrx_word' id='word_1_169' title='bbox 184 2323 214 2368; x_wconf 92' lang='lat' dir='ltr'>et</span> <span class='ocrx_word' id='word_1_170' title='bbox 235 2307 375 2385; x_wconf 86' lang='lat' dir='ltr'>injustitia</span> <span class='ocrx_word' id='word_1_171' title='bbox 396 2308 597 2370; x_wconf 66' lang='lat' dir='ltr'>aestimabatur.</span> <span class='ocrx_word' id='word_1_172' title='bbox 638 2309 699 2391; x_wconf 86' lang='lat' dir='ltr'>Qui</span> <span class='ocrx_word' id='word_1_173' title='bbox 720 2328 737 2370; x_wconf 88' lang='lat' dir='ltr'>a</span> <span class='ocrx_word' id='word_1_174' title='bbox 757 2309 915 2388; x_wconf 87' lang='lat' dir='ltr'>Religione</span> <span class='ocrx_word' id='word_1_175' title='bbox 936 2311 1107 2387; x_wconf 85' lang='lat' dir='ltr'>deficiebat,</span> <span class='ocrx_word' id='word_1_176' title='bbox 1127 2309 1202 2374; x_wconf 90' lang='lat' dir='ltr'>civis</span> <span class='ocrx_word' id='word_1_177' title='bbox 1222 2310 1278 2371; x_wconf 82' lang='lat' dir='ltr'>elle</span> 
     </span>
     <span class='ocr_line' id='line_1_19' title="bbox 94 2420 1277 2503; baseline 0.003 -21"><span class='ocrx_word' id='word_1_178' title='bbox 94 2420 261 2497; x_wconf 77' lang='lat' dir='ltr'>desinebat,</span> <span class='ocrx_word' id='word_1_179' title='bbox 282 2436 312 2482; x_wconf 91' lang='lat' dir='ltr'>et</span> <span class='ocrx_word' id='word_1_180' title='bbox 334 2439 371 2483; x_wconf 93' lang='lat' dir='ltr'>eo</span> <span class='ocrx_word' id='word_1_181' title='bbox 392 2420 456 2483; x_wconf 88' lang='lat' dir='ltr'>solo</span> <span class='ocrx_word' id='word_1_182' title='bbox 477 2420 568 2483; x_wconf 79' lang='lat' dir='ltr'>hostis</span> <span class='ocrx_word' id='word_1_183' title='bbox 588 2421 771 2497; x_wconf 86' lang='lat' dir='ltr'>habebatur;</span> <span class='ocrx_word' id='word_1_184' title='bbox 793 2437 823 2483; x_wconf 93' lang='lat' dir='ltr'>et</span> <span class='ocrx_word' id='word_1_185' title='bbox 845 2421 896 2499; x_wconf 90' lang='lat' dir='ltr'>qui</span> <span class='ocrx_word' id='word_1_186' title='bbox 919 2438 973 2498; x_wconf 90' lang='lat' dir='ltr'>pro</span> <span class='ocrx_word' id='word_1_187' title='bbox 994 2421 1151 2503; x_wconf 86' lang='lat' dir='ltr'>Religione</span> <span class='ocrx_word' id='word_1_188' title='bbox 1173 2422 1277 2485; x_wconf 90' lang='lat' dir='ltr'>morie-</span> 
     </span>
     <span class='ocr_line' id='line_1_20' title="bbox 93 2533 1278 2614; baseline 0.003 -21"><span class='ocrx_word' id='word_1_189' title='bbox 93 2535 198 2608; x_wconf 83' lang='lat' dir='ltr'>batur,</span> <span class='ocrx_word' id='word_1_190' title='bbox 218 2551 273 2609; x_wconf 90' lang='lat' dir='ltr'>pro</span> <span class='ocrx_word' id='word_1_191' title='bbox 294 2534 390 2595; x_wconf 90' lang='lat' dir='ltr'>Patria</span> <span class='ocrx_word' id='word_1_192' title='bbox 411 2534 484 2595; x_wconf 91' lang='lat' dir='ltr'>mori</span> <span class='ocrx_word' id='word_1_193' title='bbox 505 2534 713 2611; x_wconf 88' lang='lat' dir='ltr'>reputabatur,</span> <span class='ocrx_word' id='word_1_194' title='bbox 735 2549 765 2594; x_wconf 93' lang='lat' dir='ltr'>et</span> <span class='ocrx_word' id='word_1_195' title='bbox 786 2533 919 2596; x_wconf 85' lang='lat' dir='ltr'>absolute</span> <span class='ocrx_word' id='word_1_196' title='bbox 939 2536 993 2614; x_wconf 85' lang='lat' dir='ltr'>Jus</span> <span class='ocrx_word' id='word_1_197' title='bbox 1012 2533 1108 2596; x_wconf 90' lang='lat' dir='ltr'>Civile</span> <span class='ocrx_word' id='word_1_198' title='bbox 1119 2550 1150 2596; x_wconf 91' lang='lat' dir='ltr'>et</span> <span class='ocrx_word' id='word_1_199' title='bbox 1160 2534 1278 2613; x_wconf 87' lang='lat' dir='ltr'>Religio</span> 
     </span>
     <span class='ocr_line' id='line_1_21' title="bbox 92 2645 1278 2723; baseline 0.001 -17"><span class='ocrx_word' id='word_1_200' title='bbox 92 2647 176 2706; x_wconf 92' lang='lat' dir='ltr'>nullo</span> <span class='ocrx_word' id='word_1_201' title='bbox 195 2646 313 2722; x_wconf 87' lang='lat' dir='ltr'>prorsus</span> <span class='ocrx_word' id='word_1_202' title='bbox 341 2645 504 2707; x_wconf 86' lang='lat' dir='ltr'>discrimine</span> <span class='ocrx_word' id='word_1_203' title='bbox 525 2646 717 2707; x_wconf 84' lang='lat' dir='ltr'>habebantur.</span> <span class='ocrx_word' id='word_1_204' title='bbox 739 2646 779 2706; x_wconf 92' lang='lat' dir='ltr'>Et</span> <span class='ocrx_word' id='word_1_205' title='bbox 799 2646 854 2707; x_wconf 88' lang='lat' dir='ltr'>hac</span> <span class='ocrx_word' id='word_1_206' title='bbox 875 2648 912 2707; x_wconf 90' lang='lat' dir='ltr'>de</span> <span class='ocrx_word' id='word_1_207' title='bbox 935 2646 1020 2708; x_wconf 88' lang='lat' dir='ltr'>causa</span> <span class='ocrx_word' id='word_1_208' title='bbox 1040 2646 1099 2707; x_wconf 84' lang='lat' dir='ltr'>ltoc</span> <span class='ocrx_word' id='word_1_209' title='bbox 1128 2647 1278 2723; x_wconf 91' lang='lat' dir='ltr'>imperium</span> 
     </span>
     <span class='ocr_line' id='line_1_22' title="bbox 93 2756 1278 2835; baseline 0.001 -19"><span class='ocrx_word' id='word_1_210' title='bbox 93 2756 272 2818; x_wconf 85' lang='lat' dir='ltr'>Theocratia</span> <span class='ocrx_word' id='word_1_211' title='bbox 303 2758 404 2819; x_wconf 86' lang='lat' dir='ltr'>vocati</span> <span class='ocrx_word' id='word_1_212' title='bbox 435 2758 553 2833; x_wconf 90' lang='lat' dir='ltr'>potuit;</span> <span class='ocrx_word' id='word_1_213' title='bbox 585 2758 825 2835; x_wconf 87' lang='lat' dir='ltr'>quandoquidem</span> <span class='ocrx_word' id='word_1_214' title='bbox 855 2758 919 2834; x_wconf 87' lang='lat' dir='ltr'>ejus</span> <span class='ocrx_word' id='word_1_215' title='bbox 940 2758 1020 2820; x_wconf 87' lang='lat' dir='ltr'>cives</span> <span class='ocrx_word' id='word_1_216' title='bbox 1041 2758 1122 2819; x_wconf 93' lang='lat' dir='ltr'>nullo</span> <span class='ocrx_word' id='word_1_217' title='bbox 1140 2757 1205 2835; x_wconf 88' lang='lat' dir='ltr'>jure</span> <span class='ocrx_word' id='word_1_218' title='bbox 1227 2756 1278 2818; x_wconf 85' lang='lat' dir='ltr'>nili</span> 
     </span>
     <span class='ocr_line' id='line_1_23' title="bbox 92 2869 1278 2946; baseline -0.001 -15"><span class='ocrx_word' id='word_1_219' title='bbox 92 2890 109 2931; x_wconf 94' lang='lat' dir='ltr'>a</span> <span class='ocrx_word' id='word_1_220' title='bbox 140 2871 207 2931; x_wconf 91' lang='lat' dir='ltr'>Deo</span> <span class='ocrx_word' id='word_1_221' title='bbox 239 2872 370 2931; x_wconf 90' lang='lat' dir='ltr'>revelato</span> <span class='ocrx_word' id='word_1_222' title='bbox 401 2872 586 2931; x_wconf 86' lang='lat' dir='ltr'>tenebantur.</span> <span class='ocrx_word' id='word_1_223' title='bbox 619 2870 882 2932; x_wconf 82' lang='lat' dir='ltr'>Vemmenimvero</span> <span class='ocrx_word' id='word_1_224' title='bbox 913 2869 976 2931; x_wconf 85' lang='lat' dir='ltr'>haec</span> <span class='ocrx_word' id='word_1_225' title='bbox 1008 2871 1105 2931; x_wconf 91' lang='lat' dir='ltr'>omnia</span> <span class='ocrx_word' id='word_1_226' title='bbox 1137 2870 1278 2946; x_wconf 91' lang='lat' dir='ltr'>opinione</span> 
     </span>
     <span class='ocr_line' id='line_1_24' title="bbox 92 2980 1279 3061; baseline 0 -18"><span class='ocrx_word' id='word_1_227' title='bbox 92 2980 200 3061; x_wconf 80' lang='lat' dir='ltr'>tnagis,</span> <span class='ocrx_word' id='word_1_228' title='bbox 221 3000 308 3059; x_wconf 90' lang='lat' dir='ltr'>quam</span> <span class='ocrx_word' id='word_1_229' title='bbox 328 3000 358 3042; x_wconf 91' lang='lat' dir='ltr'>re</span> <span class='ocrx_word' id='word_1_230' title='bbox 381 2982 569 3058; x_wconf 74' lang='lat' dir='ltr'>constabant,</span> <span class='ocrx_word' id='word_1_231' title='bbox 591 3001 655 3044; x_wconf 89' lang='lat' dir='ltr'>nam</span> <span class='ocrx_word' id='word_1_232' title='bbox 677 2983 795 3043; x_wconf 85' lang='lat' dir='ltr'>Hebraei</span> <span class='ocrx_word' id='word_1_233' title='bbox 824 2998 923 3044; x_wconf 90' lang='lat' dir='ltr'>revera</span> <span class='ocrx_word' id='word_1_234' title='bbox 942 2981 991 3058; x_wconf 90' lang='lat' dir='ltr'>jus</span> <span class='ocrx_word' id='word_1_235' title='bbox 1012 2981 1125 3059; x_wconf 88' lang='lat' dir='ltr'>imperii</span> <span class='ocrx_word' id='word_1_236' title='bbox 1146 2980 1279 3043; x_wconf 87' lang='lat' dir='ltr'>absolute</span> 
     </span>
     <span class='ocr_line' id='line_1_25' title="bbox 91 3094 1279 3171; baseline -0.001 -15"><span class='ocrx_word' id='word_1_237' title='bbox 91 3095 292 3169; x_wconf 86' lang='lat' dir='ltr'>retinuerunt,</span> <span class='ocrx_word' id='word_1_238' title='bbox 329 3108 363 3155; x_wconf 92' lang='lat' dir='ltr'>ut</span> <span class='ocrx_word' id='word_1_239' title='bbox 400 3114 438 3155; x_wconf 79' lang='lat' dir='ltr'>en</span> <span class='ocrx_word' id='word_1_240' title='bbox 465 3094 525 3171; x_wconf 87' lang='lat' dir='ltr'>jam</span> <span class='ocrx_word' id='word_1_241' title='bbox 557 3094 689 3157; x_wconf 80' lang='lat' dir='ltr'>dicendis</span> <span class='ocrx_word' id='word_1_242' title='bbox 734 3094 894 3170; x_wconf 79' lang='lat' dir='ltr'>constabi13</span> <span class='ocrx_word' id='word_1_243' title='bbox 925 3113 1027 3171; x_wconf 89' lang='lat' dir='ltr'>nempe</span> <span class='ocrx_word' id='word_1_244' title='bbox 1060 3113 1097 3155; x_wconf 86' lang='lat' dir='ltr'>ex</span> <span class='ocrx_word' id='word_1_245' title='bbox 1127 3098 1216 3155; x_wconf 90' lang='lat' dir='ltr'>modo</span> <span class='ocrx_word' id='word_1_246' title='bbox 1248 3110 1279 3155; x_wconf 91' lang='lat' dir='ltr'>et</span> 
     </span>
     <span class='ocr_line' id='line_1_26' title="bbox 90 3205 1279 3283; baseline -0.001 -15"><span class='ocrx_word' id='word_1_247' title='bbox 90 3206 223 3282; x_wconf 90' lang='lat' dir='ltr'>ratione,</span> <span class='ocrx_word' id='word_1_248' title='bbox 251 3225 309 3283; x_wconf 87' lang='lat' dir='ltr'>qua</span> <span class='ocrx_word' id='word_1_249' title='bbox 332 3207 392 3267; x_wconf 89' lang='lat' dir='ltr'>hoc</span> <span class='ocrx_word' id='word_1_250' title='bbox 420 3206 570 3283; x_wconf 90' lang='lat' dir='ltr'>imperium</span> <span class='ocrx_word' id='word_1_251' title='bbox 601 3205 870 3283; x_wconf 83' lang='lat' dir='ltr'>administrabatur,</span> <span class='ocrx_word' id='word_1_252' title='bbox 898 3223 929 3267; x_wconf 91' lang='lat' dir='ltr'>et</span> <span class='ocrx_word' id='word_1_253' title='bbox 957 3225 1043 3283; x_wconf 88' lang='lat' dir='ltr'>quam</span> <span class='ocrx_word' id='word_1_254' title='bbox 1064 3206 1112 3268; x_wconf 90' lang='lat' dir='ltr'>hic</span> <span class='ocrx_word' id='word_1_255' title='bbox 1133 3207 1279 3283; x_wconf 83' lang='lat' dir='ltr'>explicare</span> 
     </span>
     <span class='ocr_line' id='line_1_27' title="bbox 92 3316 242 3378; baseline 0 -1"><span class='ocrx_word' id='word_1_256' title='bbox 92 3316 242 3378; x_wconf 87' lang='lat' dir='ltr'>constitui.</span> 
     </span>
    </p>

    <p class='ocr_par' dir='ltr' id='par_1_3' title="bbox 86 3430 1279 4184">
     <span class='ocr_line' id='line_1_28' title="bbox 131 3430 1279 3511; baseline 0 -20"><span class='ocrx_word' id='word_1_257' title='bbox 131 3430 378 3511; x_wconf 88' lang='lat' dir='ltr'>Quandoquidem</span> <span class='ocrx_word' id='word_1_258' title='bbox 411 3432 529 3491; x_wconf 87' lang='lat' dir='ltr'>Hebraei</span> <span class='ocrx_word' id='word_1_259' title='bbox 561 3430 643 3493; x_wconf 87' lang='lat' dir='ltr'>suurn</span> <span class='ocrx_word' id='word_1_260' title='bbox 670 3431 721 3509; x_wconf 79' lang='lat' dir='ltr'>jus</span> <span class='ocrx_word' id='word_1_261' title='bbox 754 3430 784 3491; x_wconf 92' lang='lat' dir='ltr'>in</span> <span class='ocrx_word' id='word_1_262' title='bbox 817 3431 926 3492; x_wconf 89' lang='lat' dir='ltr'>nullum</span> <span class='ocrx_word' id='word_1_263' title='bbox 948 3430 1034 3491; x_wconf 88' lang='lat' dir='ltr'>alium</span> <span class='ocrx_word' id='word_1_264' title='bbox 1056 3430 1279 3506; x_wconf 86' lang='lat' dir='ltr'>transtulerunt,</span> 
     </span>
     <span class='ocr_line' id='line_1_29' title="bbox 91 3542 1277 3621; baseline 0.001 -18"><span class='ocrx_word' id='word_1_265' title='bbox 91 3543 141 3603; x_wconf 90' lang='lat' dir='ltr'>sed</span> <span class='ocrx_word' id='word_1_266' title='bbox 162 3560 263 3603; x_wconf 78' lang='lat' dir='ltr'>omnes</span> <span class='ocrx_word' id='word_1_267' title='bbox 289 3561 373 3619; x_wconf 89' lang='lat' dir='ltr'>aeque</span> <span class='ocrx_word' id='word_1_268' title='bbox 400 3557 436 3603; x_wconf 92' lang='lat' dir='ltr'>ut</span> <span class='ocrx_word' id='word_1_269' title='bbox 463 3543 493 3603; x_wconf 93' lang='lat' dir='ltr'>in</span> <span class='ocrx_word' id='word_1_270' title='bbox 523 3543 709 3604; x_wconf 90' lang='lat' dir='ltr'>Democratia</span> <span class='ocrx_word' id='word_1_271' title='bbox 741 3543 793 3605; x_wconf 92' lang='lat' dir='ltr'>suo</span> <span class='ocrx_word' id='word_1_272' title='bbox 812 3542 877 3620; x_wconf 84' lang='lat' dir='ltr'>jure</span> <span class='ocrx_word' id='word_1_273' title='bbox 906 3543 1064 3619; x_wconf 87' lang='lat' dir='ltr'>cellerunt,</span> <span class='ocrx_word' id='word_1_274' title='bbox 1085 3562 1205 3621; x_wconf 88' lang='lat' dir='ltr'>unoque</span> <span class='ocrx_word' id='word_1_275' title='bbox 1227 3562 1277 3604; x_wconf 90' lang='lat' dir='ltr'>ore</span> 
     </span>
     <span class='ocr_line' id='line_1_30' title="bbox 90 3654 1277 3735; baseline -0.001 -19"><span class='ocrx_word' id='word_1_276' title='bbox 90 3656 306 3729; x_wconf 86' lang='lat' dir='ltr'>clamaverunt,</span> <span class='ocrx_word' id='word_1_277' title='bbox 327 3656 466 3732; x_wconf 78' lang='lat' dir='ltr'>quicquid</span> <span class='ocrx_word' id='word_1_278' title='bbox 482 3656 563 3716; x_wconf 85' lang='lat' dir='ltr'>Deus</span> <span class='ocrx_word' id='word_1_279' title='bbox 583 3656 715 3733; x_wconf 83' lang='lat' dir='ltr'>loquetur</span> <span class='ocrx_word' id='word_1_280' title='bbox 733 3654 829 3735; x_wconf 90' lang='lat' dir='ltr'>(nullo</span> <span class='ocrx_word' id='word_1_281' title='bbox 849 3654 981 3731; x_wconf 86' lang='lat' dir='ltr'>exprello</span> <span class='ocrx_word' id='word_1_282' title='bbox 993 3654 1167 3734; x_wconf 89' lang='lat' dir='ltr'>mediatore)</span> <span class='ocrx_word' id='word_1_283' title='bbox 1181 3654 1277 3732; x_wconf 80' lang='lat' dir='ltr'>facie·</span> 
     </span>
     <span class='ocr_line' id='line_1_31' title="bbox 89 3765 1277 3846; baseline 0 -19"><span class='ocrx_word' id='word_1_284' title='bbox 89 3786 168 3841; x_wconf 83' lang='lat' dir='ltr'>mus,</span> <span class='ocrx_word' id='word_1_285' title='bbox 194 3766 263 3827; x_wconf 90' lang='lat' dir='ltr'>hinc</span> <span class='ocrx_word' id='word_1_286' title='bbox 291 3765 439 3843; x_wconf 90' lang='lat' dir='ltr'>sequitur,</span> <span class='ocrx_word' id='word_1_287' title='bbox 468 3785 569 3827; x_wconf 84' lang='lat' dir='ltr'>omnes</span> <span class='ocrx_word' id='word_1_288' title='bbox 600 3770 637 3827; x_wconf 92' lang='lat' dir='ltr'>ab</span> <span class='ocrx_word' id='word_1_289' title='bbox 658 3768 716 3829; x_wconf 90' lang='lat' dir='ltr'>hoc</span> <span class='ocrx_word' id='word_1_290' title='bbox 740 3770 826 3845; x_wconf 74' lang='lat' dir='ltr'>padto</span> <span class='ocrx_word' id='word_1_291' title='bbox 849 3769 976 3846; x_wconf 75' lang='lat' dir='ltr'>aequales</span> <span class='ocrx_word' id='word_1_292' title='bbox 996 3766 1112 3844; x_wconf 88' lang='lat' dir='ltr'>prorsus</span> <span class='ocrx_word' id='word_1_293' title='bbox 1133 3766 1277 3843; x_wconf 84' lang='lat' dir='ltr'>manlille,</span> 
     </span>
     <span class='ocr_line' id='line_1_32' title="bbox 86 3878 1276 3959; baseline 0.003 -19"><span class='ocrx_word' id='word_1_294' title='bbox 86 3878 194 3957; x_wconf 84' lang='lat' dir='ltr'>jusque</span> <span class='ocrx_word' id='word_1_295' title='bbox 214 3880 309 3940; x_wconf 88' lang='lat' dir='ltr'>Deum</span> <span class='ocrx_word' id='word_1_296' title='bbox 331 3878 520 3952; x_wconf 88' lang='lat' dir='ltr'>consulendi,</span> <span class='ocrx_word' id='word_1_297' title='bbox 539 3880 676 3959; x_wconf 88' lang='lat' dir='ltr'>legesque</span> <span class='ocrx_word' id='word_1_298' title='bbox 696 3882 860 3958; x_wconf 88' lang='lat' dir='ltr'>accipiendi</span> <span class='ocrx_word' id='word_1_299' title='bbox 882 3898 911 3942; x_wconf 89' lang='lat' dir='ltr'>et</span> <span class='ocrx_word' id='word_1_300' title='bbox 934 3882 1163 3958; x_wconf 87' lang='lat' dir='ltr'>interpretandi,</span> <span class='ocrx_word' id='word_1_301' title='bbox 1182 3883 1276 3943; x_wconf 90' lang='lat' dir='ltr'>omni-</span> 
     </span>
     <span class='ocr_line' id='line_1_33' title="bbox 90 3991 1277 4070; baseline 0.004 -19"><span class='ocrx_word' id='word_1_302' title='bbox 90 3994 147 4053; x_wconf 85' lang='lat' dir='ltr'>but</span> <span class='ocrx_word' id='word_1_303' title='bbox 167 3994 279 4069; x_wconf 76' lang='lat' dir='ltr'>aequale</span> <span class='ocrx_word' id='word_1_304' title='bbox 301 3991 399 4068; x_wconf 77' lang='lat' dir='ltr'>fuisse,</span> <span class='ocrx_word' id='word_1_305' title='bbox 420 4008 451 4054; x_wconf 91' lang='lat' dir='ltr'>et</span> <span class='ocrx_word' id='word_1_306' title='bbox 472 3994 606 4055; x_wconf 88' lang='lat' dir='ltr'>absolute</span> <span class='ocrx_word' id='word_1_307' title='bbox 627 4012 742 4054; x_wconf 89' lang='lat' dir='ltr'>omnem</span> <span class='ocrx_word' id='word_1_308' title='bbox 765 3994 876 4070; x_wconf 89' lang='lat' dir='ltr'>imperii</span> <span class='ocrx_word' id='word_1_309' title='bbox 888 3994 1163 4057; x_wconf 83' lang='lat' dir='ltr'>administrationem</span> <span class='ocrx_word' id='word_1_310' title='bbox 1176 4014 1277 4056; x_wconf 85' lang='lat' dir='ltr'>omnes</span> 
     </span>
     <span class='ocr_line' id='line_1_34' title="bbox 91 4104 1276 4184; baseline 0 -17"><span class='ocrx_word' id='word_1_311' title='bbox 91 4124 174 4181; x_wconf 88' lang='lat' dir='ltr'>aeque</span> <span class='ocrx_word' id='word_1_312' title='bbox 205 4104 336 4165; x_wconf 87' lang='lat' dir='ltr'>tenuille.</span> <span class='ocrx_word' id='word_1_313' title='bbox 377 4106 442 4166; x_wconf 89' lang='lat' dir='ltr'>Hac</span> <span class='ocrx_word' id='word_1_314' title='bbox 470 4122 540 4183; x_wconf 87' lang='lat' dir='ltr'>ergo</span> <span class='ocrx_word' id='word_1_315' title='bbox 570 4107 606 4166; x_wconf 90' lang='lat' dir='ltr'>de</span> <span class='ocrx_word' id='word_1_316' title='bbox 636 4105 721 4167; x_wconf 91' lang='lat' dir='ltr'>causa</span> <span class='ocrx_word' id='word_1_317' title='bbox 750 4123 851 4168; x_wconf 86' lang='lat' dir='ltr'>omnes</span> <span class='ocrx_word' id='word_1_318' title='bbox 879 4124 962 4184; x_wconf 84' lang='lat' dir='ltr'>aeque</span> <span class='ocrx_word' id='word_1_319' title='bbox 983 4106 1073 4183; x_wconf 78' lang='lat' dir='ltr'>prima</span> <span class='ocrx_word' id='word_1_320' title='bbox 1095 4106 1161 4171; x_wconf 88' lang='lat' dir='ltr'>vice</span> <span class='ocrx_word' id='word_1_321' title='bbox 1182 4106 1276 4171; x_wconf 88' lang='lat' dir='ltr'>Deum</span> 
     </span>
    </p>
   </div>
   <div class='ocr_carea' id='block_1_3' title="bbox 124 4335 835 4414">
    <p class='ocr_par' dir='ltr' id='par_1_4' title="bbox 124 4335 835 4414">
     <span class='ocr_line' id='line_1_35' title="bbox 124 4335 835 4414; baseline 0.007 -25"><span class='ocrx_word' id='word_1_322' title='bbox 124 4340 137 4372; x_wconf 74' lang='lat'>⁸</span> <span class='ocrx_word' id='word_1_323' title='bbox 154 4337 273 4391; x_wconf 78' lang='lat' dir='ltr'>ominum</span> <span class='ocrx_word' id='word_1_324' title='bbox 290 4339 327 4393; x_wconf 82' lang='lat' dir='ltr'>est</span> <span class='ocrx_word' id='word_1_325' title='bbox 343 4335 471 4407; x_wconf 67' lang='lat' dir='ltr'>obiestum</span> <span class='ocrx_word' id='word_1_326' title='bbox 488 4352 517 4393; x_wconf 88' lang='lat' dir='ltr'>ut</span> <span class='ocrx_word' id='word_1_327' title='bbox 535 4338 607 4404; x_wconf 83' lang='lat' dir='ltr'>supra</span> <span class='ocrx_word' id='word_1_328' title='bbox 624 4356 682 4414; x_wconf 77' lang='lat' dir='ltr'>pag.</span> <span class='ocrx_word' id='word_1_329' title='bbox 700 4341 757 4407; x_wconf 77' lang='lat'>563.</span> <span class='ocrx_word' id='word_1_330' title='bbox 777 4356 835 4395; x_wconf 79' lang='lat' dir='ltr'>aum</span> 
     </span>
    </p>
   </div>
   <div class='ocr_carea' id='block_1_4' title="bbox 0 0 1474 4900">
    <p class='ocr_par' dir='ltr' id='par_1_5' title="bbox 0 0 1474 4900">
     <span class='ocr_line' id='line_1_36' title="bbox 0 0 1474 4900; baseline 0 0"><span class='ocrx_word' id='word_1_331' title='bbox 0 0 1474 4900; x_wconf 95' lang='lat' dir='ltr'> </span> 
     </span>
    </p>
   </div>
  </div>
 </body>
</html>
