2934 4900
238 332 297 393 320
595 312 833 375 Tractatus
874 312 1063 373 Politiei

238 511 292 569 pro
320 490 521 553 dominatione
551 509 643 569 agere.
687 493 731 552 Ut
761 490 862 566 itaque
889 490 972 553 cives
992 508 1010 549 a
1030 492 1113 569 Rege
1133 508 1192 567 prae
1213 490 1358 551 omnibus
1381 508 1429 566 ag·

238 605 410 681 noscantur,
432 620 462 665 et
483 619 624 681 quantum
647 604 738 663 status
770 601 865 665 civilis
886 602 946 664 five
967 601 1091 679 aequitas
1111 602 1265 678 concedit,
1287 602 1332 664 sui
1352 601 1429 678 juris

238 732 391 791 maneant,
420 714 530 777 necesse
559 716 614 791 cll,
644 731 685 787 ut
698 714 799 775 militia
821 733 858 775 ex
878 714 947 775 solis
967 715 1083 777 civibus
1105 730 1318 791 componatur,
1341 730 1377 775 et
1399 731 1431 774 ur

237 829 289 906 ipli
312 848 327 889 a
349 828 484 890 Consiliis
512 827 584 903 snrt;
612 843 641 887 et
670 842 772 888 contra
800 846 852 889 eos
882 828 1002 889 omnino
1024 827 1159 890 subactos
1179 827 1251 901 else,
1270 842 1303 888 et
1323 827 1431 887 aeterni

237 920 306 1001 belli
328 942 516 1002 fundamenta
534 940 648 1017 jacere,
669 940 841 1017 simulatque
862 940 970 1001 milites
991 940 1145 1001 auxiliares
1166 938 1432 1015 ducipatiuntut,

237 1071 361 1130 quorum
383 1068 542 1113 mercatura
562 1053 670 1113 bellurn
692 1052 748 1129 est,
769 1069 799 1112 et
821 1053 929 1129 quibus
950 1052 980 1112 in
1003 1051 1156 1113 discordiis
1176 1066 1207 1111 et
1227 1050 1432 1113 seditionibus

238 1165 360 1241 plurIma
381 1164 436 1227 vis.

278 1276 304 1357 §.
325 1278 405 1337 XIII.
446 1278 535 1359 Quod
557 1276 649 1355 Regis
677 1276 841 1338 Conliliarii
861 1279 898 1338 ad
919 1275 1010 1339 vitam
1032 1274 1099 1354 eligi
1122 1293 1182 1336 non
1206 1276 1355 1349 debeant,
1377 1274 1430 1334 sed

236 1392 266 1453 in
298 1408 373 1469 tres,
404 1407 546 1469 quatuor,
578 1392 625 1453 vel
657 1389 788 1468 quiaque
821 1392 856 1451 ad
888 1389 1026 1449 summum
1059 1406 1170 1463 annos,
1201 1401 1284 1463 patet
1303 1402 1367 1448 tam
1392 1405 1429 1445 ex

237 1505 304 1565 Art.
328 1520 373 1565 ιο.
401 1503 488 1580 hujus
517 1502 647 1579 Capitis,
676 1521 762 1579 quam
792 1520 829 1562 err
856 1502 910 1577 iis,
937 1520 1002 1579 quae
1030 1500 1060 1561 in
1088 1502 1156 1563 Art.
1175 1518 1205 1577 9.
1225 1499 1313 1577 huius
1334 1500 1428 1559 etiam

237 1616 352 1693 Capitis
384 1615 519 1679 diximus.
560 1618 652 1691 Nam,
673 1616 693 1676 st
716 1619 753 1677 ad
773 1615 864 1678 vitam
895 1614 1086 1694 eligerentur,
1118 1629 1308 1690 praeterquam
1340 1614 1427 1689 quod

238 1728 361 1787 maxima
382 1727 490 1789 civium
512 1728 580 1787 Pars
599 1727 651 1789 vix
674 1728 759 1789 ullam
781 1726 859 1803 spem
880 1725 976 1804 posset
998 1726 1154 1801 concipere
1173 1743 1240 1785 eum
1269 1724 1426 1785 homorem

238 1839 432 1917 adipiscendi,
460 1854 549 1915 atque
578 1841 652 1901 adeo
682 1858 783 1917 magna
813 1837 881 1901 inde
909 1838 986 1899 inter
1013 1838 1095 1899 clves
1123 1836 1322 1913 inequalitas,
1344 1838 1426 1895 unde

237 1952 349 2014 invidia
380 1967 409 2012 et
442 1949 577 2011 continui
608 1969 755 2025 rumores,
780 1965 812 2011 et
833 1952 949 2011 tandem
980 1948 1141 2011 seditiones
1174 1946 1334 2019 orirentur,
1357 1963 1425 2021 quat

238 2063 302 2124 sane
324 2064 456 2142 Regibus
478 2062 646 2124 domInandi
668 2062 764 2124 avidis
785 2081 845 2123 non
868 2062 986 2141 Ingratae
1008 2060 1113 2136 elsent3
1132 2078 1260 2138 magnam
1281 2074 1424 2135 praeterea

237 2176 274 2235 ad
306 2174 403 2235 omnia
435 2173 581 2235 licentiam
614 2173 744 2251 (sublato
775 2173 886 2234 seilicet
918 2173 1135 2234 succedentium
1166 2173 1261 2251 metu)
1292 2170 1424 2241 sument,

238 2288 319 2364 Rege
343 2284 458 2347 minime
480 2286 658 2349 adversante.
700 2288 793 2361 Nam,
821 2304 882 2362 quo
903 2284 1019 2347 civibus
1040 2284 1131 2363 magis
1150 2282 1252 2359 invisa,
1272 2302 1310 2344 eo
1330 2282 1423 2359 magis

239 2396 316 2476 Regi
347 2396 556 2474 adhaerebunt,
588 2398 673 2474 eique
706 2400 743 2459 ad
774 2398 950 2459 adulandum
982 2396 1072 2475 magis
1103 2394 1189 2473 proni
1219 2410 1317 2457 erunt.
1358 2397 1420 2456 Iuro

237 2510 367 2588 quinque
388 2529 529 2571 annorum
551 2511 734 2572 intervallum
757 2509 877 2570 nimium
897 2508 993 2570 adhuc
1013 2507 1146 2582 videtur,
1162 2507 1231 2584 quia
1249 2525 1287 2567 eo
1305 2522 1421 2582 tempo·

235 2621 274 2682 ris
302 2622 397 2698 spatio
426 2641 486 2684 non
515 2626 589 2684 adeo
619 2622 789 2700 inspoliabile
818 2623 897 2682 factu
924 2622 1058 2696 videtur,
1086 2637 1121 2683 ut
1142 2638 1243 2700 magna
1263 2623 1419 2681 admodum

236 2733 362 2796 Concilii
384 2735 484 2812 (quam
507 2735 595 2796 etiam
617 2753 751 2814 magnum
771 2733 821 2814 fit)
844 2752 910 2810 pars
927 2735 1096 2795 muneribus
1114 2749 1164 2794 aut
1181 2731 1274 2812 gratia
1291 2751 1420 2793 corrum-

235 2863 337 2926 patur;
366 2863 455 2925 atque
485 2851 559 2910 adeo
587 2849 674 2926 longe
703 2847 831 2908 securius
857 2865 902 2908 res
922 2847 982 2907 sese
1003 2846 1140 2922 habebit,
1160 2846 1180 2906 st
1201 2846 1363 2922 quotannis
1384 2863 1419 2904 es

236 2979 411 3038 unaquaque
437 2960 545 3022 familia
574 2963 634 3022 duo
663 2961 786 3036 cedant,
815 2955 845 3019 ‘et
872 2959 998 3019 totidem
1019 2957 1118 3019 iisdem
1140 2958 1297 3020 succedant
1319 2957 1354 3035 (li
1376 2957 1419 3017 ni·

183 3063 189 3076 '
235 3072 336 3134 mirum
358 3091 395 3132 ex
416 3091 591 3149 unaquaque
613 3072 721 3132 familia
742 3071 874 3148 quinque
904 3069 1057 3131 consiliarii
1078 3069 1205 3131 habendi
1225 3069 1325 3146 sunt),
1345 3087 1418 3144 ptae·

234 3200 366 3261 terquam
387 3201 423 3243 eo
446 3201 538 3258 anno,
560 3201 620 3260 quo
638 3182 712 3259 juris
734 3186 862 3258 prudens
884 3181 1008 3258 alicujus
1029 3181 1143 3243 familiae
1161 3180 1255 3256 cedit,
1273 3195 1304 3240 et
1321 3199 1418 3242 novus

234 3297 298 3373 ejus
319 3298 387 3359 loco
408 3294 533 3375 eligitur.

276 3408 303 3488 §.
323 3409 404 3467 XIV.
446 3410 512 3468 Rex
541 3422 681 3484 praeterea
709 3408 805 3467 nullus
833 3405 970 3482 majorem
998 3404 1051 3464 libi
1078 3403 1260 3465 securitatem
1286 3402 1416 3478 polliceri

234 3520 348 3598 potest,
376 3537 462 3596 quam
484 3519 585 3596 quiin
607 3518 774 3596 hujusmodi
802 3517 933 3580 Ciuitate
962 3532 1073 3596 regnat.
1113 3518 1204 3590 Nam,
1225 3531 1415 3592 praeterquam

235 3635 317 3710 quod
344 3631 406 3691 cito
433 3631 526 3707 perit,
554 3649 640 3706 quem
668 3630 711 3690 sui
740 3630 847 3690 milites
875 3630 985 3692 salvum
1013 3629 1069 3690 else
1097 3631 1219 3704 nolunt,
1244 3645 1355 3689 certum
1377 3627 1414 3688 ell

235 3743 367 3821 Regibus
389 3741 527 3803 summum
549 3727 659 3818 semper
681 3742 840 3817 periculum
862 3740 918 3802 elle
939 3744 976 3802 ab
998 3740 1049 3816 iis,
1067 3741 1119 3818 qui
1136 3740 1179 3801 eis
1196 3740 1323 3816 proxImi
1341 3741 1413 3800 sunt.

235 3854 305 3934 Quo
327 3853 415 3931 igitur
437 3851 599 3913 Consiliarii
621 3871 743 3914 numero
765 3853 932 3928 pauciores,
951 3869 980 3913 et
999 3852 1214 3930 consequenter
1231 3852 1413 3927 potentiores

235 3966 318 4038 sunt,
346 3983 382 4024 eo
412 3965 487 4043 Regi
516 3964 608 4041 majus
636 3967 671 4026 ab
701 3964 769 4040 ipsas
789 3964 948 4040 periculum
972 3964 1028 4039 ell,
1048 3983 1085 4024 ne
1106 3963 1257 4040 imperium
1278 3964 1308 4024 in
1329 3964 1412 4023 alium

235 4077 419 4138 transferant.
460 4076 542 4137 Nihil
570 4076 636 4138 satae
664 4077 809 4140 Davidem
838 4076 928 4155 magis
956 4077 1076 4154 terruit,
1103 4096 1190 4154 quam
1218 4079 1300 4154 quod
1327 4078 1412 4152 iplius

235 4186 422 4248 ConsiliarIus
450 4189 631 4264 Achitophel
659 4204 757 4263 partes
785 4186 937 4249 Absolomi
965 4191 1100 4268 elegerat.
1143 4191 1209 4250 Huc
1237 4189 1366 4265 accedit,
1391 4189 1410 4248 st

236 4297 329 4358 omanis
361 4299 488 4373 potestas
519 4299 547 4360 ln
580 4319 668 4360 unum
701 4301 833 4361 absolute
866 4301 1000 4362 transsata
1031 4300 1137 4377 suerit,
1157 4321 1223 4377 quae
1245 4317 1306 4362 tum
1326 4302 1408 4380 longe
