2934 4900
387 312 526 389 Caput
557 314 624 373 Vll.
665 314 710 373 De
733 310 914 373 Monarchia.
1186 322 1244 386 315

43 486 157 563 judices
180 488 343 565 instruere,
362 503 396 549 ut
414 486 522 547 scilicet
541 486 681 562 justitiam
704 501 872 560 exerceant,
894 503 949 545 nec
971 503 1135 562 quenquam
1156 483 1245 559 respi-

47 598 140 673 ciant,
168 618 228 660 nec
262 599 355 675 ipsum
384 601 513 677 Regem,
541 598 559 658 st
582 598 654 675 quid
674 597 808 676 stngulari
830 596 929 673 aliquo
951 597 1018 658 casu
1039 595 1245 671 imperaverit,

47 714 125 786 quod
147 727 262 772 contra
284 710 447 773 institutum
465 710 514 787 jus
530 711 545 745 *
561 710 616 771 else
636 711 785 773 noverint.
807 713 906 789 Reges
926 709 1001 771 enim
1024 728 1085 771 non
1106 709 1172 785 Dii,
1194 710 1243 771 sed

47 822 179 884 homines
210 823 300 899 sunt,
328 823 379 900 qui
409 825 551 902 Syrenum
573 822 729 899 capiuntur
750 823 825 899 saepe
848 838 946 884 cantu.
987 823 1016 883 Si
1039 821 1128 901 igitur
1148 821 1246 883 omnia

48 935 81 991 ab
103 933 292 996 inconstanti
322 934 411 995 unius
438 936 593 997 voluntate
623 937 802 1011 penderent,
823 934 895 994 nihil
914 936 1004 995 fixum
1025 933 1104 993 esset.
1144 935 1247 1009 Atque

48 1048 120 1105 adeo
154 1046 316 1125 imperium
352 1046 591 1121 Monarchicum,
622 1063 656 1108 ut
685 1046 785 1107 stabile
817 1046 869 1121 stt,
899 1046 1106 1108 instituendum
1135 1046 1194 1121 est,
1215 1061 1248 1106 ut

49 1156 144 1217 omnia
165 1158 294 1235 quidem
323 1176 359 1218 ex
389 1157 453 1217 solo
475 1157 551 1235 Regi
573 1158 692 1217 decreto
713 1158 801 1231 fiant;
823 1156 880 1216 hoc
902 1156 941 1215 est
952 1200 962 1232 ,
985 1170 1017 1216 ut
1038 1174 1124 1216 omne
1141 1156 1191 1232 jus
1212 1155 1247 1216 stt

49 1268 138 1346 Regis
168 1270 325 1347 explicata
354 1272 511 1347 voluntas,
538 1286 568 1331 at
589 1286 649 1331 non
670 1286 704 1331 ut
727 1269 822 1331 omnis
851 1270 942 1349 Regis
963 1272 1103 1331 voluntas
1121 1270 1170 1346 jus
1192 1270 1244 1345 lit,

51 1382 83 1438 de
105 1400 169 1456 quo
193 1383 270 1446 vide
290 1384 356 1443 Art.
379 1400 415 1459 3,
436 1394 471 1458 5,
493 1397 523 1443 et
544 1383 573 1443 6.
595 1400 682 1458 praec.
704 1382 779 1457 Cap.

88 1492 114 1571 ᾗ.
136 1496 176 1555 ll.
222 1496 339 1557 Deinde
369 1496 549 1571 notandum,
576 1496 656 1571 quod
684 1494 714 1555 in
740 1493 884 1571 jaciendis
909 1494 1105 1557 fundamentis
1125 1494 1247 1557 maxime

52 1604 195 1668 humanos
227 1608 350 1670 assellus
378 1607 532 1669 observare
561 1604 674 1667 necesse
702 1607 760 1682 est3
782 1623 836 1666 nec
858 1605 1011 1667 ostendisse
1033 1605 1155 1682 sufficit,
1176 1606 1248 1682 quid

54 1734 191 1791 oporteat
217 1720 298 1797 fieri,
319 1721 369 1781 sed
392 1719 538 1796 apprime,
560 1720 611 1795 qui
632 1718 694 1779 lieri
716 1719 818 1794 poffit,
840 1734 872 1780 ut
893 1717 1041 1793 homines,
1062 1717 1121 1780 five
1143 1718 1248 1779 affellu

55 1828 108 1892 stre
141 1835 279 1897 Ratione
312 1837 471 1909 ducantur,
495 1832 562 1909 jure
593 1849 689 1894 tamen
719 1848 781 1893 rata
810 1833 926 1909 fixaque
953 1832 1089 1893 habeant.
1129 1830 1245 1891 Namst

55 1946 170 2021 lnperii
189 1948 278 2025 iura,
305 1948 364 2011 stve
386 1946 504 2007 libertas
526 1945 661 2022 publica,
682 1944 745 2005 solo
769 1944 901 2007 invalido
922 1946 1018 2023 legum
1040 1944 1150 2004 auxilio
1171 1943 1246 2004 nita·

59 2070 118 2131 tur,
149 2079 215 2121 non
248 2074 361 2120 tantum
393 2059 470 2119 nulla
503 2056 566 2133 ejus
599 2056 769 2117 obtinendae
802 2056 857 2117 erit
889 2056 1005 2119 civibus
1036 2055 1193 2132 securitas,
1214 2070 1247 2117 ut

60 2170 119 2230 Art.
142 2189 172 2249 3.
203 2174 279 2249 Cap.
308 2190 393 2248 praec.
422 2169 618 2245 ostendimus,
649 2168 698 2231 sed
730 2167 818 2229 etiam
852 2167 946 2228 exitio
978 2169 1042 2230 erit.
1083 2170 1158 2229 Nam
1189 2169 1248 2230 hoe

61 2296 166 2343 certum
189 2285 250 2360 est,
271 2284 378 2344 nullam
399 2280 540 2345 Civitatis
569 2280 771 2341 conditionem
793 2279 970 2341 miseriorem
991 2280 1062 2357 else,
1085 2301 1171 2359 quam
1193 2302 1247 2359 op-

63 2389 151 2470 tima,
173 2416 243 2474 quae
265 2395 408 2457 labascere
436 2392 559 2471 incipit,
588 2392 639 2455 nist
663 2411 722 2455 uno
745 2395 810 2455 allu
832 2392 944 2456 etittu
965 2397 1067 2472 cadat,
1088 2394 1169 2456 etin
1191 2394 1247 2456 ser·

62 2503 183 2568 vitutem
207 2524 273 2569 ruat
295 2508 391 2586 (quod
413 2506 479 2566 sane
501 2505 671 2581 impofflbile
693 2506 812 2568 videtur
829 2504 914 2585 esse);
934 2525 966 2566 ac
984 2506 1107 2582 proinde
1125 2507 1249 2568 subditis

62 2619 148 2680 multo
172 2619 266 2682 satius
294 2618 383 2694 esset,
411 2617 493 2678 suum
511 2617 560 2694 jus
583 2616 716 2679 absolute
738 2617 768 2677 in
793 2636 885 2678 unum
905 2619 1075 2695 transferre,
1097 2639 1182 2695 quam
1204 2619 1248 2679 in·

64 2743 150 2792 certas
180 2747 213 2794 et
242 2749 332 2793 vanas
362 2729 422 2790 stve
443 2727 538 2790 irritas
558 2728 703 2789 libertatis
724 2728 913 2790 conditiones
935 2730 1078 2806 stipulari,
1098 2747 1187 2808 atque
1208 2731 1249 2791 ita

64 2839 182 2910 posteris
208 2843 263 2903 iter
284 2845 320 2904 ad
342 2841 510 2902 servitutem
540 2840 753 2902 crudelissimam
781 2859 891 2916 parate.
932 2843 974 2901 At
995 2842 1015 2902 li
1036 2842 1148 2918 imperii
1178 2843 1248 2904 Μο-

68 2953 188 3016 narcitici
213 2955 419 3028 fundamenta,
441 2972 506 3028 quae
529 2953 558 3013 in
580 2971 666 3028 praec.
688 2952 762 3029 Cap.
785 2953 871 3014 retuli
877 2999 887 3030 ,
908 2954 987 3014 firma
1007 2953 1060 3014 else
1078 2955 1232 3016 ostendero
1239 3001 1249 3033 ,

66 3079 115 3122 nec
136 3066 239 3130 divelli
262 3065 361 3142 posse,
390 3063 440 3124 nist
463 3083 528 3124 curn
552 3063 755 3143 indignatione
780 3065 909 3125 maximae
932 3065 1022 3142 partis
1042 3083 1156 3127 armatae
1176 3068 1249 3128 mul-

68 3170 216 3252 titudinis,
239 3191 326 3237 etex
348 3174 384 3236 iis
413 3174 488 3253 Regi
511 3189 542 3235 et
563 3174 746 3236 multitudini
775 3195 876 3251 pacem
897 3191 929 3236 et
949 3175 1131 3238 securitatem
1152 3176 1250 3254 sequi,

69 3299 152 3360 atque
183 3289 246 3349 haec
279 3305 317 3348 ex
348 3287 495 3348 communi
526 3301 629 3347 natura
661 3289 829 3362 deduxero;
857 3287 991 3349 dubitare
1018 3308 1103 3350 nemo
1125 3289 1252 3366 poterit,

71 3399 164 3460 eadem
194 3398 307 3476 optima
336 3397 389 3458 elie
419 3413 449 3458 et
478 3416 565 3473 vcra,
587 3414 620 3458 ut
642 3413 724 3474 patet
746 3418 783 3460 ex
805 3401 870 3460 Art.
890 3417 920 3476 9.
941 3400 1014 3477 Cap.
1037 3419 1064 3478 3.
1086 3417 1116 3461 et
1136 3402 1201 3461 Art.
1223 3419 1251 3478 3.

72 3522 98 3564 et
118 3511 146 3570 8.
167 3529 253 3588 praec.
274 3510 348 3586 Cap.
390 3511 481 3592 Quod
509 3525 606 3571 autem
634 3510 723 3587 hujus
752 3511 798 3572 illa
820 3528 930 3572 naturae
951 3511 1024 3588 stnt,
1044 3531 1128 3589 quam
1150 3512 1251 3589 paucis

72 3635 190 3700 potero,
213 3623 369 3684 ostendam.

109 3731 134 3811 S.
155 3737 205 3796 Ill.
247 3735 338 3816 Quod
376 3733 505 3795 officium
538 3733 621 3812 ejus,
652 3735 704 3812 qui
735 3735 886 3813 imperium
918 3753 1018 3813 tenet,
1049 3737 1104 3813 stt,
1134 3736 1250 3812 lmperii

74 3839 170 3908 statum
199 3861 230 3908 et
257 3846 458 3908 conditionem
487 3847 596 3924 semper
624 3848 761 3926 noscere,
790 3865 820 3910 et
848 3849 993 3911 communi
1016 3849 1144 3911 omnium
1165 3849 1249 3912 saluti

77 3953 200 4034 vigilare,
222 3974 252 4019 et
272 3958 303 4019 id
324 3977 426 4034 omne,
448 3961 529 4036 quod
552 3959 652 4036 majori
675 3960 857 4022 subditorum
875 3961 950 4036 parti
968 3961 1039 4023 utile
1057 3961 1251 4037 est,efftcere,

77 4073 147 4141 apud
174 4089 275 4132 omnes
304 4071 333 4131 in
362 4071 493 4133 confesso
523 4072 572 4133 est.
614 4073 688 4134 Cum
718 4088 814 4134 autem
843 4092 918 4134 unus
940 4072 1017 4134 solus
1038 4072 1135 4134 omnia
1154 4073 1249 4148 perlu-

81 4227 346 4245 'Qn—-uss-

108 4319 119 4350 *
151 4323 276 4375 Camerer.
292 4348 326 4360 -
344 4322 395 4375 Ed.
408 4324 465 4384 Pu:
482 4331 571 4373 contra
590 4321 726 4387 institutum
736 4360 745 4384 ,
756 4321 813 4387 jus.
