2934 4900
220 326 279 393 272
470 259 474 265 Ι
644 306 824 374 Ethices
850 308 920 374 Pars
940 311 979 374 V.

630 504 993 551 cononean1UM.

260 602 337 664 Hinc
359 601 506 681 sequitur,
529 602 638 663 nullum
659 603 796 662 Amorem
817 617 922 677 praeter
942 601 1080 662 Amorem
1101 599 1332 661 intellectualem
1356 598 1417 661 eise

222 731 370 777 aetel'ssum.

685 811 888 855 sctromu
901 810 938 854 Μ.

259 907 289 968 Si
311 909 347 969 ad
367 906 516 967 hominurn
537 924 717 967 communem
740 906 911 981 opinionem
928 906 1132 979 attendamus,
1150 903 1339 979 videbimus,
1363 922 1420 963 eos

220 1018 277 1079 suae
304 1018 416 1079 Mentis
438 1019 609 1080 eternitatis
631 1017 685 1079 esse
707 1018 825 1094 quidem
847 1018 1000 1091 conscios,
1022 1018 1071 1077 sed
1093 1016 1173 1092 ipsos
1194 1018 1321 1077 eandem
1346 1035 1419 1076 cum

220 1129 373 1191 duratione
404 1132 600 1206 confundere,
631 1149 752 1207 eamque
783 1130 985 1208 imaginationi
1017 1130 1067 1191 seu
1089 1128 1237 1190 memoriae
1258 1128 1419 1203 tribucre,

219 1259 305 1318 quam
326 1242 391 1318 post
411 1256 533 1303 mortem
554 1260 699 1303 remanere
721 1245 856 1304 credunt.

566 1419 894 1480 PROPOSITIO
934 1419 1057 1480 XXXV.

257 1548 386 1623 Deusse
405 1549 499 1627 ipsum
520 1546 625 1607 Amore
644 1548 830 1608 intelleiiualr'
852 1548 965 1627 infinito
986 1560 1075 1607 amar.

617 1725 1014 1768 onnonsanacro

259 1822 340 1882 Deus
362 1819 402 1881 est
423 1820 555 1881 absolute
576 1819 707 1880 infinitus
729 1820 803 1899 (per
822 1820 917 1899 Defin.
927 1823 957 1880 6.
971 1833 1003 1899 p.
1018 1819 1075 1897 L),
1095 1820 1154 1879 hoc
1172 1820 1238 1897 est(
1244 1832 1300 1899 per
1309 1822 1412 1899 Defin.

218 1934 247 1992 6.
271 1945 303 2012 p.
332 1932 391 2011 2.)‚
419 1932 474 1993 Dei
504 1947 605 1991 natura
627 1934 735 2011 gaudet
757 1932 869 1993 infiniti
890 1932 1090 2007 perfectione,
1111 1932 1200 2008 idque
1222 1930 1296 2010 (per
1318 1933 1413 2009 Prop.

220 2062 247 2120 3.
265 2057 296 2123 p.
317 2045 361 2123 2.)
382 2044 600 2104 concomitante
622 2044 686 2105 idea
708 2043 768 2118 sui,
786 2045 844 2104 hoc
862 2044 902 2104 est
920 2045 992 2123 (per
1009 2045 1098 2122 Prop.
1120 2060 1163 2104 11.
1181 2058 1210 2114 er,
1226 2045 1325 2123 Defin.
1344 2048 1361 2079 *
1387 2060 1411 2103 r.

214 2169 246 2234 p.
278 2155 317 2233 r.)
345 2154 409 2215 idea
431 2154 488 2216 suae
510 2154 621 2231 causae3
643 2171 672 2215 et
695 2157 752 2215 hoc
773 2156 830 2231 est,
851 2159 933 2232 quod
954 2157 984 2216 in
1005 2156 1116 2217 Coroll.
1138 2156 1225 2231 Prop.
1247 2172 1297 2231 32.
1320 2154 1412 2231 hujus

218 2266 355 2325 Amorem
376 2264 600 2328 intellectualem
621 2267 677 2327 effe
700 2267 836 2329 diximus.

562 2442 892 2504 PROPOSITIO
927 2444 1065 2504 XXXVI.

257 2567 370 2628 Mentis
391 2569 482 2628 Amor
500 2571 698 2630 intellectualis
718 2589 790 2646 erga
811 2573 903 2632 Deum
919 2571 957 2649 est
972 2573 1034 2650 ipsc
1051 2573 1109 2633 Dei
1126 2571 1232 2645 Amor,
1250 2591 1306 2648 quo
1323 2573 1407 2631 Dens

211 2679 246 2756 sc
265 2678 358 2757 ipsum
378 2695 474 2754 amat,
495 2701 549 2740 non
570 2697 709 2758 quatenns
729 2683 862 2762 infinitus
883 2684 937 2761 est,
952 2686 1011 2760 sed
1028 2697 1242 2762 quatenusper
1258 2684 1408 2762 efflnrt'am

217 2789 347 2851 humana
368 2793 495 2868 Mentis,
510 2793 569 2869 sub
584 2795 681 2871 specie
702 2797 877 2857 aternitatis
897 2795 1118 2872 confideraram,
1136 2797 1281 2874 explicari
1294 2793 1406 2874 potest‚·

217 2897 268 2960 lroc
284 2900 337 2977 cst,
355 2902 468 2961 Mentis
485 2919 557 2976 erga
573 2903 666 2962 Deum
683 2901 774 2962 Amor
790 2903 990 2964 t'rrtellei‘iualis
1003 2918 1080 2983 pars
1096 2905 1135 2982 est
1150 2903 1262 2982 infiniti
1277 2908 1405 2975 amoris,

217 3030 270 3089 quo
290 3012 370 3071 Deus
384 3013 420 3090 se
440 3014 533 3090 ipsitm
553 3026 643 3074 amar.

618 3191 1012 3236 onmomsrnnrtm

258 3285 315 3345 Hic
347 3285 459 3346 Mentis
489 3286 582 3345 Amor
613 3289 648 3346 ad
680 3287 793 3346 Mentis
824 3285 954 3347 actiones
974 3285 1074 3345 referri
1095 3286 1184 3346 debet
1206 3284 1279 3363 (per
1303 3283 1407 3344 Coroll.

217 3397 305 3473 Prop.
337 3413 385 3472 32.
406 3395 510 3473 hujus,
530 3410 630 3476 caper
650 3398 740 3476 Prop.
763 3415 790 3474 3.
808 3410 840 3476 p.
863 3396 922 3474 3.);
950 3397 1000 3473 qui
1021 3396 1147 3474 proinde
1168 3396 1245 3458 aetio
1268 3397 1328 3472 est,
1351 3413 1406 3472 qua

216 3507 304 3568 Mens
326 3507 353 3568 se
375 3508 463 3584 ipsam
485 3510 717 3586 contemplatur,
739 3508 957 3569 concomitante
978 3508 1044 3568 idea
1065 3509 1122 3569 Dei
1151 3523 1291 3586 tanquam
1321 3508 1406 3569 canii

216 3620 288 3698 (per
317 3620 406 3698 Prop.
430 3637 477 3695 32.
498 3619 601 3695 liujus,
629 3634 657 3679 et
683 3620 743 3695 ejus
772 3620 907 3698 Cordi),
935 3620 994 3681 hoc
1022 3619 1063 3680 est
1083 3621 1156 3699 (per
1187 3621 1292 3681 Coroll.
1315 3622 1405 3699 Prop.

216 3740 265 3804 25.
289 3742 321 3808 p.
347 3747 371 3790 1.
392 3744 420 3789 er
442 3730 544 3790 Coroll.
566 3731 655 3809 Prop.
681 3747 725 3792 11.
743 3745 775 3810 p.
798 3733 841 3810 α.)
869 3730 964 3807 actio,
984 3749 1041 3807 qua
1062 3731 1162 3807 Deua,
1183 3747 1334 3807 quatenus
1355 3749 1406 3807 per

216 3840 349 3900 Mentem
375 3841 526 3903 humanam
554 3841 692 3919 explicari
715 3843 828 3918 potest,
849 3841 970 3918 seipsum
992 3843 1223 3920 contemplatur,
1251 3845 1404 3905 concomi-

219 3965 300 4010 tante
321 3952 385 4013 idea
407 3951 469 4028 sui;
491 3968 579 4030 atque
603 3957 677 4014 adeo
699 3954 771 4034 (per
788 3954 877 4034 Prop.
893 3957 998 4035 praec.)
1019 3955 1067 4016 hic
1088 3955 1202 4016 Mentis
1223 3956 1318 4018 Amor
1337 3975 1404 4032 pars

219 4064 259 4125 est
280 4063 386 4126 infiniti
407 4066 526 4142 amoris,
547 4085 608 4143 quo
629 4068 710 4127 Deus
732 4065 855 4142 seipsum
875 4083 962 4128 amat.
1005 4069 1039 4146 Q.
1059 4069 1097 4128 E.
1117 4070 1161 4129 D.

252 4313 265 4338 *
282 4307 330 4358 Ed.
347 4308 403 4358 ΡΜ
421 4308 522 4358 Axiam.
