2934 4900
211 313 270 388 508
684 311 924 375 Tractatus

211 491 335 568 aliquem
357 489 438 554 fuisse
458 489 570 568 vitum,
589 505 619 552 et
640 489 728 552 animi
748 488 981 566 constantissimi,
1001 488 1051 551 cui
1072 487 1395 565 primortsprosptrae,

211 604 316 666 deinde
348 603 558 679 adversissimae,
588 619 619 665 et
648 605 766 666 tandem
797 602 961 665 feliciffimae
991 605 1120 664 fuentnt.
1149 603 1227 664 Nam
1259 601 1392 662 Ezechies

213 731 277 792 cap.
301 731 345 794 14
367 716 409 779 vs.
431 732 476 795 14
497 717 513 751 '¹
544 734 609 777 eum
630 717 707 777 inter
727 716 802 777 alios
821 716 970 778 nominat:
991 730 1081 792 atque
1101 713 1176 774 hanc
1195 711 1272 793 Jobi
1294 711 1391 773 variam

212 828 360 888 fortunam
391 843 422 890 et
451 827 539 890 animi
569 829 760 891 constantiam
791 828 891 892 multis
919 827 1101 890 occasionem
1121 823 1229 888 dedisse
1249 827 1346 885 credo
1362 827 1393 884 de
1442 844 1444 933 ι

212 938 270 1001 Dei
291 939 477 1014 providentia
505 941 690 1020 disputandi,
717 943 767 1004 vel
786 941 886 1004 saltem
907 940 1025 1003 authori
1045 937 1134 1017 huius
1152 937 1219 1000 libri
1238 936 1394 1015 Dialogum
1442 948 1443 951 ’

213 1056 431 1129 componendi:
451 1073 516 1116 nam
537 1073 603 1133 quae
625 1055 654 1117 in
676 1073 713 1118 eo
743 1050 948 1129 continentur,
967 1070 1004 1115 ut
1022 1053 1111 1114 etiam
1131 1051 1240 1131 stylus,
1261 1067 1327 1111 non
1347 1051 1396 1112 viri
1442 1006 1443 1081 i

214 1167 289 1228 inter
320 1166 431 1229 cineret
461 1167 561 1230 misere
597 1167 784 1248 agrotantis,
820 1167 871 1228 sed
900 1164 998 1228 otiose
1028 1166 1059 1226 in
1088 1163 1197 1226 mosao
1228 1160 1398 1224 meditantis
1443 1192 1444 1211 ι

213 1276 360 1339 videntur.
401 1277 441 1337 Et
466 1277 514 1338 hic
541 1295 607 1338 cum
634 1279 721 1338 Aben
750 1279 850 1338 llezra
868 1277 1032 1351 crederem,
1052 1274 1130 1336 ltunc
1157 1273 1264 1336 librum
1287 1289 1328 1332 ex
1348 1272 1397 1332 alia

214 1389 312 1467 lingua
342 1388 508 1450 translatum
539 1388 641 1464 sitisse,
678 1388 748 1466 quia
778 1387 939 1450 Gentilium
970 1386 1070 1464 poesin
1099 1385 1233 1448 adeunte
1264 1384 1399 1446 videtur:

214 1502 345 1564 Deorum
372 1519 497 1578 namque
523 1501 610 1563 Pater
635 1501 681 1562 bie
707 1500 864 1563 concilium
883 1515 1048 1575 convocat,
1068 1515 1099 1560 et
1119 1500 1258 1573 Momus,
1280 1496 1336 1574 qui
1355 1497 1401 1556 hic

215 1613 303 1674 Satan
325 1629 467 1691 vocatur,
493 1614 550 1675 Dei
570 1615 648 1678 dieta
667 1613 775 1676 summa
794 1632 861 1675 cum
880 1612 1017 1674 libertate
1037 1611 1148 1688 carpit,
1169 1625 1245 1686 etc.,
1266 1608 1320 1670 sed
1339 1610 1402 1670 ltaec

215 1743 300 1788 mera
320 1726 495 1804 conjeslutae
515 1726 583 1789 sunt
594 1773 603 1804 ,
623 1745 677 1788 nec
698 1726 768 1788 satit
789 1728 887 1788 lirmae.

256 1838 386 1901 Transeo
418 1843 455 1902 ad
485 1839 617 1902 Danielis
646 1839 768 1914 librum;
798 1839 847 1899 hic
879 1838 937 1899 stne
967 1836 1060 1899 dubio
1090 1853 1129 1896 en
1158 1853 1224 1910 cap.
1249 1834 1280 1894 sl.
1312 1832 1406 1909 ipsrus
1445 1866 1446 1895 1

215 1949 347 2013 Danielis
372 1951 477 2028 scripta
504 1951 648 2014 continet.
680 1955 836 2014 Undenam
862 1965 960 2012 autem
981 1951 1078 2026 priora
1097 1949 1207 2025 septem
1228 1945 1332 2024 capita
1353 1951 1405 2008 de-

217 2061 322 2139 scripta
351 2063 476 2140 fuerint,
507 2062 614 2126 nescio.
656 2063 808 2126 Possumus
839 2061 995 2140 suspicati,
1025 2060 1266 2139 quandoquidem
1298 2075 1407 2135 praeter

217 2175 338 2252 primum
360 2175 517 2238 chaldaice
538 2176 643 2254 scripta
664 2178 748 2253 sunt,
769 2196 808 2238 en
828 2177 1032 2238 Chaldaeorum
1060 2172 1280 2253 Chronologiis.
1311 2173 1407 2256 Quod

217 2288 324 2349 stclate
335 2289 493 2366 constaret,
514 2291 765 2352 luculentisssmum
786 2290 857 2352 esset
878 2289 1088 2365 testimonium,
1108 2292 1186 2352 unde
1207 2287 1408 2362 evinceretur,

217 2399 394 2477 Scripturam
416 2417 539 2465 eatenus
558 2417 673 2466 tantum
696 2403 753 2465 esse
773 2404 896 2481 sacram,
913 2418 1060 2482 quatenus
1081 2420 1133 2479 pcr
1153 2401 1243 2479 ipsam
1262 2401 1407 2480 intelligi·

218 2532 282 2576 mus
303 2531 348 2577 ret
369 2513 398 2576 in
421 2517 520 2577 eadem
541 2515 728 2595 fignificatas,
749 2531 779 2577 at
795 2535 857 2578 non
877 2532 1024 2593 quatenus
1042 2518 1133 2579 verba
1154 2515 1212 2578 live
1226 2513 1366 2593 linguam
1378 2532 1409 2575 et

218 2627 385 2704 orationes,
412 2628 520 2705 quibua
547 2647 592 2690 res
620 2628 833 2708 significantur,
857 2627 1062 2707 intelligimus:
1084 2642 1115 2689 et
1135 2643 1274 2704 praterea
1294 2627 1410 2702 libros,

220 2738 270 2815 qui
298 2757 343 2799 res
371 2739 497 2816 optimas
524 2743 634 2803 docent
662 2758 692 2804 et
720 2756 854 2817 narrant,
882 2759 1058 2819 quacunque
1078 2744 1193 2803 demum
1213 2738 1314 2818 lingua
1336 2757 1410 2800 eta

219 2871 394 2930 quacunque
426 2855 545 2916 natione
576 2854 676 2932 scripti
707 2855 837 2933 fuerint,
867 2872 951 2932 aeque
982 2854 1079 2915 sacros
1109 2851 1175 2914 else.
1214 2853 1285 2912 Hoc
1305 2864 1410 2913 tamen

219 2978 321 3025 notare
343 2964 441 3026 saltem
462 2965 627 3042 possumus,
646 2968 709 3029 haec
730 2966 828 3043 capita
848 2966 1006 3028 chaldaice
1024 2965 1130 3043 scripta
1151 2963 1222 3042 else,
1242 2980 1275 3025 et
1295 2964 1410 3025 nihilo·

220 3077 315 3139 minut
336 3096 420 3155 atque
441 3078 518 3140 sacra
539 3078 596 3141 elle
617 3098 650 3139 ac
669 3080 781 3157 reliqua
800 3080 970 3141 Bibliorum.

259 3190 338 3251 Huic
365 3208 461 3253 autem
489 3192 619 3253 Danielis
645 3192 720 3253 libro
741 3193 852 3270 primus
872 3194 975 3253 Hezrae
996 3192 1039 3252 ita
1059 3192 1240 3267 anneslitut,
1261 3205 1297 3252 ut
1320 3192 1410 3252 sacile

218 3289 421 3381 dignoscitur,
443 3306 566 3366 eundem
585 3305 763 3383 Scriptorem
784 3304 855 3383 else,
877 3305 927 3383 qui
948 3322 993 3366 res
1014 3302 1316 3385 Judaeorumaprima
1336 3322 1410 3378 cap-

219 3416 338 3479 tivitate
369 3415 522 3479 successive
554 3435 666 3479 narrare
697 3418 802 3497 pergit.
843 3418 945 3494 Atque
971 3417 1040 3478 huic
1069 3434 1129 3478 non
1158 3414 1265 3477 dubito
1286 3414 1409 3475 annetli

219 3527 323 3589 librum
344 3528 441 3604 Ester;
468 3546 533 3589 nam
553 3528 739 3607 conjunctio,
767 3549 824 3607 qua
844 3528 870 3590 is
890 3528 964 3589 liber
983 3528 1105 3605 incipit,
1127 3531 1164 3590 ad
1183 3528 1295 3588 nullum
1317 3528 1409 3587 alium

220 3640 319 3700 referri
340 3640 446 3716 potest.
487 3644 552 3701 Nec
574 3644 749 3704 credendum
770 3642 828 3717 esi,
847 3659 913 3702 eum
934 3644 1058 3702 eundem
1078 3640 1153 3715 else,
1174 3657 1260 3716 quem
1280 3641 1409 3700 Mardo-

221 3752 319 3813 chaeus
347 3752 474 3829 scripfit;
501 3772 566 3815 nam
594 3774 658 3831 cap.
678 3773 708 3832 9.
737 3753 810 3817 vers.
831 3772 887 3830 20,
907 3770 964 3829 21,
984 3770 1034 3814 22.
1060 3769 1156 3813 narrat
1184 3753 1257 3813 alter
1279 3754 1318 3812 de
1341 3751 1409 3827 ipso

222 3864 430 3942 Mardochaeo,
462 3870 543 3943 quod
574 3868 708 3944 epistolas
740 3866 902 3944 scripserit,
934 3881 965 3927 et
995 3866 1067 3942 quid
1098 3865 1153 3926 illae
1183 3864 1408 3926 continuerint:

221 3976 329 4038 deinde
356 3978 430 4039 vers.
452 3994 500 4054 3¹·
529 3978 654 4055 ejusdem
683 3999 765 4057 cap,
792 3983 875 4058 quod
901 3979 1000 4059 regina
1026 3979 1108 4040 Ester
1128 3978 1225 4041 edisio
1245 3978 1407 4040 firmaverit

220 4109 266 4151 res
294 4092 330 4151 ad
359 4090 461 4151 sellum
488 4092 615 4153 Sortium
637 4092 762 4176 (Purim)
783 4093 981 4170 pertinentes,
1002 4107 1032 4154 et
1052 4096 1134 4172 quod
1155 4091 1293 4172 scriptum
1315 4092 1407 4157 fucrit

256 4326 269 4361 l
304 4324 351 4385 lid.
368 4326 425 4377 tn:
446 4339 484 4381 ta.
