2934 4900
565 347 621 406 De
651 345 806 406 Mente.
1241 361 1282 420 99

509 531 872 577 ntnonscnrto

126 625 244 688 Mentis
270 625 338 688 idea
366 624 425 692 slve
453 626 587 706 cognitio
616 627 689 706 (per
718 628 807 706 Prop.
829 643 879 687 eo.
900 623 1001 705 nujus)
1029 625 1059 686 in
1087 625 1155 688 Deo
1177 626 1280 687 eodem

83 741 180 800 modo
200 737 351 817 sequitur,
372 754 402 801 et
424 741 460 800 ad
481 740 576 800 Deum
598 741 701 800 eodem
722 740 813 799 modo
834 739 976 813 refertur,
996 756 1030 798 ac
1051 737 1195 814 Corporis
1215 737 1280 799 idea

83 847 147 912 five
179 849 325 930 cognitio.
366 851 409 913 At
440 851 579 928 quoniam
611 851 684 932 (per
715 853 804 930 Prcp.
829 867 875 928 19.
905 848 1006 931 hujus)
1036 851 1125 913 Mens
1154 851 1280 912 humana

84 961 182 1038 ipsum
214 963 373 1026 humanum
402 963 520 1041 Corpus
548 981 610 1026 non
637 963 809 1043 cognoscit;
830 962 888 1024 hoc
909 963 951 1023 est
971 962 1045 1042 (pcc
1066 963 1169 1023 Coreli.
1190 963 1279 1040 Prop.

87 1090 135 1135 11.
157 1073 280 1156 hujus),
308 1076 448 1153 quoniam
473 1075 607 1156 cognitio
629 1075 773 1154 Corporis
794 1075 913 1137 humani
933 1076 972 1138 ad
991 1076 1087 1137 Deum
1107 1093 1169 1137 non
1189 1077 1278 1136 rescr-

83 1202 135 1248 tur
141 1232 153 1265 ,
174 1203 324 1265 quatenus
344 1187 476 1250 humane
497 1188 610 1250 Mentis
631 1204 763 1250 naturam
785 1187 955 1265 constituit;
977 1205 1047 1268 ergo
1069 1205 1123 1249 nec
1144 1185 1277 1266 cognitio

82 1298 203 1362 Mentis
231 1303 269 1362 ad
295 1301 391 1362 Deum
419 1303 558 1377 refertur,
580 1316 726 1378 quatenus
748 1301 897 1363 essentiam
917 1300 1032 1362 Mentis
1051 1299 1184 1361 hunranae
1205 1317 1277 1360 con-

83 1409 201 1488 stituit;
224 1428 313 1489 atque
333 1415 409 1474 adeo
431 1413 446 1492 <
449 1426 505 1493 per
524 1415 597 1474 idem
617 1415 720 1475 Coreli.
742 1416 831 1494 Prop.
856 1430 901 1474 11.
922 1412 1023 1493 nujus)
1044 1415 1132 1474 Mens
1152 1413 1277 1474 humana

83 1539 214 1585 eatenus
234 1524 263 1586 se
284 1523 374 1602 ipsam
395 1543 456 1586 non
477 1527 641 1606 cognoscit.
667 1527 783 1590 Deinde
805 1527 1009 1603 affediionum,
1029 1525 1139 1603 quibus
1160 1525 1277 1601 Corpus

82 1636 232 1712 afficitur,
253 1636 325 1698 ideae
346 1653 479 1699 naturam
499 1637 588 1716 ipsius
611 1638 755 1716 Corporis
775 1640 894 1701 humani
915 1640 1076 1703 involvunt
1098 1638 1171 1718 (per
1188 1640 1276 1717 Prop.

10 1831 15 1838 ι
84 1752 132 1811 16.
153 1748 277 1829 liujus),
302 1749 361 1810 hoc
390 1751 430 1811 est
459 1751 532 1831 (per
552 1753 641 1832 Prop.
666 1771 712 1830 13.
733 1751 835 1832 dusius)
857 1772 922 1814 cunr
944 1768 1047 1814 natura
1068 1750 1182 1812 Mentis
1204 1768 1275 1811 con-

80 1863 228 1939 veniunt;
249 1881 337 1940 quare
358 1863 459 1925 haruin
480 1863 610 1926 idearum
629 1865 764 1946 cognitio
783 1866 983 1947 cognitionem
994 1865 1108 1927 Mentis
1118 1863 1274 1926 necessario

78 1976 237 2039 involvet:
266 1991 296 2038 at
325 1975 399 2056 (per
427 1978 515 2058 Prop.
540 1979 679 2059 preccd.)
707 1979 809 2040 harum
837 1979 966 2041 idearum
996 1977 1130 2058 cognitio
1158 1976 1187 2038 in
1214 1975 1275 2052 ipsa

77 2087 208 2149 humana
229 2089 333 2150 Mente
351 2088 407 2166 est;
425 2107 494 2169 ergo
513 2090 601 2152 Mens
618 2090 745 2153 humana
763 2107 886 2153 eatenus
905 2105 1019 2153 tantum
1031 2090 1164 2167 seipsam
1177 2088 1274 2153 novit.

82 2199 119 2276 Q.
142 2199 181 2260 E.
203 2199 245 2260 D.

445 2312 775 2375 PROPOSITIO
806 2313 915 2374 XXIV.

121 2423 212 2484 Mens
240 2420 367 2484 domm
382 2427 516 2503 partium
545 2423 656 2504 Corpus
677 2422 832 2486 humanum
853 2426 1070 2504 componentium
1090 2411 1273 2502 adaquatum

77 2539 269 2612 cognitionem
289 2554 343 2597 non
363 2537 498 2599 involvit.

483 2700 878 2745 nnuonsuaarro

117 2792 224 2855 Partes
244 2792 361 2870 Corpus
381 2792 538 2855 humanum
560 2810 774 2871 componentes
796 2797 832 2857 ad
853 2794 1002 2856 essentiam
1022 2794 1112 2871 ipsius
1130 2794 1272 2871 Corporis

75 2922 138 2965 non
161 2904 331 2982 pertinent,
360 2904 412 2965 nist
434 2920 581 2982 quatenus
602 2920 701 2967 motus
720 2906 791 2967 suos
812 2922 892 2967 certa
913 2909 1038 2983 quadam
1058 2905 1172 2966 ratione
1193 2903 1270 2967 invi·

76 3035 141 3077 cem
165 3016 385 3078 communicant
406 3016 487 3095 (vide
506 3016 602 3097 Defin.
620 3018 682 3097 post
705 3018 807 3078 Coroll.
829 3016 967 3080 Lemmar.
983 3017 1044 3096 3.)‚
1065 3032 1097 3077 et
1116 3034 1177 3076 non
1198 3033 1270 3092 qua-

76 3144 168 3191 tenus
190 3144 225 3190 ut
245 3128 420 3205 individua,
432 3130 540 3207 absque
559 3130 703 3192 relatione
723 3132 760 3191 ad
777 3131 935 3192 humanum
953 3130 1070 3206 Corpus
1077 3126 1271 3205 ,considerari

75 3242 211 3319 possunt.
251 3242 327 3304 Sunt
359 3241 436 3304 enim
467 3258 566 3319 partes
598 3242 716 3305 humani
737 3242 891 3320 Corporis
923 3242 998 3323 (per
1017 3244 1091 3321 Post.
1116 3242 1156 3322 1.)
1185 3242 1269 3304 valde

77 3353 245 3431 composita
272 3354 447 3431 Individua,
474 3372 599 3432 quorum
628 3369 727 3432 partes
756 3355 830 3435 (per
857 3356 935 3417 Lena
956 3355 1000 3435 4)
1023 3374 1040 3414 a
1061 3354 1194 3431 Corpore
1215 3352 1269 3414 hu-

78 3484 187 3543 mano,
214 3465 327 3530 servata
358 3466 478 3529 omnino
507 3466 635 3545 ejusdem
664 3448 768 3531 natura
790 3485 821 3530 et
841 3469 951 3544 forma,
971 3468 1111 3547 segregari
1133 3467 1270 3545 possunt,

79 3578 237 3657 motusque
265 3579 336 3641 suos
366 3581 447 3658 (vide
467 3584 582 3641 Aciom.
609 3598 634 3643 1.
656 3582 751 3661 *post
770 3582 848 3643 Lena
870 3582 912 3662 3.)
935 3580 999 3642 aliis
1019 3580 1193 3657 corporibus
1215 3579 1269 3640 alia

78 3690 196 3753 ratione
227 3691 458 3768 communicare;
490 3694 625 3770 adeoque
658 3692 731 3771 (per
762 3694 850 3773 Prop.
880 3709 908 3769 3.
934 3691 1035 3773 liujus)
1068 3690 1268 3769 cujuscunque
1347 3727 1350 3731 ⁴
1458 3687 1459 3716 ³

78 3802 172 3880 partis
193 3802 259 3865 idea
279 3802 338 3867 sive
360 3804 493 3882 cognitio
515 3803 545 3866 in
567 3806 633 3866 Deo
656 3804 726 3881 etit,
749 3820 780 3865 et
799 3804 918 3881 quidem
939 3805 1012 3884 (per
1027 3806 1116 3885 Prop.
1125 3822 1155 3881 9.
1166 3802 1267 3881 liujus)

79 3932 228 3993 quatenus
249 3916 370 3978 affectus
392 3914 589 3979 consideratur
610 3916 666 3978 alid
686 3916 752 3979 idei
773 3915 813 3977 rei
834 3915 998 3995 singularis,
1019 3934 1084 3993 quae
1105 3932 1151 3977 res
1172 3914 1267 3994 fingu-

76 4026 147 4087 laris
166 4026 229 4104 ipsa
249 4042 333 4105 parte
356 4026 457 4089 ordine
478 4030 600 4090 Naturae
621 4028 701 4105 prior
722 4029 763 4090 est
785 4028 859 4108 (per
878 4031 968 4110 Prop.
990 4045 1018 4105 7.
1039 4028 1150 4107 dosics).
1175 4029 1267 4111 Quod

78 4140 155 4201 idem
188 4155 328 4216 praeterea
360 4140 446 4201 etiam
476 4142 513 4203 de
542 4160 716 4219 quacunque
745 4158 828 4219 parte
856 4141 944 4218 ipfiut
971 4140 1121 4205 individui
1149 4140 1267 4217 Corpus

114 4356 127 4385 ⁶
162 4352 210 4405 Ed.
227 4353 284 4405 Pnt
302 4352 406 4406 Axion.
422 4368 447 4406 a.
