2934 4900
504 364 643 441 Caput
674 366 726 426 111.
1149 384 1207 444 293

65 541 88 619 ᾗ.
107 532 157 602 llll
187 542 217 603 si
241 542 357 605 Civitas
378 540 462 603 alicui
485 542 628 603 concedat
650 542 720 621 Jus,
742 555 773 601 et
796 540 1011 617 consequenter
1032 542 1205 616 potestatem

37 654 99 729 [nam
125 654 194 714 alias
222 673 274 730 per
301 656 366 715 Art.
391 670 435 713 12.
458 655 581 729 praeced.
603 652 676 728 Cap.
697 654 786 713 verba
813 666 927 713 tantum
949 652 1062 731 dedit),
1084 652 1205 715 vivendi

36 782 60 823 et
85 764 133 825 suo
162 766 300 845 ingenio,
329 786 365 827 eo
394 764 458 842 ipso
485 764 539 826 suo
565 764 630 841 jure
660 763 757 839 cedit,
786 779 816 823 et
845 763 874 823 in
895 781 961 823 eum
983 764 1137 840 transfert,
1157 763 1205 825 cui

36 878 103 935 talem
123 878 298 953 potestatem
320 877 413 939 dedit.
443 877 473 937 Si
496 891 593 937 autem
615 878 732 938 duobus
755 892 806 936 aut
828 874 961 951 pluribus
980 875 1055 935 hanc
1077 876 1205 951 potesta-

36 1002 78 1047 tem
106 989 203 1064 dedit,
237 1004 271 1051 ut
303 989 411 1050 scilicet
443 988 641 1065 unusquisque
673 1007 710 1048 ex
738 988 792 1049 suo
820 986 941 1066 ingenio
962 986 1062 1062 vivat,
1083 1006 1120 1048 eo
1141 988 1206 1065 ipso

36 1096 163 1173 inperium
185 1101 303 1176 divisrt;
325 1116 356 1161 et
375 1100 395 1159 li
417 1100 544 1177 denique
567 1099 726 1176 unicuique
747 1098 856 1161 civium
878 1099 953 1159 hanc
974 1102 1095 1161 eandem
1118 1117 1205 1176 pote·

36 1206 115 1269 larem
136 1212 236 1289 dedit,
257 1232 294 1273 eo
316 1213 380 1288 ipso
402 1212 460 1272 sese
482 1212 640 1287 destruxit,
661 1231 715 1273 nec
737 1226 834 1271 manet
856 1213 980 1288 amplius
1001 1212 1133 1291 Civitas,
1155 1214 1203 1275 sed

36 1324 136 1383 redeunt
165 1325 266 1386 omnia
298 1327 334 1386 ad
365 1324 468 1385 statum
501 1326 668 1385 naturalem.
697 1326 772 1406 Quae
794 1322 892 1383 omnia
913 1342 950 1385 ex
971 1325 1205 1400 praecedentibus

36 1434 233 1497 nanifestiffima
254 1439 345 1513 liunt;
366 1452 456 1514 atque
477 1438 551 1497 adeo
574 1434 715 1513 sequitur,
738 1437 816 1496 nulla
836 1434 951 1496 ratione
971 1436 1051 1512 polle
1069 1438 1204 1514 concipi,

36 1550 99 1621 quod
128 1550 287 1629 unicuique
320 1550 379 1613 civi
411 1568 448 1610 ex
479 1547 620 1611 Civitatis
651 1547 787 1611 instituto
819 1547 907 1608 liceat
937 1567 974 1608 ex
1001 1548 1054 1610 suo
1086 1549 1205 1629 ingenio

37 1654 131 1734 viverem
157 1676 187 1721 et
208 1659 424 1736 consequenter
445 1658 502 1719 hoc
523 1659 577 1738 Jus
599 1658 745 1731 naturale,
774 1660 856 1733 quod
877 1656 986 1719 scilicet
1008 1658 1205 1736 unusquisque

38 1764 68 1823 lui
83 1768 166 1842 judex
189 1772 249 1847 est,
270 1770 300 1831 in
322 1770 398 1831 statu
417 1768 497 1833 civili
530 1766 684 1829 necessario
712 1766 808 1829 cessat.
849 1769 926 1831 Dico
948 1769 1077 1845 expresse
1098 1792 1135 1830 ee
1156 1773 1204 1830 Ci-

37 1880 122 1939 nimis
139 1884 285 1961 instituto,
306 1900 371 1943 nam
391 1883 444 1962 Jus
465 1883 587 1941 Naturae
610 1879 837 1957 uniuscujusque
850 1880 885 1960 (st
906 1884 982 1943 recle
1002 1899 1060 1943 rem
1080 1900 1204 1958 perpen-

39 1988 132 2069 damus)
151 1993 182 2054 in
203 1996 281 2056 statu
301 1994 381 2058 civili
403 2013 464 2055 non
486 1992 581 2055 cessit.
603 1994 702 2053 Homo
724 2011 869 2071 namque,
891 2007 949 2054 tam
971 1994 1001 2055 in
1022 1994 1098 2055 statu
1118 2011 1204 2055 natu-

38 2100 168 2178 reliquam
186 2106 283 2182 civili,
302 2126 339 2167 ex
357 2105 471 2185 legibus
493 2106 550 2166 suae
569 2120 678 2169 naturae
698 2104 774 2184 agit,
791 2105 910 2182 suaeque
928 2104 1050 2167 utilitati
1067 2107 1205 2168 consulit.

40 2209 134 2291 llomo,
160 2217 296 2296 inquam,
325 2218 354 2278 in
383 2233 510 2294 utroque
531 2217 607 2279 statu
628 2218 677 2293 spe
699 2233 752 2277 aut
773 2232 856 2279 metu
877 2217 997 2279 ducitur
1017 2222 1053 2279 ad
1073 2218 1132 2280 hoc
1152 2235 1205 2280 nut

39 2322 92 2385 illud
111 2334 250 2408 agendum
272 2333 320 2393 vel
341 2331 552 2405 omittendum;
584 2330 632 2393 sed
654 2330 803 2408 praecipua
825 2332 901 2391 inter
923 2346 1079 2410 utrumque
1099 2333 1204 2395 statum

40 2434 179 2505 diserentia
200 2445 260 2521 eli,
287 2446 368 2522 quod
389 2442 419 2505 in
441 2444 516 2504 statu
538 2442 618 2508 civili
641 2462 743 2506 omnes
764 2446 865 2505 eadem
887 2461 1037 2522 metuant,
1057 2461 1088 2507 et
1110 2444 1203 2508 omni-

39 2547 80 2606 bus
104 2572 156 2614 una
184 2559 344 2633 eademque
373 2555 537 2618 securitatis
558 2556 592 2617 srt
614 2556 698 2619 causa
720 2546 894 2621 et'vivendi
914 2559 1006 2634 rati03
1033 2563 1115 2636 quod
1137 2559 1203 2621 sane

37 2655 162 2727 judicandi
193 2671 363 2729 facultatem
397 2666 625 2744 uniuscujusque
657 2687 717 2729 non
751 2668 839 2729 tollit.
881 2669 941 2751 Qui
970 2671 1046 2730 enim
1067 2671 1204 2732 omnibus

40 2767 155 2838 (lunaris
175 2779 319 2842 mandatis
341 2781 542 2855 obtemperare
564 2779 735 2855 constituit,
752 2779 812 2842 slve
830 2778 895 2857 ejus
913 2781 1077 2856 potentiam
1097 2782 1204 2843 metuit

39 2884 73 2940 uel
90 2888 150 2962 quia
171 2891 410 2969 tranquillitatem
432 2907 522 2966 amat,
545 2890 570 2951 is
591 2893 726 2967 profecto
744 2891 802 2953 suae
821 2891 969 2954 securitati
987 2893 1104 2970 suaeque
1122 2893 1202 2954 utili·

40 2994 80 3054 rari
98 3017 129 3058 ex
149 3003 200 3067 suo
223 3004 341 3083 ingenio
363 3003 498 3065 consulit.

68 3105 88 3182 i·
106 3113 153 3174 IV.
194 3118 336 3178 Praeterea
365 3115 520 3192 concipere
550 3115 636 3176 etiam
665 3134 725 3177 non
752 3113 918 3192 possumus,
939 3119 1020 3194 quod
1041 3117 1201 3194 unicuique

40 3213 81 3276 livi
105 3223 184 3289 liceat
214 3227 355 3291 Civitatis
384 3230 500 3289 decreta
531 3226 580 3288 seu
597 3227 663 3304 jura
685 3227 877 3304 interpretari.
918 3230 993 3289 Nam
1015 3227 1037 3288 sr
1056 3229 1114 3290 hoc
1135 3228 1200 3289 uni·

41 3327 122 3407 mique
150 3339 267 3416 liceret,
296 3361 333 3402 eo
355 3338 419 3416 ipso
441 3339 484 3402 sui
502 3339 596 3418 judex
618 3338 702 3416 ellet;
735 3339 975 3418 quandoquidem
1003 3341 1200 3419 unusquisque

42 3437 95 3502 ilsla
114 3447 158 3510 sua
178 3452 274 3530 specie
299 3451 373 3528 juris
405 3453 485 3513 nullo
508 3452 630 3531 negotio
650 3453 786 3516 excusare
808 3454 857 3516 seu
879 3457 1019 3517 adornare
1039 3456 1148 3532 posset,
1170 3472 1201 3517 et

42 3555 225 3636 consequenter
242 3584 279 3625 ex
298 3563 351 3626 suo
369 3563 488 3643 ingenio
508 3563 597 3626 vitam
616 3564 794 3641 institueret,
806 3570 888 3644 quod
900 3567 971 3646 (per
982 3567 1053 3627 Art.
1059 3568 1198 3646 praced.)

41 3662 68 3720 tsi
86 3671 236 3740 absurdum.

69 3777 91 3854 S·
108 3784 141 3846 V·
171 3789 312 3852 Videmus
333 3789 452 3866 itaque,
474 3809 710 3868 trnttmquemque
731 3790 825 3853 civem
847 3809 907 3853 non
930 3791 972 3854 sui
991 3792 1041 3854 sed
1059 3791 1199 3856 Civitatis

39 3877 93 3952 luris
116 3897 182 3976 elle,
210 3899 294 3977 cujus
322 3899 419 3960 omnia
447 3902 581 3962 mandata
610 3917 727 3964 tenetur
754 3903 878 3980 exequi;
905 3922 959 3964 nec
981 3905 1070 3966 ullum
1092 3904 1198 3966 habere

40 3989 74 4062 sus
88 4004 267 4089 decernendi,
285 4012 356 4090 quid
384 4032 515 4089 aequum,
536 4013 609 4090 quid
629 4013 761 4092 iniquum
768 4059 778 4090 ,
800 4015 872 4093 quid
893 4016 991 4092 pium,
1012 4016 1122 4093 quidve
1144 4015 1196 4076 im·

43 4105 102 4174 rium
130 4119 175 4200 s1t;
207 4124 255 4186 sed
287 4141 406 4200 contra,
438 4124 506 4202 quia
538 4125 649 4202 imperii
682 4145 790 4202 corpus
815 4147 874 4188 una
895 4127 988 4190 veluti
1009 4143 1106 4188 mente
1128 4126 1198 4188 duci

43 4217 123 4304 leber,
150 4251 178 4296 et
208 4237 423 4314 consequenter
452 4236 591 4300 Civitatis
622 4241 761 4302 voluntas
792 4257 846 4316 pro
879 4239 1009 4300 omnium
1040 4240 1196 4301 voluntate

42 4325 146 4404 labenda
162 4349 214 4425 ell,
232 4348 279 4426 id,
297 4353 378 4429 quod
396 4349 510 4412 Civitas
524 4349 631 4430 justum
644 4365 673 4412 et
684 4353 796 4414 bonum
817 4349 872 4412 else
894 4351 1040 4428 decernit,
1059 4367 1197 4426 tanquam
