2934 4900
346 352 845 434 Theologico·Politici
877 351 949 429 Cap.
971 354 1024 413 lV.
1230 368 1288 433 427

104 544 203 602 neque
234 526 338 604 etiam,
369 530 452 605 quod
483 544 520 591 ex
552 529 656 605 populi
688 529 835 591 communi
868 527 1038 591 obedientia
1068 529 1098 590 in
1118 529 1170 589 tali
1190 528 1290 591 mundi

105 639 191 717 plaga
210 638 367 701 necessario
385 640 554 717 sequeretur
572 642 693 717 scopus,
714 643 750 703 ad
771 660 857 718 quern
878 640 1074 702 collimabant.
1103 642 1293 723 Quapropter

104 754 169 813 haec
196 752 295 814 omnia
321 771 382 815 non
410 770 444 814 ut
472 770 595 815 aeternas
623 754 782 830 veritates,
808 754 857 816 sed
887 770 920 816 ut
942 769 1088 830 praecepta
1110 768 1140 815 et
1160 752 1291 814 instituta

107 865 257 942 percepit,
285 881 316 927 et
342 881 481 943 tanquam
509 866 566 928 Dei
594 866 674 945 leges
701 866 892 943 prescripsrt3
913 882 944 927 et
964 866 1032 928 hinc
1053 868 1160 929 fassum
1182 866 1238 941 est,
1259 882 1293 927 ut

105 981 203 1042 Deum
233 982 390 1054 restorem,
427 979 640 1059 legislatorem,
678 996 791 1058 regem,
824 978 1053 1056 misericordem,
1079 978 1204 1056 justum,
1236 992 1294 1039 etc.

106 1092 331 1172 imaginaretur,
350 1112 417 1154 curn
438 1108 535 1153 tamen
554 1092 618 1152 haec
638 1090 737 1153 omnia
759 1090 848 1153 solius
870 1090 1003 1153 humanae
1024 1107 1133 1153 nature
1145 1090 1293 1152 santattri·

106 1208 197 1282 buta,
225 1221 255 1267 et
276 1224 293 1265 a
312 1220 415 1267 natura
442 1204 544 1267 divina
564 1204 682 1281 prorsus
702 1206 889 1267 removenda.
915 1205 1017 1281 Atque
1038 1205 1096 1265 hoc
1117 1204 1235 1282 inquam
1256 1207 1293 1267 de

107 1318 178 1379 solis
208 1317 365 1394 Prophetis
395 1318 569 1392 dicendum,
599 1316 651 1393 qui
683 1316 802 1377 nomine
833 1316 890 1378 Dei
921 1317 1000 1396 leges
1021 1316 1210 1393 scripserunt,
1232 1334 1292 1377 non

107 1447 206 1493 autem
227 1433 264 1492 de
284 1430 416 1506 Christo;
437 1432 474 1491 de
495 1430 610 1491 Christo
632 1429 726 1506 eninr,
749 1430 883 1507 quamvis
903 1429 929 1491 is
950 1430 1038 1491 etiarn
1059 1425 1196 1493 videatur
1215 1430 1293 1509 leges

107 1543 166 1605 Dei
185 1544 304 1605 nomine
325 1542 480 1621 scripsisse,
504 1542 686 1604 sentiendum
707 1557 805 1603 tamen
832 1542 889 1618 cst,
916 1560 982 1604 etam
1008 1560 1054 1605 res
1074 1560 1144 1605 vere
1165 1557 1195 1604 et
1217 1544 1293 1603 adae-

108 1671 199 1733 quate
230 1654 403 1731 percepisse:
435 1674 501 1716 nam
531 1653 662 1716 Christus
694 1674 755 1716 non
788 1670 847 1715 tam
878 1652 1025 1731 Propheta
1057 1672 1144 1731 quarn
1173 1672 1208 1714 os
1238 1653 1295 1714 Dei

94 1766 176 1827 suit.
207 1768 290 1828 Deus
320 1766 397 1827 enim
427 1784 480 1843 per
510 1782 636 1827 mentem
667 1766 774 1827 Christi
805 1766 854 1845 (ut
872 1765 916 1827 'in
937 1766 1011 1843 Cap.
1038 1763 1296 1843 mollendinem),

108 1877 193 1939 srcuti
224 1894 293 1939 ante
314 1896 367 1954 per
386 1878 536 1957 Angelos,
563 1896 668 1953 nempe
695 1896 748 1954 per
773 1896 878 1941 vocem
906 1892 1047 1954 creatam,
1069 1878 1217 1953 visiones,
1237 1893 1296 1939 etc.

108 1993 242 2067 qnaedam
278 1990 407 2053 humano
444 1990 542 2069 generi
579 1990 732 2053 revelavit.
774 1992 963 2074 Quapropter
1001 2010 1085 2069 aque
1115 2010 1132 2051 a
1163 1991 1293 2053 Ratione

109 2104 235 2165 alienum
267 2102 336 2165 etlet
366 2103 510 2180 statuere,
538 2105 635 2165 Deum
664 2102 731 2165 suas
758 2102 955 2166 revelationes
976 2102 1169 2179 opinionibus
1190 2102 1296 2165 Christi

109 2215 386 2293 accommodavisse,
413 2234 448 2277 ac
475 2219 558 2293 quod
585 2217 668 2277 Deus
693 2232 780 2277 antea
801 2215 867 2278 suas
887 2214 1083 2278 revelationes
1104 2214 1296 2292 opinionibus

109 2328 293 2407 angelorum,
324 2326 382 2389 hoc
411 2326 452 2388 est
478 2326 565 2390 vocis
593 2332 697 2388 c'reatae
718 2342 750 2387 et
778 2326 939 2402 visionum,
959 2328 1242 2405 accommodaverit,
1263 2344 1296 2390 ut

109 2461 156 2504 res
183 2440 355 2504 revelandas
379 2439 535 2517 Prophetis
561 2438 807 2516 communicaret;
829 2459 889 2518 quo
912 2439 1030 2518 quidem
1051 2440 1123 2502 nihil
1144 2439 1296 2503 absurdius

108 2555 197 2616 statui
217 2553 330 2630 pollct;
349 2551 505 2630 presertim
527 2571 593 2614 curn
615 2569 675 2614 non
697 2555 734 2614 ad
756 2553 835 2614 solos
856 2555 992 2634 Judaeos,
1013 2553 1063 2616 sed
1079 2569 1177 2616 toturn
1194 2553 1293 2616 huma-

108 2686 179 2729 num
210 2684 302 2746 genua
330 2666 496 2727 docendum
528 2663 626 2726 missus
656 2664 763 2740 luerit,
795 2667 929 2743 adeoque
961 2683 1021 2726 noa
1053 2665 1121 2727 satis
1153 2681 1230 2742 erat,
1261 2683 1295 2728 ut

109 2793 235 2840 mentem
260 2776 453 2854 opinionibus
480 2777 658 2858 Judaeorunr·
676 2793 791 2840 tantum
817 2779 1065 2840 accommodatam
1085 2778 1225 2855 haberet,
1246 2779 1296 2842 sed

109 2891 302 2968 opinionibus
332 2906 363 2951 et
392 2889 578 2952 documentis
608 2889 738 2952 humano
769 2890 867 2969 generi
899 2889 1128 2967 universalibus,
1165 2890 1223 2952 hoc
1254 2893 1295 2952 est

109 3003 285 3066 notionibus
320 3001 525 3065 communibus
559 3017 591 3062 ct
629 3001 716 3065 veris.
758 2999 798 3062 Et
829 3001 895 3062 sane
927 3019 964 3062 ex
995 3000 1071 3076 hoc,
1101 3003 1182 3078 quod
1212 3003 1295 3062 Deus

106 3117 243 3193 Christo,
272 3117 332 3180 srve
363 3115 426 3192 ejus
457 3114 566 3190 menti,
596 3113 656 3174 sese
687 3113 852 3174 immediate
884 3111 1076 3187 revelaverit,
1106 3127 1137 3172 et
1169 3131 1228 3173 non
1260 3128 1294 3174 ut

107 3229 279 3306 Prophetis,
308 3245 360 3303 per
387 3229 476 3290 verba
505 3242 535 3286 et
563 3225 720 3304 imagines,
749 3223 821 3286 nihil
849 3223 927 3286 aliud
948 3223 1109 3302 intelligere
1129 3223 1296 3299 possumus,

107 3360 197 3419 quam
221 3343 304 3418 quod
331 3339 462 3400 Christus
489 3357 535 3399 res
561 3339 705 3400 revelatas
725 3354 794 3400 vete
817 3336 949 3412 percepit
969 3335 1029 3398 stve
1049 3335 1212 3413 intellexit;
1233 3352 1295 3398 tum

106 3453 186 3516 enirn
213 3471 260 3513 res
286 3451 476 3530 intelligitur,
500 3469 566 3512 cum
594 3450 655 3526 ipsa
676 3452 749 3525 pura
770 3463 867 3510 mente
889 3463 973 3510 eatra
994 3450 1083 3511 verba
1104 3463 1135 3510 et
1156 3447 1295 3528 imagines

106 3565 278 3644 percipitur.
320 3563 450 3626 Christus
477 3563 578 3639 itaque
599 3581 644 3624 res
664 3562 809 3625 revelatas
831 3579 898 3625 vere
921 3576 951 3622 et
972 3563 1126 3638 adaequate
1148 3562 1294 3638 percepit;

106 3679 128 3739 st
156 3677 246 3756 igitur
276 3695 325 3738 eas
355 3692 494 3754 tanquam
524 3676 604 3755 leges
631 3693 761 3752 unquam
789 3673 977 3752 praescripsrt,
997 3673 1027 3735 id
1048 3687 1170 3751 propter
1191 3675 1308 3750 populi·

106 3787 302 3868 ignorantiam
330 3803 360 3848 et
388 3785 578 3863 pertinaciam
606 3786 693 3862 fecit;
716 3804 806 3864 quare
827 3787 881 3848 hac
903 3787 933 3848 in
954 3805 984 3848 re
1005 3785 1099 3849 vicem
1121 3786 1178 3848 Dei
1199 3789 1294 3867 gelht,

107 3903 192 3978 quod
220 3899 277 3961 sese
306 3900 426 3979 ingenio
454 3899 558 3976 populi
580 3899 833 3975 accommodavit,
855 3914 885 3960 et
906 3899 990 3975 ideo,
1010 3898 1143 3976 quamvis
1164 3898 1294 3977 aliquan-

108 4013 202 4074 tulum
229 4011 333 4074 clarius
360 4029 446 4089 quam
476 4011 573 4072 caeteri
601 4012 756 4088 Prophetae
786 4013 905 4074 locutus
931 4011 982 4088 stt,
1003 4011 1125 4073 obscure
1146 4029 1243 4074 tamen
1264 4029 1294 4074 et

107 4120 214 4197 saepius
244 4139 297 4197 per
327 4122 480 4196 parabolas
510 4138 556 4182 res
586 4121 729 4183 revelatas
762 4121 882 4197 docuit;
922 4121 1076 4197 praesertim
1108 4125 1228 4200 quando
1258 4123 1294 4184 iis

106 4234 298 4310 loquebatur,
320 4231 427 4309 quibus
454 4235 585 4294 nondum
607 4235 807 4310 detonuerat,
832 4233 991 4314 intelligere
1012 4251 1131 4314 regnunt
1153 4237 1291 4298 coelorum

108 4343 192 4425 (vide
213 4343 323 4408 Matth.
345 4363 409 4421 cap.
424 4360 469 4421 ¹3·
491 4344 697 4426 vs.1o.etc.).
728 4346 768 4407 Et
790 4345 847 4407 stne
869 4345 960 4410 dubio
983 4365 1051 4423 eos,
1073 4347 1290 4427 quibusdatum
