2934 4900
589 347 645 406 De
676 348 773 407 Deo.
1229 367 1267 428 43

73 517 199 579 cellario
225 519 348 580 deberet
368 519 489 582 existere
509 518 580 603 (per
599 524 688 603 Prop.
710 524 772 602 7.);
798 526 933 601 adeoque
954 527 1091 586 darentur
1111 529 1176 587 duae
1198 526 1264 587 sub·

73 628 191 690 stantiae
214 628 343 707 ejusdem
364 632 516 711 attributi,
537 637 619 712 quod
639 635 680 696 ell
700 636 854 699 absurdum
876 638 948 717 (per
967 640 1056 718 Prop.
1077 636 1129 719 5.).
1160 622 1274 701 Existit'

74 760 149 821 ergo
171 742 298 806 infinita.
322 747 356 824 Q.
378 746 415 807 Ε.
437 746 477 807 D.

530 908 775 953 senorium
808 896 830 953 L

119 1035 197 1096 Cum
217 1036 332 1097 finitum
354 1035 409 1097 elle
430 1054 530 1100 revera
551 1038 585 1099 srt
606 1056 644 1099 ex
665 1054 748 1114 parte
765 1038 896 1117 negatio,
916 1053 947 1101 et
967 1039 1112 1100 infinitum
1133 1039 1266 1101 absoluta

75 1149 234 1211 affirmatio
256 1150 416 1211 existentiae
439 1149 561 1227 alicujus
582 1165 709 1226 nature,
736 1151 867 1228 sequitur
888 1170 957 1232 ergo
980 1171 1016 1212 ex
1034 1150 1093 1213 sola
1113 1169 1141 1229 7.
1159 1154 1266 1233 Prop.,

76 1280 197 1323 omnem
217 1261 402 1323 substantiam
423 1264 529 1325 debere
550 1262 607 1324 elle
628 1262 779 1324 infinitam.

518 1424 764 1468 scrtorruu
796 1408 832 1467 Il.

118 1538 191 1597 Non
213 1536 319 1599 dubito
341 1536 412 1613 quin
436 1534 589 1612 omnibus,
610 1534 661 1612 qui
682 1536 719 1596 de
736 1536 823 1596 rebus
841 1533 963 1596 confuse
977 1534 1130 1611 judicant,
1150 1552 1203 1595 nec
1221 1554 1267 1595 res

76 1669 131 1727 per
159 1648 266 1725 primas
293 1648 358 1711 suas
386 1649 486 1711 causas
515 1648 633 1710 noscere
661 1648 894 1724 consueverunt,
921 1646 1039 1709 difficile
1067 1646 1117 1723 srt,
1146 1650 1265 1709 demon·

76 1762 247 1823 strationem
268 1778 297 1838 7.
318 1764 407 1843 Prop.
436 1762 608 1839 concipere;
640 1760 774 1822 nimirum
803 1759 954 1837 quianon
982 1758 1163 1838 distinguunt
1190 1760 1266 1819 inter

77 1872 315 1935 modificationes
326 1872 546 1935 substantiarum
558 1888 587 1933 et
599 1871 675 1949 ipsas
685 1870 858 1933 substantias
864 1916 874 1947 ‚
885 1888 980 1947 neque
992 1869 1103 1948 sciunt,
1114 1873 1265 1948 quomodo

77 2005 123 2047 res
147 1990 361 2063 producuntur.
382 1988 471 2049 Unde
491 1987 542 2062 fit,
564 2001 597 2048 ut
618 1984 812 2063 principium,
833 1984 914 2060 quod
936 2000 982 2044 res
998 1984 1142 2045 naturales
1160 1984 1265 2045 habere

79 2098 202 2177 vident,
228 2098 395 2160 substantiis
423 2099 578 2178 affingant3
603 2098 654 2175 qui
676 2098 752 2158 enim
773 2114 856 2159 veras
877 2114 971 2158 rerum
991 2096 1091 2157 causas
1112 2096 1264 2176 ignorant,

79 2211 178 2273 omnia
195 2212 401 2285 confundunt,
420 2226 449 2271 et
467 2211 525 2271 stne
546 2212 604 2271 ulla
621 2208 727 2271 mentis
748 2210 940 2288 repugnantia
961 2224 1019 2269 tam
1041 2210 1157 2270 arbores
1179 2227 1264 2285 quam

79 2323 215 2385 homines
241 2326 397 2400 loquentes
426 2324 557 2402 fingunt,
585 2342 615 2384 et
641 2322 777 2383 homines
804 2340 862 2383 tam
891 2341 927 2383 ex
954 2322 1100 2398 lapidibus
1121 2341 1207 2398 quam
1228 2340 1265 2383 er

80 2434 187 2496 semine
216 2436 351 2511 formari,
379 2453 409 2497 et
438 2435 624 2514 quascunque
651 2436 761 2499 formas
788 2434 817 2496 in
845 2435 915 2496 alias
943 2453 1132 2513 quascunque
1161 2434 1264 2496 mutari

79 2549 283 2627 imaginantur.
300 2548 348 2610 Sic
367 2549 472 2626 etiam,
493 2549 544 2626 qui
562 2563 692 2611 naturam
711 2549 839 2612 divinam
851 2566 916 2609 cum
926 2549 1051 2608 humana
1061 2549 1265 2624 confundunt,

79 2659 163 2722 facile
174 2661 242 2722 Deo
254 2659 373 2723 affehus
383 2661 526 2722 humanos
538 2660 688 2737 tribuunt,
698 2659 855 2737 praesertim
866 2659 1005 2736 quamdiu
1016 2660 1102 2720 etiam
1112 2659 1265 2738 ignorant,

78 2775 233 2849 quomodo
251 2771 370 2834 affedlus
386 2773 416 2834 in
435 2788 530 2834 mente
548 2776 760 2850 producuntur.
780 2773 811 2834 si
829 2788 925 2834 autem
942 2773 1123 2834 hominesad
1135 2789 1264 2834 naturam

79 2883 245 2946 substantie
270 2888 472 2961 attenderent,
493 2885 608 2946 minime
634 2887 670 2946 de
691 2885 817 2948 veritate
839 2902 867 2963 7.
888 2887 976 2964 Prop.
998 2884 1183 2961 dubitarent;
1203 2885 1263 2946 imo

77 2997 141 3057 hec
162 2997 251 3074 Prop.
273 2997 408 3058 omnibus
430 2997 545 3057 axioma
568 2995 653 3074 ell‘et,
675 3012 704 3058 et
725 2997 801 3058 inter
822 2997 962 3058 notiones
979 3013 1146 3058 communes
1164 3016 1265 3059 nume·

76 3124 197 3168 raretur.
225 3107 300 3168 Nam
328 3125 380 3184 per
407 3105 592 3168 substantiam
613 3105 808 3185 intelligerent
829 3105 874 3181 id,
897 3109 979 3182 quod
998 3106 1028 3167 in
1049 3106 1077 3166 se
1099 3106 1140 3167 est
1161 3121 1191 3166 et
1212 3125 1265 3183 per

78 3219 106 3280 se
138 3219 324 3298 concipitur,
354 3221 412 3281 hoc
444 3219 484 3280 est
511 3219 558 3295 id,
586 3217 670 3296 cujus
698 3217 832 3298 cognitio
860 3237 922 3280 non
950 3219 1061 3298 indiget
1088 3219 1262 3299 cognitione

77 3333 198 3393 alterius
219 3332 271 3393 rei.
290 3333 346 3394 Per
365 3331 598 3393 modificationes
616 3346 713 3392 autem
734 3330 782 3407 id,
797 3334 879 3408 quod
897 3331 927 3393 in
945 3331 1002 3392 alio
1018 3331 1076 3406 est,
1093 3347 1124 3392 et
1143 3349 1264 3408 quarum

78 3461 244 3521 conceptus
273 3463 289 3504 a
317 3459 466 3519 conceptu
492 3443 551 3519 rei,
577 3443 607 3502 in
629 3441 792 3519 qualum,
813 3443 969 3503 formatur:
990 3442 1130 3517 quocirca
1151 3442 1264 3504 modili-

79 3555 231 3618 cationum
249 3573 310 3616 non
329 3553 512 3616 existentium
523 3573 608 3618 veras
618 3553 698 3616 ideas
709 3553 857 3630 pollumus
867 3553 990 3627 habere;
1007 3552 1264 3636 quandoquidem,

79 3667 214 3745 quamvis
234 3685 295 3727 non
317 3667 441 3728 exiliant
462 3669 527 3728 adiu
549 3682 631 3727 extra
649 3665 844 3741 intellectum,
864 3683 960 3726 earum
977 3679 1073 3726 tamen
1090 3665 1207 3727 essentia
1223 3666 1264 3727 ita

79 3779 107 3839 in
129 3777 187 3838 alio
209 3777 482 3854 comprehenditur,
504 3793 537 3840 ut
558 3797 609 3854 per
630 3777 705 3839 idern
727 3775 845 3854 concipi
866 3778 980 3852 poffint.
1003 3778 1114 3838 Verum
1135 3777 1264 3838 substan-

79 3891 182 3952 tiarum
204 3891 314 3954 veritas
336 3906 417 3951 extra
438 3890 614 3952 intellectum
636 3909 696 3952 non
718 3891 776 3965 est,
797 3889 848 3951 nili
868 3890 898 3951 in
919 3890 947 3952 se
968 3890 1035 3967 ipsis
1043 3937 1053 3968 ‚
1073 3891 1141 3967 quia
1161 3891 1263 3968 perse

78 4003 297 4080 concipiuntur.
324 4003 354 4064 si
384 4003 450 4080 quis
476 4021 545 4082 crgo
575 4003 702 4079 diceret,
722 4003 751 4065 se
772 4005 875 4064 claram
896 4019 926 4065 et
947 4002 1124 4079 diffinitam,
1143 4004 1200 4065 hoc
1222 4005 1263 4064 est

79 4135 175 4180 veram
203 4113 297 4178 ideam
324 4115 489 4178 substantie
516 4115 640 4192 habere,
668 4129 698 4176 et
728 4114 917 4176 nihilominus
937 4114 1088 4190 dubitare,
1108 4133 1175 4175 num
1196 4114 1263 4176 talis

79 4227 236 4289 substantia
264 4227 385 4305 exiliat,
409 4227 485 4290 idem
515 4229 611 4290 hercle
640 4227 724 4304 effer,
746 4247 779 4288 ac
799 4227 820 4290 fi
842 4227 969 4304 diceret,
988 4227 1017 4289 se
1038 4246 1135 4291 veram
1156 4227 1263 4289 habere

76 4340 189 4416 ideam,
210 4354 241 4400 et
261 4339 460 4402 nihilominus
473 4339 624 4416 dubitare,
645 4359 712 4401 num
734 4339 803 4399 falsa
820 4339 855 4399 srt
884 4339 932 4416 (ut
953 4338 1022 4400 satis
1045 4340 1210 4401 attendenti
1227 4341 1261 4402 lit
