2934 4900
179 322 217 381 28
593 321 648 379 De
679 320 947 381 Intellectus

178 494 264 555 etiam
296 492 403 571 absque
424 512 482 571 ope
503 493 689 568 intellectus,
710 492 819 554 scilicet
841 514 856 554 a
878 493 908 554 vi
920 538 929 569 ,
952 511 1009 569 qua
1030 492 1202 571 imaginatio
1228 508 1280 553 aut
1300 491 1374 552 sen-

178 606 243 681 sae,
263 624 348 683 quem
371 622 479 667 vocant
501 623 697 679 communem,
719 604 844 666 allicitur
864 608 901 665 ab
923 604 1019 682 aliqua
1029 622 1060 665 re
1070 603 1203 683 srngulari
1213 624 1374 682 corporea.

178 716 255 777 Dico
279 716 469 794 stngularem:
500 714 669 793 imaginatio
703 714 778 775 enim
812 729 925 776 tantum
954 733 970 774 a
1000 712 1190 792 srngularibus
1220 713 1373 775 allicitur:

179 830 254 891 Nam
283 827 301 887 st
330 828 396 904 quis
424 827 526 906 legerit
554 844 600 886 ex.
630 844 671 904 gr.
700 844 786 887 unam
815 841 928 886 tantum
950 825 1075 887 fabulam
1096 826 1280 902 amatoriam,
1301 845 1373 887 eam

179 939 291 1016 optime
308 938 462 1014 retinebit,
484 937 621 1015 quamdiu
644 956 703 998 non
725 938 826 1016 legerit
848 939 944 1014 plures
965 937 1035 998 abas
1056 936 1120 1014 ejus
1141 937 1271 1016 generis,
1295 938 1373 1015 quia

180 1067 242 1113 tum
271 1050 329 1113 sola
358 1052 439 1131 viget
466 1051 495 1112 in
524 1050 748 1129 imaginatione;
774 1050 823 1111 sed
844 1050 864 1109 sr
887 1051 983 1126 plures
1004 1050 1059 1111 smt
1084 1049 1212 1126 eiusdem
1232 1051 1370 1128 generis,

179 1164 259 1225 srmul
280 1181 380 1225 omnes
401 1163 607 1242 imaginamur,
629 1180 659 1223 et
680 1161 765 1223 facile
786 1162 1017 1223 confunduntur.
1058 1161 1136 1223 Dico
1158 1161 1244 1223 etiam
1265 1176 1367 1243 corpo-

181 1294 277 1337 ream:
304 1296 368 1337 nam
390 1296 405 1337 a
428 1276 496 1337 solis
524 1275 698 1351 corporibus
720 1274 846 1335 afficitur
865 1273 1045 1352 imaginatio.
1087 1274 1161 1335 Cum
1184 1274 1284 1351 iraque
1305 1294 1370 1335 me-

180 1388 270 1450 moria
291 1390 327 1450 ab
349 1389 498 1449 intelleslu
519 1391 744 1463 corroboretur,
773 1404 803 1447 et
829 1386 916 1447 etiam
937 1386 996 1447 stne
1018 1386 1182 1462 intelleslu,
1203 1387 1270 1449 inde
1291 1407 1369 1449 con·

179 1498 321 1574 cluditur,
350 1518 411 1560 eant
439 1499 510 1576 quid
538 1498 683 1562 diversum
712 1498 768 1558 else
790 1502 828 1559 ab
850 1499 1015 1575 intelleeiu,
1037 1516 1069 1559 et
1088 1498 1164 1561 eirca
1186 1499 1369 1561 intellesium

181 1612 210 1672 in
232 1612 260 1671 se
282 1611 439 1687 spedatum
462 1613 567 1675 nubam
589 1612 650 1673 dari
671 1611 853 1688 memoriam,
875 1631 970 1689 neque
992 1612 1181 1675 oblivionem.
1193 1612 1273 1696 Quid
1294 1633 1370 1693 ergo

182 1723 237 1784 erit
263 1724 422 1785 memoria?
464 1723 545 1785 Nilril
573 1724 670 1799 aliud,
697 1742 784 1799 quam
805 1721 929 1785 sensatio
951 1723 1161 1800 imprellionum
1182 1724 1309 1800 cerebri,
1330 1725 1369 1785 sr-

183 1837 241 1897 mul
261 1854 326 1897 cum
348 1834 529 1914 cogitatione
550 1838 586 1896 ad
608 1834 827 1896 determinatam
848 1835 1031 1897 durationem
1047 1838 1057 1875 ¹
1073 1835 1260 1912 sensationis;
1282 1840 1369 1913 quod

183 1946 269 2008 etiam
298 1948 424 2009 ostendit
452 1946 672 2009 reminiscentia.
713 1949 789 2008 Nam
817 1948 858 2007 ibi
886 1947 979 2008 anima
1007 1946 1119 2026 cogitat
1140 1950 1177 2008 de
1196 1947 1244 2008 illa
1269 1947 1367 2009 sensa-

181 2058 281 2132 tione,
310 2059 359 2119 sed
380 2076 439 2119 non
461 2058 512 2119 sub
534 2058 674 2119 continua
695 2057 867 2133 duratione;
896 2075 925 2119 et
946 2058 984 2118 ste
1005 2058 1069 2121 idea
1090 2057 1171 2147 istius
1192 2058 1368 2120 sensationis

182 2190 242 2231 non
264 2170 304 2230 est
325 2170 384 2245 ipsa
407 2170 521 2232 duratio
543 2169 730 2245 sensationis,
752 2170 785 2250 id·
802 2169 843 2229 cst
871 2169 931 2245 ipsa
952 2170 1099 2231 memoria.
1128 2169 1177 2231 Aa
1197 2188 1269 2231 vero
1291 2170 1366 2233 ideae

182 2281 250 2357 ipsae
272 2280 396 2357 aliquam
417 2280 566 2357 patiantur
586 2280 822 2357 corruptionem,
851 2281 1015 2343 videbimus
1037 2281 1066 2342 in
1086 2281 1283 2357 Philosophia.
1324 2283 1367 2343 Et

182 2390 202 2452 fi
224 2393 281 2454 hoc
308 2392 394 2455 alicui
422 2394 506 2456 valde
535 2392 689 2459 absurdum
709 2393 861 2468 videatur,
883 2392 1006 2456 sufficiet
1026 2397 1063 2455 ad
1084 2394 1210 2456 nostrum
1230 2395 1367 2471 propost-

182 2520 261 2579 tum,
282 2522 315 2566 ut
335 2505 465 2585 cogitet,
486 2508 584 2582 quod,
607 2524 667 2581 quo
688 2523 733 2566 res
756 2505 796 2565 est
813 2504 990 2584 singularior,
1008 2524 1045 2567 eo
1064 2505 1178 2568 facilius
1194 2506 1367 2582 retineatur,

181 2615 253 2678 sicut
275 2635 311 2676 ex
332 2618 466 2692 exemplo
489 2617 639 2678 comoediae
660 2620 749 2678 modo
771 2618 859 2678 allato
882 2634 972 2692 patet.
1014 2619 1105 2679 Porro
1127 2637 1189 2695 quo
1210 2637 1256 2679 res
1277 2619 1366 2680 intel·

180 2726 334 2806 ligibilior,
362 2745 398 2787 eo
427 2727 513 2788 etiam
542 2726 657 2790 facilius
678 2727 830 2790 retinetur.
872 2731 961 2790 Unde
983 2729 1107 2792 maxime
1127 2728 1312 2808 srngularem,
1334 2746 1368 2790 et
1457 2762 1458 2773 ι

182 2842 384 2901 tantummodo
405 2839 624 2918 intelligibilem,
647 2858 706 2902 non
728 2840 890 2916 poterimus
911 2860 970 2902 non
991 2841 1124 2902 retinere.
1457 2814 1458 2821 ἵ

222 2952 269 3014 Sic
290 2951 389 3028 itaque
411 2952 592 3013 distinximus
614 2953 690 3014 inter
710 2955 807 3014 ideam
829 2955 934 3014 Veram
957 2971 987 3014 et
1008 2970 1127 3014 caeteras
1148 2953 1368 3029 perceptiones,

182 3064 435 3142 ostendimusque,
465 3068 547 3141 quod
579 3064 651 3126 ideae
685 3067 774 3139 nna,
805 3066 900 3139 falsae,
931 3083 961 3126 et
991 3082 1103 3128 caeterae
1133 3067 1260 3128 habeant
1286 3066 1367 3127 suum

182 3177 321 3256 originem
349 3180 385 3237 ab
413 3175 640 3255 imaginatione,
668 3178 725 3238 hoc
754 3178 795 3238 eli
822 3199 839 3239 a
867 3178 1039 3254 quibusdam
1071 3176 1283 3240 sensationibus
1304 3180 1369 3239 for·

181 3288 266 3350 tuitis
288 3289 335 3367 (ut
356 3289 393 3348 fic
414 3289 531 3368 loquar)
551 3305 639 3365 atque
658 3288 779 3365 solutis,
797 3309 862 3366 qua·
881 3309 941 3350 nou
959 3290 1094 3352 oriuntur
1114 3293 1150 3351 ab
1175 3291 1236 3366 ipsa
1260 3291 1370 3352 mentis

182 3400 334 3477 potentia,
363 3401 411 3462 sed
433 3421 448 3460 a
471 3399 562 3461 causis
591 3400 736 3475 externis,
758 3417 847 3476 prout
868 3420 993 3477 corpus,
1020 3401 1080 3463 srve
1107 3401 1277 3464 somniando
1305 3402 1369 3464 slve

182 3513 348 3592 vigilando,
369 3513 467 3574 varios
496 3513 604 3588 accipit
631 3529 739 3574 motus.
781 3516 838 3574 Vel
858 3514 877 3574 fi
900 3517 1012 3590 placet,
1040 3514 1087 3575 ltic
1109 3533 1161 3591 per
1181 3514 1369 3593 imaginatio·

183 3645 263 3699 nem,
285 3625 425 3702 ‹pticqnid
446 3625 537 3700 velis,
557 3644 646 3701 cape,
667 3629 757 3687 modo
778 3626 814 3687 stt
835 3627 906 3703 quid
928 3626 1071 3689 diversum
1093 3630 1129 3689 ab
1151 3627 1317 3703 intellectu,
1336 3643 1370 3690 et

217 3917 224 3943 ¹
264 3913 289 3961 Si
315 3926 376 3961 veru
400 3911 500 3960 duratio
517 3911 546 3960 lit
564 3910 776 3972 indeterminata,
793 3911 912 3962 memoria
930 3909 984 3973 cius
1006 3913 1042 3962 rei
1061 3913 1097 3963 eli
1115 3913 1279 3977 turpent-ua,
1297 3917 1370 3978 quod

180 3992 286 4058 quisque
304 3995 378 4046 etiam
397 3994 500 4044 videtur
517 4009 531 4042 a
549 4006 636 4043 natura
654 3993 773 4043 didicisse.
798 3997 868 4058 Saepe
884 3994 974 4055 enim,
993 4007 1020 4044 ut
1037 3994 1112 4045 alicui
1130 3996 1220 4046 melius
1236 3997 1372 4047 credamus

179 4078 205 4128 in
232 4092 278 4140 eo,
303 4079 371 4140 quod
399 4077 480 4137 dicit,
506 4090 638 4142 rogamus,
663 4077 766 4140 quaudo
792 4090 817 4126 et
845 4077 888 4127 ubi
915 4078 942 4127 id
968 4077 1115 4144 contigerit.
1149 4080 1272 4145 Quamvis
1289 4080 1368 4131 etiam

180 4157 242 4211 ideae
268 4159 326 4225 ipsa·
354 4160 419 4210 stram
446 4161 553 4208 habeant
579 4159 738 4209 durationem
758 4159 900 4221 inruente,
918 4173 1001 4210 tamen
1019 4174 1076 4210 cum
1094 4161 1178 4211 assueti
1196 4163 1271 4212 simus
1293 4164 1370 4213 dura·

180 4241 276 4292 tionem
294 4241 460 4292 decenniunre
479 4255 527 4304 ope
545 4238 651 4302 alicujus
675 4239 795 4291 mensura
816 4254 915 4303 motus,
933 4243 1095 4304 quodetiam
1113 4257 1162 4305 ope
1180 4242 1372 4309 imaginationis

180 4323 224 4386 sir,
241 4324 299 4374 ideo
317 4325 411 4374 nullam
429 4323 512 4374 edlrtrc
529 4323 675 4374 memoriam
694 4323 870 4383 observamus,
888 4339 943 4386 qua
962 4325 991 4375 fit
1008 4339 1077 4388 purae
1094 4327 1195 4375 mentis.
