2934 4900
465 313 520 378 De
562 311 830 378 affectibus.
1185 333 1239 400 145

41 493 71 552 Si
100 491 193 572 igitur
222 493 358 569 corporis
385 491 498 553 externi
527 507 630 554 natura
659 491 757 554 similis
777 493 811 554 srt
834 508 945 556 naturae
968 495 1057 555 nostri
1078 496 1238 572 Corporis,

44 621 107 664 tum
140 605 209 666 idea
241 603 373 682 corporis
404 603 537 679 externi,
575 607 657 680 quod
688 603 897 683 imaginamur,
936 605 1119 668 affesiionem
1151 607 1239 668 nostri

48 717 194 794 Corporis
215 717 352 780 involvet
372 715 488 777 srmilem
510 715 659 778 allodium
680 716 812 794 corporis
835 717 1005 794 externi;et
1017 719 1241 797 consequenter,

47 829 66 889 sr
96 830 225 906 aliquem
255 830 342 890 nobis
368 828 485 890 similem
514 828 613 906 aliquo
643 828 750 890 affeslu
778 829 912 891 affeslum
943 829 1152 909 imaginamur,
1179 831 1241 892 haec

47 943 221 1022 imaginario
243 941 426 1004 assedlionem
448 939 537 1003 nostri
560 941 702 1018 Corporis
724 941 793 1002 huic
812 939 928 1004 affedui
947 941 1064 1004 srmilem
1082 944 1242 1020 exprimet;

46 1059 184 1133 adeoque
216 1074 253 1116 ex
284 1056 358 1130 hoc,
389 1057 470 1132 quod
503 1071 561 1114 rem
592 1053 717 1130 aliquam
746 1053 833 1114 nobis
861 1052 978 1114 srmilem
1009 1055 1115 1132 aliquo
1136 1056 1243 1118 affesiu

47 1168 123 1228 affici
154 1167 362 1246 imaginamur,
394 1165 473 1227 simili
504 1184 571 1227 cum
603 1165 664 1241 ipsa
697 1165 804 1227 affectu
836 1165 986 1227 afficimur.
1028 1167 1119 1249 Quod
1140 1166 1160 1227 st
1181 1186 1241 1228 rem

47 1281 136 1340 nobis
166 1279 282 1340 srmilem
312 1279 383 1340 odio
411 1279 586 1354 habeamus,
615 1294 738 1339 eatenus
767 1278 841 1357 (per
866 1279 955 1358 Prop.
977 1296 1026 1356 23.
1047 1279 1148 1359 hujus)
1169 1298 1241 1341 con-

45 1392 136 1452 trario
159 1391 267 1454 affeslu
289 1409 354 1452 cum
375 1391 436 1466 ipsa
457 1390 635 1466 afficiemur,
655 1407 716 1450 non
740 1405 837 1450 autem
859 1388 950 1450 simili.
994 1391 1028 1466 Q.
1052 1391 1090 1450 E.
1111 1391 1152 1451 D.

514 1566 774 1610 SCHOLIUM.

85 1679 160 1738 llaec
191 1678 347 1740 afleuuurn
374 1676 518 1754 imitatio,
547 1680 666 1754 quando
695 1679 731 1737 ad
762 1675 923 1738 Tristitiam
950 1677 1090 1752 refertur,
1119 1693 1244 1740 vocatur

49 1791 272 1867 Commiseratio
291 1791 339 1868 (de
356 1809 414 1868 qua
430 1791 498 1850 uide
514 1788 605 1850 Sclrol.
623 1792 713 1870 Prop.
732 1807 781 1848 22.
797 1787 915 1868 dusiis),
932 1789 981 1851 sed
992 1791 1028 1850 ad
1040 1789 1242 1865 Cupiditatem

47 1905 138 1962 relata
170 1903 351 1978 AEmrilatio,
382 1921 447 1978 quae
479 1902 602 1977 proinde
635 1900 707 1961 nihil
739 1900 818 1961 aliud
848 1901 899 1978 est,
932 1919 1017 1978 quam
1045 1902 1170 1977 aliutsiu
1197 1907 1243 1961 rei

51 2015 229 2092 Cupiditas,
257 2031 320 2090 qua
346 2018 378 2072 in
404 2012 485 2072 nobis
511 2017 702 2089 ingeneratur
729 2031 766 2071 ex
786 2032 832 2088 eu,
853 2014 930 2090 quod
946 2014 1019 2072 alios
1038 2013 1118 2072 uobis
1135 2012 1243 2090 stmiies

50 2128 169 2186 eandm
193 2125 390 2204 Cupiditatem
410 2123 517 2186 habere
536 2128 748 2200 Imaginamur.

442 2297 797 2344 cononnanruu
830 2282 853 2342 L

85 2411 117 2471 Si
158 2410 309 2489 aliquem,
345 2429 431 2489 quem
468 2411 549 2473 nullo
581 2411 688 2473 affesiu
719 2409 868 2487 prosecuti
898 2409 1016 2488 sumus,
1053 2411 1243 2492 imaginamur

50 2526 170 2586 Laeritia
199 2526 312 2587 afficere
341 2544 399 2587 rem
429 2526 515 2588 nobis
544 2524 678 2601 srmilem,
707 2528 816 2586 Amore
837 2544 904 2605 erga
925 2527 1050 2587 eundem
1071 2526 1239 2587 afficiemur.

49 2638 75 2696 Si
98 2655 205 2697 contra
229 2640 353 2699 eundem
375 2639 562 2717 imaginamur
581 2636 702 2699 ean'dem
724 2638 855 2699 Tristitia
876 2638 1007 2713 afficere,
1035 2654 1138 2700 contra
1159 2640 1238 2701 Odio

50 2768 117 2827 erga
141 2749 237 2825 ipsum
259 2750 424 2811 afficiemur.
504 2814 508 2823 ,

453 2907 847 2955 DEMONSTRATIQ

92 3022 168 3081 llaec
196 3023 300 3081 eodem
327 3024 416 3082 modo
445 3040 482 3081 ex
510 3020 715 3099 Proposrtione
744 3023 927 3097 praecedente
957 3022 1188 3097 demonstratur,
1209 3042 1242 3083 ac

52 3130 222 3209 Propositio
243 3150 291 3193 22.
312 3130 400 3210 hujus
420 3150 458 3193 ex
478 3132 683 3209 Proposrtione
704 3148 753 3193 21.

438 3308 788 3353 cononuanruu
821 3291 858 3351 ll.

91 3416 187 3489 Rem,
208 3414 291 3491 cujus
313 3433 368 3477 nos
390 3416 522 3492 miseret,
550 3416 622 3478 odio
643 3417 750 3477 habere
773 3434 832 3477 non
856 3415 1004 3493 possumus
1025 3436 1062 3477 ex
1084 3435 1139 3491 eo,
1160 3418 1242 3494 quod

50 3522 141 3601 ipsius
164 3524 275 3585 miseria
297 3543 352 3586 nos
373 3524 504 3586 Tristitia
525 3525 625 3586 allicit.

452 3699 850 3744 nauonsrnarto

91 3806 121 3868 Si
145 3807 221 3867 enirn
243 3828 280 3869 ex
302 3826 339 3869 eo
361 3826 417 3883 nos
437 3810 558 3871 eandem
580 3808 652 3869 odio
673 3809 780 3869 habere
802 3807 1047 3883 poisemtts,1um
1069 3808 1241 3889 (perProp.

52 3936 100 3994 23.
122 3918 224 3999 lausus)
246 3938 282 3980 ex
305 3920 392 3997 ipssus
414 3920 544 3982 Tristitia
566 3923 746 3997 laetaremur,
768 3923 850 3998 quod
872 3920 912 3980 est
933 3936 1036 3981 contra
1053 3919 1239 3999 hypothesrn.

423 4098 776 4143 conotnanruu
819 4081 870 4141 Hl

91 4206 184 4277 Rem,
217 4203 302 4281 cujus
333 4224 388 4266 nos
420 4206 550 4283 miseret,
578 4226 594 4267 a
622 4204 733 4267 miseria
766 4222 909 4282 qnantum
941 4204 1088 4279 possumus
1118 4202 1239 4263 liberare

49 4316 230 4377 conabimur.

1110 4420 1140 4463 ro
