2934 4900
211 321 270 396 §oo
685 302 925 379 ‘Praeteriit'

249 496 293 556 At
312 493 447 571 quamvis
465 492 529 554 bec
549 509 601 569 per
620 491 651 554 se
671 490 743 554 satir
761 491 838 554 clara
857 490 932 569 lint,
950 490 1024 552 libet
1034 489 1200 553 rationibus
1210 491 1403 566 quomdam

211 605 418 668 Phan'saeorum
446 605 638 682 respondere,
667 605 776 682 quibus
803 603 976 680 persuadere
1003 617 1163 677 conantur,
1184 616 1276 662 notae
1299 601 1404 679 margi·

212 720 292 780 naler
320 721 357 780 ad
377 717 497 797 aliquod
524 717 689 796 mysterium
710 716 929 796 significandum
948 717 985 776 ab
1006 713 1075 790 ipsu
1093 713 1234 775 librorum
1253 713 1403 774 sacrorum

213 829 411 906 Scriptoribus
432 829 579 906 appositas
599 829 647 892 vel
668 828 813 889 indicatae
832 827 928 889 fuisse.
949 828 1059 888 Harum
1075 828 1223 905 primm,
1244 843 1317 900 qima
1339 824 1404 900 qui·

213 943 278 1004 dem
299 959 344 1003 me
364 959 465 1019 parum
484 941 595 1021 tangit,
615 939 733 1002 sumunt
751 957 789 999 ex
806 938 860 1000 usu
869 938 985 1018 legendi
1002 935 1404 1013 Scripturarzsi,inquiunt,

212 1050 258 1113 hae
286 1065 366 1114 notae
393 1051 533 1129 appofitae
560 1050 628 1112 sunt
654 1065 778 1127 propter
805 1049 966 1111 lectionum
985 1048 1176 1124 varietatem,
1196 1066 1272 1125 quar
1294 1047 1404 1123 posteri

214 1164 347 1226 decidere
367 1182 428 1226 non
449 1178 627 1241 potuerunt,
649 1180 701 1223 cur
722 1179 793 1241 ergo
814 1161 883 1223 usur
903 1160 1046 1238 invaluit,
1065 1177 1101 1224 ut
1120 1159 1219 1222 sensua
1237 1160 1406 1238 marginata

214 1277 325 1354 ubique
351 1275 532 1338 retineatur?
560 1293 627 1351 cur,
654 1273 812 1352 inquiunt,
838 1272 969 1349 sensum,
989 1291 1077 1351 quem
1096 1273 1221 1334 retinere
1242 1273 1405 1346 volebant,

214 1390 244 1452 in
275 1389 402 1469 margine
432 1388 637 1452 notaverunt?
668 1389 834 1450 debuerant
863 1401 968 1449 contra
994 1385 1057 1464 ipsa
1081 1385 1233 1450 volumina
1261 1385 1405 1458 scribere,

215 1516 305 1576 prout
324 1499 382 1580 legi
402 1501 561 1576 volebant,
582 1517 643 1562 non
665 1515 764 1562 autem
783 1499 897 1562 sensum
918 1515 950 1560 et
970 1499 1143 1574 lediionem,
1170 1517 1259 1576 quam
1278 1500 1407 1562 maxime

216 1612 399 1688 probabant,
418 1611 448 1673 in
470 1612 597 1692 margine
618 1627 733 1674 notare.
773 1613 904 1672 Sectam
923 1629 995 1674 vero
1015 1611 1109 1689 ratio,
1136 1626 1169 1671 et
1188 1628 1256 1687 quae
1277 1611 1409 1687 aliquam

215 1719 340 1796 liuciern
370 1739 429 1798 prae
460 1722 488 1784 se
521 1725 595 1784 serre
625 1723 763 1799 videtur,
789 1742 829 1784 ert
856 1721 919 1798 ipsa
945 1721 988 1782 rei
1015 1738 1120 1784 natura
1140 1721 1277 1784 sumitur:
1302 1740 1409 1796 nempe

216 1835 299 1910 quod
326 1838 436 1898 mendae
465 1853 525 1896 non
552 1838 621 1897 dara
649 1853 758 1912 opera,
785 1835 834 1896 sed
862 1835 931 1896 casu
950 1833 981 1895 in
1003 1833 1132 1896 Codicec
1158 1833 1356 1910 irrepserunt,
1379 1851 1410 1894 et

216 1947 300 2022 quod
326 1945 367 2007 ita
394 1947 444 2022 fit,
472 1947 553 2010 varie
580 1946 740 2027 contingit.
780 1949 824 2009 At
851 1947 882 2008 in
910 1946 1041 2023 quinque
1060 1945 1143 2007 libris
1164 1945 1276 2021 semper
1295 1963 1409 2006 nomen

218 2075 302 2136 mm
325 2060 442 2138 puella,
469 2077 530 2122 uno
558 2076 672 2122 tantum
695 2077 825 2139 excepto
846 2062 932 2137 loco,
953 2059 1132 2123 deseciivum
1152 2074 1257 2122 contra
1276 2064 1410 2139 regulrm

218 2172 428 2236 Grammatices
448 2167 506 2233 sine
527 2171 609 2234 litera
632 2190 654 2244 Γ.
677 2175 724 2234 He
746 2172 890 2249 scribitur,
910 2173 940 2233 in
961 2172 1089 2251 margine
1109 2191 1182 2236 vero
1202 2176 1279 2236 reste
1302 2175 1411 2237 secun-

218 2289 287 2350 dum
307 2288 434 2366 regulam
455 2286 664 2348 Grammaticer
685 2285 887 2348 universalem.
926 2288 978 2346 An
998 2285 1057 2347 boc
1078 2287 1166 2348 etiam
1187 2306 1302 2364 exeo,
1326 2293 1412 2367 quod

218 2416 319 2461 manus
346 2398 596 2463 indescribendo
625 2399 750 2477 erravit,
777 2398 961 2478 contigerit?
982 2417 1044 2477 quo
1065 2399 1128 2462 sato
1149 2399 1181 2463 id
1201 2399 1264 2462 fieri
1285 2403 1412 2478 potuit,

217 2523 253 2571 ut
273 2510 400 2571 calamus
419 2510 545 2586 semper,
574 2508 810 2587 quotiescunque
829 2509 889 2569 hoc
910 2525 1019 2571 nomen
1040 2509 1218 2587 occurrerit,
1237 2510 1412 2584 festinaret,

218 2622 325 2685 deinde
345 2623 423 2684 hunc
443 2623 588 2684 desedium
610 2621 695 2682 facile
716 2636 749 2681 et
768 2621 828 2682 srne
849 2621 986 2698 scrupulo
1007 2641 1046 2683 ex
1067 2622 1175 2703 regulis
1194 2622 1412 2684 Grammatiees

218 2735 352 2813 supplere
373 2751 404 2796 et
424 2737 575 2797 emendare
596 2732 768 2811 potuissent.
795 2734 906 2814 Igitur,
927 2754 994 2797 cum
1021 2733 1067 2797 hae
1093 2734 1235 2798 leiliones
1255 2736 1327 2798 casu
1347 2756 1412 2797 non

220 2848 416 2929 contigerint,
443 2864 496 2909 nec
526 2862 585 2908 tam
613 2847 689 2908 clara
717 2846 793 2910 vitia
813 2847 1011 2923 correxerint,
1031 2847 1101 2907 hinc
1122 2848 1326 2925 concludunt,
1346 2850 1411 2911 haec

219 2977 303 3025 certo
330 2958 452 3023 consilio
473 2976 489 3019 a
510 2957 609 3036 primis
637 2958 839 3035 Scriptoribua
858 2960 935 3021 salia
956 2956 1056 3035 fuiile,
1076 2976 1111 3020 ut
1132 2957 1168 3020 iit
1189 2958 1300 3035 aliquid
1322 2959 1412 3038 figni-

219 3075 349 3137 ficarent.
389 3071 499 3131 Verum
519 3070 565 3131 his
585 3068 671 3131 facile
693 3070 870 3147 respondere
892 3069 1058 3147 posiumua3
1086 3088 1153 3131 nam
1175 3072 1256 3149 quod
1278 3089 1317 3131 ex
1340 3071 1413 3147 usu,

221 3186 272 3263 qui
294 3186 372 3262 apud
393 3200 447 3245 eos
468 3181 610 3259 invaluit,
637 3198 893 3262 argumentantur,
918 3182 991 3244 nihil
1011 3200 1126 3259 moror;
1146 3181 1245 3243 nescio
1267 3181 1343 3260 quid
1364 3184 1411 3245 su·

221 3296 353 3375 perstitio
383 3296 503 3358 suadere
533 3295 653 3372 potuit,
683 3311 713 3357 et
745 3298 824 3357 forte
854 3295 924 3357 inde
956 3297 1063 3357 fadum
1084 3295 1142 3373 esi,
1163 3296 1233 3373 quia
1254 3311 1410 3373 utramque

220 3410 375 3474 lediionem
407 3424 490 3486 aque
522 3408 629 3469 bonam
660 3406 711 3468 seu
742 3406 923 3469 tolerabilem
961 3406 1160 3484 aesiimabant,
1189 3407 1343 3485 ideoque,
1374 3428 1409 3469 ne

222 3541 319 3586 earum
341 3521 437 3599 aliqua
458 3518 668 3599 negligeretur,
689 3538 776 3580 unam
797 3518 976 3580 scribendam
986 3534 1018 3579 et
1028 3518 1112 3579 aliam
1132 3520 1284 3599 legendam
1303 3523 1410 3585 volte

223 3650 300 3697 runt.
336 3634 495 3695 Timebant
516 3632 629 3693 scilicet
648 3631 679 3693 in
700 3649 730 3693 re
751 3645 836 3694 tanta
852 3630 997 3710 judicium
1017 3632 1226 3709 determinare,
1245 3652 1283 3695 ne
1304 3633 1410 3697 incerti

223 3748 321 3810 falsam
356 3763 411 3823 pro
443 3762 512 3809 vera
544 3744 705 3825 eligerent,
743 3744 872 3822 ideoque
911 3760 1043 3807 neutram
1078 3745 1208 3808 alterutri
1237 3764 1411 3824 preponere

223 3860 398 3934 uoluerunt,
427 3858 508 3933 quod
535 3856 669 3918 absolute
691 3854 840 3931 fecissent,
859 3855 882 3917 fi
902 3874 989 3919 unam
1010 3856 1100 3919 solam
1121 3856 1243 3919 scribere
1263 3872 1295 3920 et
1313 3860 1411 3939 legere

220 3968 359 4046 jussissent
366 4014 376 4045 ,
405 3967 559 4044 presertim
589 3986 654 4029 cum
676 3966 705 4028 in
727 3966 814 4028 sacris
835 3964 1037 4029 voluminibus
1057 3982 1138 4029 notae
1158 3968 1329 4047 marginales
1349 3988 1410 4030 non

225 4080 400 4141 scribantur:
430 4081 478 4142 vel
509 4080 586 4141 forte
614 4077 682 4140 inde
710 4079 818 4140 fadum
838 4078 879 4139 est
886 4122 896 4154 ,
917 4078 987 4155 quia
1008 4080 1158 4156 quaedam,
1178 4080 1314 4157 quamvis
1334 4084 1410 4143 recle

225 4190 385 4268 descripta,
416 4191 499 4253 aliter
530 4207 626 4253 tamen
657 4191 732 4269 legi,
763 4204 854 4267 prout
883 4189 993 4249 scilicet
1014 4190 1044 4249 in
1066 4209 1193 4269 margine
1214 4206 1409 4267 notaverant,

224 4305 375 4367 volebant.
417 4304 548 4379 Ideoque
581 4302 782 4366 universaliter
819 4300 1028 4377 instituerunt,
1062 4317 1094 4362 ut
1126 4301 1221 4362 Biblia
1253 4303 1408 4365 secundum
