2934 4900
324 327 825 407 Theologico·Politici
865 327 1015 403 Cap.Vl.
1205 337 1263 405 453

73 520 108 564 et
130 523 195 581 quae
216 521 338 581 praeter,
365 504 425 565 imo
455 521 558 566 contra
580 505 711 566 ordinem
731 508 852 566 Naturae
881 504 1019 567 videntur
1039 503 1210 583 contigisse,
1231 521 1265 562 ea

73 631 185 674 motam
207 613 294 673 nobis
315 612 433 690 injicere
455 632 514 674 non
537 615 663 689 debent,
685 615 735 675 sed
756 614 877 676 omnino
901 616 1094 690 credendum,
1115 615 1161 689 id,
1183 615 1266 690 quod

72 743 176 788 revera
198 725 341 805 contigit,
363 726 534 786 naturaliter
552 725 721 804 contigisse;
743 730 826 804 quod
848 726 1264 803 etiamexhocconsirmatur,

75 841 160 914 quod
181 839 211 898 in
233 837 378 900 miraculis
398 839 495 914 plures
517 838 737 901 circumstantiae
758 840 997 916 reperiebantur,
1018 839 1151 917 quamvis
1168 855 1265 899 tamen

75 969 137 1012 non
158 951 270 1026 semper
289 963 457 1026 narrentur,
478 950 625 1026 praecipue
647 970 713 1012 cum
735 951 799 1012 stilo
821 952 943 1028 poetico
963 967 1121 1028 canantur;
1142 951 1265 1012 circum·

75 1062 205 1140 stantia,
234 1063 368 1140 inquam,
394 1063 595 1124 miraculorum
618 1066 692 1125 clare
721 1065 896 1141 ostendunt,
917 1064 978 1141 ipsa
1000 1064 1098 1126 causas
1120 1065 1266 1126 naturales

75 1174 232 1252 requirere.
272 1176 406 1250 Nempe,
428 1190 461 1235 ut
483 1175 620 1254 AEgyptii
652 1175 747 1236 scabie
778 1175 998 1252 infestarentur,
1028 1195 1106 1252 opus
1135 1175 1209 1252 suit,
1230 1191 1264 1236 ut

75 1287 180 1364 Moses
201 1286 328 1350 favillam
350 1286 380 1348 in
401 1292 494 1348 adrem
515 1287 624 1349 sursum
644 1288 790 1367 spargeret
802 1286 886 1365 (vide
902 1286 1003 1348 Exodi
1021 1305 1085 1362 cap.
1095 1304 1124 1364 9.
1135 1285 1178 1348 vs.
1193 1285 1263 1364 10.).

75 1398 213 1460 Locustae
243 1398 329 1460 etiam
357 1418 394 1459 ex
422 1402 559 1460 mandato
588 1400 646 1460 Dei
667 1399 808 1475 naturali,
830 1417 933 1474 nempe
955 1417 992 1458 ex
1013 1412 1105 1459 vento
1128 1395 1265 1457 orientali

75 1511 194 1588 integro
215 1510 261 1571 die
283 1525 313 1570 et
333 1511 418 1572 noste
441 1512 549 1586 slante,
566 1511 778 1590 AEgyptiorum
789 1509 936 1589 regionem
948 1508 1114 1586 petierunt,
1125 1523 1155 1568 et
1168 1522 1261 1571 vento

77 1623 255 1684 occidentali
284 1623 434 1685 fortissimo
463 1625 583 1686 eandem
612 1623 792 1701 reliquerunt
813 1621 897 1702 (vide
918 1623 1006 1684 Exod
1028 1642 1054 1682 c.
1078 1638 1124 1682 ro.
1146 1620 1188 1684 vs.
1214 1637 1266 1699 14,

80 1735 152 1814 19.).
173 1735 286 1796 Eodem
308 1735 396 1796 etiam
417 1735 473 1796 Dei
491 1734 571 1812 jussu
591 1754 667 1796 mare
697 1735 774 1798 viam
794 1734 905 1816 Judaeis
926 1733 1041 1809 aperuit
1063 1732 1147 1811 (uide
1167 1733 1265 1794 Exod.

76 1867 105 1908 c.
140 1865 185 1927 14.
218 1847 260 1910 vs.
292 1848 366 1927 an),
398 1867 501 1924 nempe
532 1849 630 1924 Euro,
662 1848 712 1925 qui
744 1847 890 1909 fortissime
921 1847 1032 1925 integra
1065 1849 1152 1908 nodie
1173 1843 1267 1907 slavit.

75 1959 205 2036 Deinde,
227 1975 261 2021 ut
281 1959 358 2020 Elisa
381 1978 518 2036 puerum,
531 1959 581 2037 qui
593 1975 727 2021 mortuus
739 1961 928 2034 credebatur,
938 1957 1098 2033 excitaret,
1109 1957 1267 2034 aliquoties

77 2091 174 2150 puero
206 2073 371 2134 incumbere
404 2073 524 2149 debuit,
556 2077 650 2136 donec
680 2072 761 2149 prius
783 2071 954 2149 incaluerit,
974 2087 1004 2132 et
1025 2073 1141 2132 tandem
1164 2071 1267 2131 oculos

77 2184 225 2262 aperuerit
246 2186 329 2263 (vide
351 2187 425 2264 Reg.
445 2185 496 2246 lib.
517 2203 545 2246 2.
567 2203 631 2261 cap.
652 2205 680 2264 4.
703 2185 745 2249 vs.
767 2202 821 2264 34,
843 2186 917 2263 35).
938 2183 985 2244 Sic
1006 2183 1094 2244 etiam
1115 2183 1145 2243 in
1166 2183 1265 2243 Euan·

77 2297 159 2377 gelio
179 2298 302 2378 Joannis
323 2317 387 2375 cap.
408 2317 438 2375 9.
460 2300 591 2375 quadam
618 2312 770 2359 narrantur
798 2296 1033 2372 circumstantia,
1054 2296 1162 2372 quibus
1182 2295 1267 2357 cbri-

77 2411 141 2474 ssus
172 2410 241 2473 usus
272 2410 312 2471 est
343 2413 380 2471 ad
410 2409 568 2472 sanandum
599 2426 727 2485 coecum;
759 2424 790 2469 et
811 2408 849 2470 src
870 2407 925 2469 alia
946 2407 1036 2469 multa
1058 2406 1088 2469 in¹
1109 2405 1267 2482 Scripturis

76 2520 282 2595 reperiuntur,
304 2538 369 2597 quae
393 2518 489 2581 omnia
511 2518 580 2579 satis
602 2518 777 2595 ostendunt,
803 2518 939 2580 miracula
959 2518 1054 2594 aliud,
1076 2536 1161 2594 quam
1182 2515 1268 2577 abso·

76 2636 175 2694 lutum
195 2632 269 2709 Dei,
290 2648 324 2694 ut
346 2632 443 2709 ajunt,
464 2634 630 2693 mandatum
651 2631 805 2708 requirere.
836 2633 933 2714 Quare
955 2634 1147 2707 credendum,
1167 2649 1267 2707 quam·

78 2746 129 2810 vis
150 2744 369 2807 circumstantia
392 2745 611 2820 miraculorum,
633 2762 792 2822 eorumque
818 2746 964 2806 naturales
984 2744 1094 2820 causae,
1114 2761 1176 2805 non
1195 2743 1269 2804 sem-

79 2880 134 2938 per
161 2879 256 2938 neque
285 2878 386 2922 omnes
414 2873 599 2935 enarrentur,
626 2858 761 2919 miracula
787 2874 884 2918 tamen
912 2875 973 2918 non
995 2856 1053 2917 stne
1074 2856 1174 2917 iisdem
1196 2872 1267 2917 con·

78 2972 184 3053 tigisse.
224 2974 315 3055 Quod
344 2972 430 3033 eriam
458 2972 571 3033 constat
593 2989 630 3031 ex
651 2970 750 3031 Exodi
773 2988 836 3046 cap.
861 2985 906 3049 14.
928 2969 970 3031 vs.
992 2984 1059 3043 η,
1079 2968 1131 3030 ubi
1152 2982 1268 3029 tantum

79 3100 228 3161 narratur,
255 3086 337 3163 quod
366 3102 402 3143 ex
430 3083 494 3144 solo
523 3096 599 3144 nutu
627 3081 719 3143 Mosrs
741 3099 817 3142 mare
837 3080 944 3141 iterum
965 3079 1112 3157 intimuit,
1133 3097 1187 3139 nec
1208 3080 1267 3139 ulla

78 3196 164 3263 venti
184 3196 295 3259 mentio
316 3198 359 3257 sit.
380 3198 420 3257 Et
440 3212 537 3256 tamen
559 3194 589 3254 in
610 3192 737 3254 Cantico
760 3193 838 3272 (cap.
864 3204 908 3267 ις.
930 3191 1003 3255 vers.
1028 3190 1217 3271 10.)dicitur,
1234 3191 1266 3252 id

79 3308 232 3389 contigisse
260 3328 297 3369 ex
325 3326 362 3369 eo
370 3354 380 3385 ,
408 3310 490 3384 quod
517 3308 598 3367 Deus
627 3321 718 3369 vento
748 3306 801 3365 suo
830 3305 875 3383 (id
903 3304 960 3379 est,
986 3319 1078 3367 vento
1100 3304 1266 3383 fortissimo)

79 3422 215 3498 flaverit;
236 3440 323 3499 quare
343 3422 405 3481 haec
428 3418 638 3481 circumstantia
659 3418 689 3479 in
707 3416 825 3479 historia
844 3416 1001 3492 omittitur,
1012 3432 1043 3477 et
1053 3416 1221 3477 miraculum
1232 3434 1267 3475 ea

78 3539 119 3597 de
140 3531 224 3595 causa
253 3533 345 3610 majus
374 3532 500 3595 videtur.
542 3534 584 3592 At
606 3529 700 3591 forsan
722 3529 840 3591 instabit
860 3518 983 3605 aliquis,
1004 3546 1061 3587 nos
1080 3526 1214 3603 perplura
1236 3527 1266 3586 in

78 3644 238 3721 scripturis
269 3644 410 3721 reperire,
442 3662 507 3721 quae
539 3645 619 3705 nrtllo
648 3646 738 3703 modo
760 3660 812 3717 per
832 3639 932 3701 causas
961 3640 1107 3701 naturales
1128 3639 1268 3702 videntur

78 3756 163 3836 posse
192 3756 346 3833 explicari3
375 3771 409 3818 ut
437 3758 519 3833 quod
548 3769 668 3832 peccata
695 3754 863 3829 bominum,
884 3770 1044 3829 eorumque
1064 3751 1266 3828 precationes,

79 3869 201 3947 possunt
223 3868 278 3930 esse
299 3869 407 3946 pluviae
429 3846 572 3945 terraeque
594 3866 756 3928 fertilitatis
777 3866 878 3942 causa,
899 3881 952 3927 aut
972 3868 1054 3941 quod
1075 3866 1147 3926 sides
1168 3882 1268 3927 coecos

80 3984 179 4044 sanare
200 3982 318 4058 potuit,
339 3996 368 4042 et
390 3982 445 4043 alia
467 3980 601 4043 adhunc
623 3982 758 4050 modum,
779 3996 844 4055 quae
859 3976 889 4038 in
905 3976 1007 4038 bibliis
1027 3992 1187 4038 narrantur.
1209 3979 1267 4039 Sed

80 4096 120 4155 ad
139 4094 201 4153 lraec
222 4092 345 4169 mejam
367 4090 543 4169 respondisse
564 4106 656 4167 puto:
687 4089 800 4152 ostendi
820 4088 914 4165 enim,
941 4088 1118 4163 Scripturas]
1139 4107 1185 4149 res
1206 4107 1266 4149 non

80 4210 189 4267 docere
217 4224 268 4280 per
296 4205 444 4282 proximas
472 4203 537 4265 suas
565 4203 682 4279 causas,
710 4202 760 4263 sed
788 4216 902 4262 tantum
923 4218 969 4261 res
990 4218 1027 4261 eo
1049 4200 1152 4262 ordine
1173 4199 1266 4277 iisque

80 4316 232 4397 phrasibus
260 4336 389 4394 narrare,
410 4318 517 4393 quibus
539 4315 660 4384 maxime
681 4315 832 4393 homines,
853 4330 883 4377 et
905 4312 1053 4396 precipue
1074 4315 1208 4393 plebem,
1229 4316 1266 4382 ad
