2934 4900
206 326 245 409 98
628 322 810 392 Ethices
840 325 910 390 Pers
929 329 967 390 11.

607 520 1003 566 nemonsrnnrro

246 601 379 664 Mentem
410 599 521 663 unitam
552 597 608 662 effe
640 600 766 679 Corpori
796 619 834 662 ex
866 619 904 662 eo
939 597 1137 676 ostendimus,
1168 599 1251 676 quod
1280 597 1399 661 scilicet

208 713 325 792 Corpus
344 714 457 776 Mentis
485 713 520 776 fit
548 713 694 791 objetlum
716 713 798 794 (vide
817 715 906 795 Prop.
931 730 978 776 ια.
998 726 1027 774 er
1050 729 1095 790 13.
1117 711 1233 792 rujam:
1256 715 1397 789 adeoque

206 844 259 904 per
285 829 405 890 eandem
433 826 510 888 illam
538 827 681 888 rationem
708 825 774 889 idea
801 825 915 888 Mentis
944 844 1011 888 cum
1038 825 1092 887 suo
1114 823 1249 903 objedio‚
1268 824 1330 886 hoc
1352 823 1397 884 est

207 957 272 1024 eum
293 939 355 1016 ipsa
374 940 496 1016 Mente,
516 941 619 1001 eodem
641 941 730 1002 modo
751 938 835 1002 unita
856 937 911 1000 elie
933 940 1041 1016 debet,
1063 957 1096 999 ac
1117 937 1179 1015 ipse
1198 938 1286 999 Mens
1306 937 1396 999 unita

207 1051 248 1114 est
269 1051 405 1128 Corpori.
447 1053 481 1131 Q.
503 1053 540 1113 E.
560 1055 601 1116 D.

673 1167 718 1210 sc
731 1167 753 1210 n
766 1166 785 1210 o
797 1167 818 1210 ι,
829 1166 842 1210 1
853 1166 876 1210 u
889 1166 927 1210 rr.

246 1246 319 1306 llaec
346 1243 513 1322 Proposrtio
539 1246 627 1325 longe
648 1245 754 1307 clarius
773 1244 949 1324 intelligitur
969 1263 1006 1306 ex
1027 1243 1112 1307 dietis
1132 1245 1164 1306 In
1183 1244 1281 1306 schol
1303 1244 1394 1320 Prop.

207 1373 236 1435 7.
263 1357 369 1436 hujus;
397 1356 438 1418 ibi
465 1357 543 1418 enim
571 1356 766 1435 ostendimus,
787 1355 929 1433 Corporis
949 1356 1044 1419 ideam
1066 1373 1097 1418 et
1118 1356 1251 1434 Corpus,
1271 1355 1332 1416 hoc
1352 1354 1394 1416 est

207 1470 280 1552 (per
299 1473 389 1551 Prop.
412 1488 458 1549 ιε.
479 1469 580 1550 hujus)
608 1469 741 1530 Mentem
763 1484 794 1530 et
814 1467 949 1545 Corpus,
977 1488 1066 1531 unum
1087 1485 1118 1530 et
1138 1468 1214 1531 idem
1236 1466 1290 1529 elie
1311 1467 1394 1529 Indi·

206 1583 346 1662 viduum,
373 1587 455 1662 quod
479 1582 538 1660 jam
567 1582 620 1644 sub
649 1580 850 1661 Cogitationis
873 1580 933 1658 jam
961 1581 1014 1644 sub
1034 1581 1224 1643 Extenlionis
1244 1581 1392 1643 attributo

206 1695 389 1774 concipitur;
409 1712 498 1772 quare
519 1693 632 1755 Mentis
652 1691 718 1755 iden
739 1692 851 1768 etipsa
872 1694 960 1754 Mens
987 1711 1046 1754 una
1073 1695 1235 1770 eademque
1261 1691 1303 1754 est
1328 1710 1392 1767 res,

207 1828 273 1886 quae
300 1808 353 1870 sub
382 1826 442 1870 uno
471 1810 634 1884 eodemque
662 1805 826 1881 attributo,
846 1823 951 1882 nempe
973 1805 1191 1884 Cogitationis,
1212 1803 1393 1882 concipitur.

207 1921 333 1998 Mentis,
363 1921 498 1998 inquam,
530 1919 595 1982 idea
626 1935 656 1980 et
687 1918 749 1996 ipsa
780 1919 868 1980 Mens
896 1917 926 1979 in
954 1918 1020 1979 Deo
1042 1920 1143 1979 adem
1164 1917 1330 1979 neceffitate
1352 1935 1391 1978 ex

207 2035 307 2094 eadem
329 2031 479 2112 cogitandi
500 2031 637 2110 potentia
658 2031 821 2108 sequuntur
841 2029 913 2091 dari.
951 2030 1029 2091 Nam
1053 2047 1154 2094 revera
1174 2029 1241 2091 idea
1261 2028 1393 2105 Mentis,

206 2144 265 2205 hoc
293 2144 334 2205 est
362 2142 426 2206 idea
453 2143 545 2219 ideae,
572 2142 645 2204 nihil
666 2142 746 2204 allud
766 2141 808 2202 ell
828 2160 914 2218 quam
936 2143 1029 2202 forma
1049 2140 1140 2219 idere,
1161 2156 1308 2219 quatenus
1328 2141 1393 2202 lraec

209 2271 242 2318 ut
270 2258 375 2317 modus
403 2254 572 2334 cogitandi,
601 2253 709 2332 alesque
728 2252 873 2316 relatione
894 2255 931 2314 ad
952 2252 1100 2331 objeilutn
1121 2253 1335 2331 confideratu13
1356 2253 1392 2313 Ii·

207 2371 301 2434 mulac
323 2369 398 2432 eninr
420 2367 485 2447 quir
507 2367 617 2446 aliquid
638 2367 707 2445 scit,
728 2385 765 2428 eo
786 2366 851 2444 ipso
872 2366 943 2443 scit,
963 2367 993 2428 se
1013 2366 1044 2428 id
1065 2366 1152 2443 scire,
1173 2381 1203 2428 et
1224 2365 1307 2428 srmul
1326 2365 1394 2443 scit,

206 2482 236 2545 se
257 2482 345 2561 scire,
366 2482 447 2560 quod
467 2481 538 2558 scit,
559 2497 590 2543 et
610 2481 648 2543 stc
669 2480 700 2542 in
720 2480 877 2543 infinitum.
917 2481 976 2541 Sed
996 2482 1033 2541 de
1053 2479 1100 2541 his
1119 2478 1230 2557 postea.

571 2640 901 2703 PROPOSITIO
932 2639 1026 2701 XXII.

246 2739 334 2799 Mens
363 2736 491 2799 humana
519 2756 574 2798 non
604 2750 716 2797 tanturn
749 2736 886 2815 Corporis
906 2734 1084 2813 offratenes,
1098 2736 1157 2813 sed
1179 2739 1265 2797 etiarn
1285 2734 1392 2797 larun

206 2849 385 2928 affedr'onum
404 2852 485 2911 ideas
501 2852 638 2929 percipit.

606 2994 1000 3040 nemomsrnnrro

247 3072 446 3136 Affedionum
473 3072 602 3135 idearum
629 3073 702 3136 ideae
730 3072 761 3133 in
782 3074 848 3134 Deo
870 3076 973 3135 eodem
994 3076 1084 3137 modo
1105 3074 1283 3153 sequuntur,
1303 3093 1335 3138 et
1355 3082 1393 3140 ad

207 3186 303 3247 Deum
323 3186 427 3246 eodem
448 3186 538 3245 modo
555 3186 735 3261 referuntur,
752 3203 786 3245 ac
803 3184 873 3261 ipsae
892 3184 1078 3248 affedlionum
1096 3186 1184 3264 ideae;
1195 3190 1278 3264 quod
1287 3191 1393 3251 eodem

207 3299 298 3359 modo
326 3296 537 3359 demonstratur
566 3314 599 3358 ac
627 3295 793 3373 Propolitio
822 3314 870 3357 20.
890 3296 989 3374 hujus.
1029 3299 1072 3360 At
1098 3297 1172 3360 ideae
1204 3300 1392 3363 affettionum

207 3408 350 3485 Corporis
370 3408 401 3470 in
421 3410 524 3469 Mente
544 3408 670 3470 humana
690 3408 757 3469 sunt
778 3408 853 3488 (per
872 3410 960 3489 Prop.
975 3425 1020 3472 12.
1041 3408 1158 3489 nujus),
1178 3410 1237 3472 hoc
1257 3412 1298 3473 est
1319 3413 1393 3492 (per

210 3521 313 3583 Coroll.
333 3523 422 3601 Prop.
442 3536 486 3583 11.
507 3520 608 3601 hujus)
630 3520 659 3582 in
680 3523 766 3597 Deo,
789 3536 935 3598 quatenus
955 3521 1088 3583 humanae
1108 3523 1223 3585 Mentis
1243 3523 1393 3586 ellentiam

207 3633 375 3711 constituit;
397 3652 466 3713 ergo
483 3634 583 3696 harum
602 3633 730 3698 idearum
750 3635 824 3696 ideae
841 3633 871 3695 in
891 3637 957 3696 Deo
977 3649 1078 3711 erunt,
1096 3651 1241 3713 quatenus
1258 3637 1393 3699 humnnae

207 3746 320 3807 Mentis
341 3744 620 3825 cognitionemlive
641 3746 735 3807 ideam
756 3746 864 3823 habet,
885 3747 943 3808 hoc
964 3748 1005 3808 est
1026 3746 1099 3827 (per
1119 3749 1210 3829 Prop.
1221 3765 1269 3810 21.
1289 3748 1392 3830 hujus)

207 3856 238 3917 in
259 3856 320 3933 ipsa
340 3858 444 3918 Mente
464 3857 681 3935 humnnn,quae
702 3873 859 3935 propterea
880 3877 941 3920 non
961 3874 1076 3921 tantum
1097 3859 1240 3938 Corporis
1260 3862 1393 3924 affedio·
1457 3857 1459 3874 ‘

207 3986 276 4044 nes,
297 3967 346 4029 sed
368 3986 464 4030 earum
486 3968 574 4030 etiam
595 3968 676 4031 ideas
697 3970 834 4047 percipit.
877 3973 911 4050 Q.
932 3973 969 4033 E.
990 3973 1030 4034 D.

566 4113 894 4176 PROPOSITIO
924 4116 1032 4176 XXIII.

247 4204 334 4265 Mens
348 4204 384 4281 se
402 4207 498 4286 ipsam
528 4228 583 4268 non
613 4208 769 4288 cognoscit,
797 4210 852 4289 rust
881 4226 1021 4289 quatenus
1049 4211 1186 4291 Corporis
1211 4211 1392 4290 affeiiiormm
1457 4285 1458 4312 1

205 4316 286 4376 ideas
302 4322 438 4399 percipit.
