2934 4900
332 317 834 398 Theologico·Politici
876 317 1024 394 Cap.Vl.
1212 330 1272 397 457

82 510 182 567 neque
214 489 243 552 in
276 481 379 554 itinere
410 489 483 552 srtim
515 490 663 568 paliuros,
694 489 736 552 ait
774 478 898 564 02³th
927 507 1061 565 mmm
1095 507 1180 565 lethu
1210 481 1270 563 teht

82 621 147 678 um
181 620 255 679 turn
288 621 348 680 nu
378 621 477 700 spurt
511 595 567 680 tuh
598 595 668 680 ‘tun
701 625 786 682 'trau
818 624 879 681 utu
907 621 936 667 et
954 627 1009 669 non
1026 608 1199 687 ficturum,
1216 622 1273 688 per

82 724 202 798 deserta
228 742 272 782 eos
300 723 404 798 duxlt,
424 741 530 800 aquam
550 743 587 782 ex
603 737 693 803 petra
712 728 751 782 iis
770 725 914 802 instillare
926 723 1018 800 fecer,
1035 736 1153 803 petram
1172 727 1272 803 rupit,

82 847 113 894 et
128 833 281 908 fluxerunt
307 851 399 911 aqua.
441 834 513 909 His,
541 835 675 914 inquam,
697 835 795 897 verbis
816 835 889 896 nihil
909 835 989 897 aliud
1010 834 1169 914 fignificare
1190 836 1273 909 vult,

83 964 173 1022 quarn
194 949 276 1023 quod
296 946 391 1026 Judaei
412 947 513 1008 fontes
533 947 563 1007 in
585 947 723 1022 desertis,
751 964 785 1009 ut
806 949 856 1023 lit,
877 949 1047 1026 invenient,
1067 948 1176 1025 quibus
1197 947 1272 1008 litim

83 1057 165 1118 suam
193 1058 386 1138 mitigabunt3
414 1079 479 1120 narn
506 1078 572 1120 cum
601 1079 638 1120 ex
667 1060 811 1122 consensu
831 1061 904 1140 Cyri
924 1060 1157 1139 Hierosolymam
1178 1060 1273 1135 petie-

82 1188 170 1248 runt,
188 1173 266 1234 nulla
284 1171 383 1234 srmilia
404 1172 539 1235 miracula
560 1171 596 1234 iis
618 1173 771 1252 contigille
793 1174 915 1234 constat.
936 1174 976 1235 Et
997 1174 1132 1235 adhunc
1153 1175 1272 1234 modum

83 1284 260 1361 perplurima
292 1285 322 1346 in
355 1285 441 1346 sacris
470 1285 576 1348 litteris
607 1302 782 1363 occurrunt,
811 1306 876 1364 quae
896 1302 1011 1349 tantum
1031 1287 1111 1349 modi
1131 1287 1273 1363 loquendi

83 1398 162 1458 inter
182 1399 302 1478 Judaeos
324 1399 460 1475 fuerunt,
481 1417 535 1459 nec
557 1417 634 1474 opus
656 1399 712 1472 est,
738 1399 835 1461 omnia
855 1399 904 1460 hic
925 1398 1088 1478 lingulatim
1108 1398 1272 1473 recensere;

84 1509 136 1570 sed
157 1525 270 1573 tantum
299 1511 356 1571 hoc
377 1509 407 1572 in
428 1529 534 1590 genere
563 1511 660 1572 notari
682 1510 788 1588 velim,
808 1513 952 1572 Hebraeos
972 1509 1018 1572 his
1040 1507 1189 1586 phralibus
1210 1528 1271 1569 non

83 1639 199 1686 tantum
227 1623 407 1688 consuevill'e
436 1639 555 1700 ornate,
583 1624 633 1686 sed
662 1624 767 1698 etiam,
795 1640 825 1684 et
855 1623 972 1700 quidem
1000 1622 1140 1700 maxime,
1161 1625 1271 1685 devote

82 1735 177 1811 loqui.
219 1737 282 1796 Hac
311 1735 387 1796 enirn
415 1739 452 1798 de
482 1737 566 1798 causa
588 1739 618 1798 in
639 1736 726 1798 sacris
746 1736 839 1797 literis
860 1734 1012 1799 invenitur
1029 1735 1091 1796 Deo
1111 1734 1272 1794 benedicere

83 1865 139 1922 pro
167 1849 333 1908 maledicere
360 1847 442 1926 (vide
463 1847 529 1909 Lib.
555 1864 580 1910 1.
602 1849 676 1927 Reg.
698 1866 762 1924 cap.
784 1863 832 1907 21.
853 1847 927 1910 vers.
950 1863 995 1908 10.
1016 1860 1047 1906 et
1067 1846 1136 1925 Job.
1156 1864 1220 1921 cap.
1241 1863 1270 1906 2.

84 1959 159 2022 vers.
180 1961 241 2038 9.);
271 1975 301 2020 et
329 1963 429 2022 eadem
455 1960 541 2020 etiam
570 1963 606 2022 de
634 1960 718 2022 causa
747 1961 844 2022 omnia
865 1963 902 2022 ad
921 1961 1018 2021 Deum
1038 1961 1219 2035 referebant,
1239 1975 1271 2020 et

83 2073 155 2133 ideo
185 2071 334 2148 Scriptura
365 2071 437 2133 nihil
468 2071 520 2133 nist
551 2071 687 2133 miracula
717 2091 831 2133 narrare
862 2073 996 2149 videtur,
1028 2073 1117 2151 idque
1145 2091 1211 2134 cum
1232 2075 1270 2134 de

83 2187 174 2246 rebus
204 2183 327 2245 manime
359 2184 538 2245 naturalibus
568 2184 717 2262 loquitur;
749 2182 834 2261 cujus
854 2186 896 2245 rei
917 2187 1048 2262 exempla
1079 2185 1193 2262 aliquot
1209 2185 1269 2262 jam

83 2297 171 2372 supra
192 2295 353 2358 retulimus.
394 2297 491 2380 Quare
513 2299 710 2372 credendum,
738 2297 972 2374 conscriptum
994 2296 1083 2374 dicit,
1101 2299 1198 2359 Deum
1219 2315 1271 2358 cor

83 2407 243 2469 Pharaonis
265 2407 455 2485 induraville,
482 2408 554 2471 nihil
575 2409 653 2473 aliud
675 2425 738 2472 turn
759 2409 925 2489 fignificari,
947 2429 1033 2488 quam
1055 2413 1137 2488 quod
1157 2410 1269 2473 Pharao

84 2520 144 2581 fuit
165 2536 334 2583 contumax.
374 2522 414 2584 Et
443 2540 508 2583 cunr
536 2522 661 2599 dicitur,
688 2525 784 2585 Deum
807 2523 945 2585 fenestras
964 2522 1030 2585 coeli
1051 2523 1179 2600 aperire,
1198 2523 1272 2584 nihil

82 2632 163 2693 aliud
184 2631 340 2711 fignificat,
362 2652 449 2710 quam
470 2637 551 2712 quod
573 2636 662 2697 multa
683 2655 759 2712 aqua
780 2636 905 2712 pluerit;
926 2650 957 2697 et
978 2634 1016 2695 l'rc
1037 2634 1102 2696 alia.
1136 2636 1186 2697 Ad
1206 2634 1268 2697 haec

82 2744 191 2823 igitur,
215 2761 245 2805 et
274 2748 356 2822 quod
384 2748 473 2808 multa
503 2748 657 2809 admodum
689 2748 836 2824 breviter,
864 2747 922 2809 line
944 2748 1010 2810 ullis
1032 2748 1269 2824 circumstantiis,

83 2872 115 2916 et
147 2857 208 2917 fere
239 2856 370 2919 mutilate
403 2875 569 2935 narrentur,
602 2858 622 2919 fi
654 2859 720 2936 quis
749 2861 842 2935 probe
869 2860 1045 2935 attenderit,
1066 2860 1139 2921 nihil
1158 2862 1218 2920 fere
1238 2860 1269 2921 in

82 2967 233 3044 Scriptura
253 2969 395 3045 reperiet,
415 2974 497 3047 quod
518 2972 603 3047 possrt
625 2972 812 3033 demonstrari
830 2970 947 3032 Lumini
964 2973 1272 3051 Naturaerepugnare,

83 3094 116 3141 et
144 3094 247 3142 contra
275 3082 381 3158 multa,
410 3101 474 3159 quae
504 3082 695 3144 obscuriffima
724 3083 786 3145 visa
813 3082 897 3156 sunt,
919 3082 1057 3145 mediocri
1078 3082 1270 3145 meditatione

83 3192 245 3273 intelligere
267 3194 377 3270 poterit
399 3210 429 3255 et
450 3194 535 3255 facile
557 3194 751 3271 interpretari.

125 3308 226 3382 Atque
247 3306 293 3366 his
315 3306 466 3381 existimo,
486 3324 531 3366 me
553 3306 596 3381 id,
617 3308 698 3384 quod
717 3306 912 3384 intenderam,
929 3307 998 3369 satis
1015 3309 1090 3368 clare
1108 3307 1269 3370 ostendille.

82 3423 242 3493 Attamen,
264 3434 419 3495 antequam
440 3418 509 3481 huic
531 3418 631 3495 Capiti
651 3420 737 3479 linem
759 3420 842 3494 dent,
859 3419 939 3481 aliud
959 3420 1054 3482 adhuc
1074 3420 1270 3497 restat,quod

82 3530 131 3591 hic
160 3547 276 3590 monere
305 3530 395 3605 volo;
423 3548 543 3606 nempe,
571 3547 616 3591 me
646 3528 701 3589 alia
721 3530 839 3606 prorsus
861 3530 1001 3592 methodo
1020 3531 1069 3592 hic
1090 3531 1166 3593 circa
1186 3531 1270 3592 mira-

83 3644 149 3703 cula
180 3641 356 3719 procellrlie,
387 3662 472 3719 quam
505 3643 579 3703 circa
611 3642 807 3718 Prophetiam.
848 3644 893 3704 De
925 3644 1081 3720 prophetia
1102 3644 1178 3705 enim
1199 3644 1271 3705 nihil

83 3754 241 3832 affirmavi,
263 3754 314 3817 nist
336 3758 417 3832 quod
439 3775 476 3817 ex
498 3755 695 3817 fundamentis
717 3756 747 3817 in
765 3756 977 3817 SacrisLiteris
995 3757 1131 3819 revelatis
1148 3758 1269 3818 conclu·

82 3872 151 3929 dere
183 3868 288 3944 potui,
319 3884 349 3929 at
379 3869 428 3929 hic
459 3869 605 3945 praecipua
637 3840 674 3929 ex
707 3870 776 3931 solis
804 3870 957 3947 principiis
983 3871 1107 3932 Lumine
1135 3871 1268 3932 Naturali

82 3978 163 4041 notis
185 3980 286 4057 elicui;
315 3983 398 4057 quod
425 3982 513 4043 etiam
538 3981 675 4043 consulto
697 3982 770 4057 feci,
792 3982 861 4059 quia
883 3986 919 4045 de
940 3984 1115 4060 prophetia,
1135 3986 1269 4061 quando-

82 4090 201 4167 quidem
223 4091 284 4168 ipsa
305 4110 423 4169 captum
452 4094 608 4157 humanum
637 4094 771 4171 superat,
792 4111 822 4155 et
843 4094 965 4171 quaellio
986 4113 1062 4156 mere
1083 4096 1268 4176 Theologica

81 4204 140 4273 est,
169 4204 240 4265 nihil
269 4205 423 4281 affirmare,
452 4225 548 4282 neque
570 4206 657 4267 etiam
678 4207 749 4267 scire
770 4224 920 4283 poteram,
942 4207 971 4268 in
994 4227 1055 4284 quo
1077 4208 1138 4285 ipsa
1157 4210 1269 4286 potillr-

5 4368 7 4387 ,
84 4332 161 4377 nrum
191 4314 371 4391 constiterit,
399 4312 450 4377 nist
480 4334 516 4377 ex
546 4315 743 4377 fundamentis
770 4316 923 4394 revelatis;
943 4333 1033 4393 atque
1053 4320 1128 4379 adeo
1150 4320 1270 4380 coaetus
