2934 4900
334 284 832 380 Theologic0·Politici
871 298 945 375 Cap.
966 282 1033 360 Vll.
1212 303 1273 381 47'9

88 480 246 557 Scriptura
277 481 417 542 mandato
448 478 555 540 summa
585 494 646 540 erat
674 478 803 554 potestas
823 479 915 556 legem
934 478 1154 554 interpretandi.
1194 479 1273 542 Vide

88 595 181 654 Dent.
202 594 217 627 *
239 610 302 668 cap.
317 607 363 667 17·
383 590 457 652 vers.
472 605 524 667 rr,
549 606 594 650 12.
616 605 648 652 et
669 609 733 667 cap.
746 607 796 667 33·
815 589 890 653 vers.
904 607 958 661 ro.¹
970 605 1000 651 et
1019 592 1147 652 Malach.
1168 610 1233 668 cap.
1244 610 1273 653 2.

90 704 164 768 vers.
176 705 204 764 8.
224 707 266 765 At
288 703 427 780 quoniam
447 705 557 764 nuhunr
579 704 637 764 tale
659 702 856 764 testimonium
877 701 964 764 nobis
981 703 1154 780 ostendunt,
1172 722 1272 766 eorum

90 815 254 878 authoritas
282 817 438 877 admodum
467 815 596 890 suspeeta
617 830 730 890 manet;
752 829 783 876 et
803 833 840 876 ne
861 813 946 891 quis,
966 815 1101 891 exemplo
1121 814 1274 877 Pontificis

90 929 282 989 Hebraeorum
313 929 472 1004 deceptus,
503 941 590 1002 putet
618 927 788 1005 religionem
817 925 1003 988 Catholicam
1031 927 1119 988 etiam
1145 926 1275 1006 indigere
1314 951 1318 960 ·

89 1041 252 1119 Pontifice,
284 1041 367 1104 venit
398 1043 579 1115 notandum,
610 1041 692 1116 quod
722 1040 803 1118 leges
834 1039 944 1115 Molis,
974 1042 1044 1115 quia
1074 1039 1191 1116 publica
1209 1038 1275 1116 jura

90 1152 195 1214 Patriae
227 1169 325 1229 erant,
356 1151 526 1231 indigebant
558 1149 731 1227 necessario,
753 1165 789 1212 ut
809 1150 1065 1227 conservarentur,
1096 1150 1276 1212 authoritate

91 1268 217 1343 quadam
237 1264 372 1341 publica;
392 1264 413 1325 li
435 1264 511 1326 enim
533 1263 731 1340 unusquisque
747 1262 913 1324 libertatem
933 1263 1054 1324 haberet
1070 1261 1136 1338 jura
1157 1262 1276 1339 publica

92 1397 130 1438 ex
159 1377 211 1438 suo
241 1359 371 1438 arbltrio‘
390 1375 618 1452 interpretandi,
646 1375 723 1436 nulla
745 1374 907 1450 respublica
928 1373 1075 1436 subsistere
1095 1371 1204 1450 posset,
1226 1373 1277 1435 sed

91 1491 150 1551 hoc
171 1489 236 1564 ipso
258 1489 351 1550 statim
374 1487 591 1563 dissolveretur,
613 1501 644 1548 et
661 1486 710 1563 jus
733 1487 882 1562 publicum
899 1485 949 1562 jus
970 1484 1040 1546 esset
1060 1484 1216 1561 privatum.
1234 1488 1277 1546 At

93 1600 260 1679 Religionis
280 1603 368 1679 longe
389 1600 442 1660 alia
465 1599 505 1660 eil
525 1599 610 1660 ratio.
645 1601 721 1660 Nam
743 1597 982 1684 quandoquidem
1003 1596 1065 1672 ipsa
1085 1615 1146 1658 non
1167 1613 1225 1658 tarn
1245 1597 1275 1658 in

92 1711 258 1775 astionibus
279 1710 408 1772 externis
429 1710 565 1788 quantia
588 1709 674 1772 animi
695 1709 878 1786 simplicitate
900 1726 930 1770 et
951 1708 1111 1774 veracitate
1132 1707 1275 1786 consistit,

94 1825 201 1886 nullius
227 1824 302 1902 juris
328 1843 424 1900 neque
446 1822 635 1886 authoritatis
656 1822 782 1898 publicae
802 1822 852 1882 est.
892 1821 992 1883 Animi
1013 1821 1090 1882 enim
1110 1819 1277 1899 fimplicitas

95 1950 125 1997 et
137 1936 280 1999 veracitas
291 1953 352 1996 non
373 1934 495 2012 imperio
516 1936 627 2014 legum,
648 1953 744 2011 neque
766 1933 946 1996 authoritate
964 1932 1278 2010 publica,bominibus

94 2051 278 2125 infunditur,
306 2065 336 2112 et
357 2049 489 2112 absolute
510 2069 596 2110 nemo
619 2049 649 2114 vi
670 2065 722 2111 aut
743 2048 857 2128 legibus
877 2049 975 2126 potest
995 2049 1062 2128 cogi
1084 2064 1117 2110 ut
1136 2049 1188 2110 fiat
1208 2051 1277 2109 bea-

94 2178 162 2238 tus,
189 2162 238 2225 sed
267 2165 303 2224 ad
330 2162 387 2223 hoc
416 2161 572 2239 requiritur
592 2160 641 2238 pia
662 2177 692 2221 et
713 2163 838 2222 fraterna
859 2161 1001 2237 monitio,
1022 2163 1101 2221 bona
1122 2161 1278 2237 educatio,
1373 2158 1377 2166 '

94 2291 125 2336 et
147 2275 231 2351 supra
253 2274 349 2335 omnia
371 2273 521 2350 proprium
543 2289 573 2334 et
593 2272 714 2334 liberum
739 2271 892 2348 judicium.
933 2272 1007 2334 Cum
1029 2273 1118 2351 igitur
1138 2273 1277 2336 summum

91 2385 142 2464 jus
172 2385 262 2446 libere
294 2384 458 2461 sentiendi,
488 2384 576 2449 etiam
596 2385 633 2446 de
654 2383 828 2463 Religione,
858 2401 950 2462 penes
970 2403 1205 2464 unumquemque
1227 2386 1279 2463 lit,

95 2516 150 2559 nec
172 2498 256 2574 poffit
278 2497 413 2573 concipi,
436 2497 560 2573 aliquem
579 2497 637 2558 hoc
654 2497 721 2573 jure
742 2499 883 2559 decedere
904 2497 1003 2574 posse,
1024 2498 1079 2559 crit
1099 2517 1169 2578 ergo
1190 2499 1279 2561 etiarn

95 2628 188 2687 penes
210 2627 445 2688 unumquemque
467 2608 605 2671 summum
622 2609 673 2685 jus
694 2609 861 2687 summaque
878 2610 1044 2671 authoritas
1063 2613 1100 2672 de
1120 2610 1279 2690 Religione

94 2721 186 2783 libere
203 2722 374 2799 judicandi,
395 2736 425 2783 et
446 2720 659 2799 consequenter
680 2725 801 2784 eandem
822 2721 876 2782 fibi
896 2720 1063 2797 explicandi
1084 2736 1115 2783 et
1134 2722 1277 2801 interpre·

95 2827 196 2929 tandi}
217 2854 282 2895 narn
300 2836 378 2896 nulla
399 2834 454 2895 alia
475 2836 512 2895 de
535 2834 619 2897 causa
639 2834 748 2895 summa
768 2834 932 2897 authoritas
951 2836 1030 2914 leges
1050 2835 1280 2915 interpretandi,

96 2962 127 3007 et
148 2946 287 3007 summum
309 2948 345 3006 de
366 2948 451 3007 rebus
472 2945 598 3023 publicis
615 2945 777 3023 judicium,
797 2964 890 3023 penes
907 2946 1100 3025 magistratum
1118 2941 1175 3024 est,
1191 2966 1279 3025 quam

96 3056 166 3133 quia
194 3056 305 3133 publici
328 3056 402 3133 juris
430 3057 512 3119 sunt:
541 3058 676 3135 adeoque
703 3060 804 3119 eadem
825 3060 863 3119 de
883 3057 969 3119 causa
988 3056 1094 3119 summa
1114 3058 1281 3120 authoritas

96 3168 283 3247 Religionem
310 3168 493 3245 explicandi,
513 3184 544 3229 et
564 3170 600 3229 de
622 3171 721 3230 eadem
739 3168 911 3245 judicandi,
931 3188 1022 3245 penes
1041 3189 1278 3248 unumquemque

97 3278 169 3355 erit,
191 3279 300 3341 scilicet
321 3279 389 3357 quia
410 3278 637 3357 uniuscujusque
654 3280 729 3357 juris
750 3280 800 3341 est.
841 3281 945 3360 Longe
965 3280 1055 3360 igitur
1075 3283 1169 3359 abest,
1186 3298 1220 3344 ut
1241 3301 1279 3344 ex

97 3390 279 3451 authoritate
309 3390 463 3452 Pontificis
493 3392 683 3453 Hebraeorum
715 3394 752 3453 ad
781 3393 860 3473 leges
891 3392 994 3454 Patriae
1030 3393 1279 3471 interpretandum

97 3501 194 3580 posset
215 3503 353 3564 concludi
375 3504 503 3565 Romani
524 3503 677 3566 Pontificis
705 3504 868 3567 authoritas
889 3506 926 3567 ad
947 3506 1195 3583 interpretandum
1214 3508 1281 3568 reli·

95 3614 232 3695 gionem3
260 3632 325 3674 cum
354 3630 472 3690 contra,
500 3614 575 3677 hanc
604 3632 840 3695 unumquemque
868 3616 992 3677 maxime
1018 3617 1141 3693 habere,
1165 3618 1282 3679 facilius

96 3744 137 3786 ex
158 3724 205 3785 illa
234 3726 436 3787 concludatur.
476 3729 577 3803 Atque
599 3727 686 3787 etiam
707 3728 775 3789 hinc
798 3728 950 3789 ostendere
969 3727 1135 3805 possumus,
1156 3729 1280 3791 nostram

96 3836 269 3899 methodum
287 3836 463 3913 Scripturam
481 3837 694 3915 interpretandi
714 3839 855 3915 optimam
876 3838 943 3901 elle.
963 3841 1053 3917 Nam,
1070 3859 1135 3901 cum
1156 3840 1281 3901 maxima

97 3947 265 4009 authoritas
297 3948 473 4024 Scripturam
504 3950 714 4027 interpretandi
744 3954 823 4027 apud
851 3968 1087 4029 unumquemque
1114 3950 1165 4028 stt,
1192 3951 1282 4013 inter-

98 4059 236 4137 pretandi
258 4077 327 4137 crgo
349 4077 448 4123 norma
470 4060 542 4121 nihil
563 4063 651 4123 debet
672 4061 725 4123 esse
747 4079 852 4139 praeter
871 4064 985 4126 Lumen
995 4064 1135 4125 Naturale
1146 4063 1282 4127 omnibus

134 4308 146 4341 ⁸
181 4306 334 4359 Brudem-
352 4308 469 4359 Ed.1³r.=
488 4308 570 4359 Exod.
