2934 4900
244 344 302 411 292
601 330 839 397 Tractatus
879 329 1067 397 Politici

244 509 315 569 nihil
343 508 373 570 iu
401 513 514 571 Netum
543 514 645 587 datur,
673 514 755 587 quod
772 510 838 587 jure
861 510 953 587 posset
974 511 1033 573 dici
1053 510 1141 587 hujus
1162 510 1235 587 elle,
1256 526 1288 571 et
1310 528 1379 571 non
1405 513 1444 570 al·

242 621 350 697 terius;
378 622 427 683 sed
455 622 552 683 omnia
580 622 710 683 omnium
740 622 824 698 sunt,
846 622 899 698 qui
920 622 1031 683 sedicet
1052 622 1226 697 potestatem
1246 622 1366 683 habent
1392 621 1444 681 libi

244 735 343 793 eadem
370 732 550 795 vindicandi.
572 734 587 769 *
627 736 669 795 At
699 733 728 794 in
752 734 896 811 Imperio,
917 712 968 794 ulti
990 734 1137 795 communi
1157 736 1227 815 Jure
1248 734 1444 809 decernitur,

244 843 315 920 quid
345 843 433 920 hujus
465 844 596 921 quidque
627 846 706 907 illius
734 845 785 920 stt,
814 846 860 906 ille
886 845 982 922 justus
1003 862 1146 919 vocatur,
1166 846 1214 907 cui
1234 844 1381 905 constans
1405 846 1444 905 eli

244 958 382 1019 voluutas
404 957 552 1019 tribuendi
574 957 733 1034 unicuique
755 958 854 1033 suum;
876 957 1000 1034 injustus
1021 974 1133 1032 autem,
1150 957 1201 1034 qui
1218 973 1324 1019 contra
1344 976 1444 1017 cona·

243 1083 291 1128 tur
311 1068 357 1144 id,
378 1072 459 1144 quod
482 1068 602 1129 ulterius
625 1070 683 1145 est,
705 1069 786 1130 suum
807 1070 912 1130 facere.

281 1178 308 1259 ᾗ.
329 1179 438 1241 XXIV.
479 1180 625 1241 Ceterum
654 1180 769 1242 laudern
791 1196 821 1241 et
842 1180 1020 1257 vituperium
1049 1180 1171 1241 affedlus
1191 1179 1246 1241 elie
1268 1180 1390 1241 laetitiae
1414 1197 1443 1241 et

241 1292 379 1367 tristitiae‚
406 1311 482 1370 quos
509 1293 668 1354 comitatur
695 1294 760 1355 idea
790 1292 910 1355 virtutis
931 1309 982 1353 aut
1004 1292 1188 1369 impotentiae
1208 1294 1345 1352 humanat
1372 1310 1442 1353 tan-

242 1422 327 1479 quam
349 1404 450 1480 causa,
472 1404 667 1481 explicuimus
689 1404 717 1465 iu
741 1406 836 1465 nostra
858 1405 973 1466 Ethica.
994 1406 1026 1439 **

700 1598 879 1660 CAPUT
920 1600 972 1659 lll.

284 1744 309 1825 ᾗ.
331 1746 354 1805 Ι.
395 1742 511 1820 Imperii
542 1744 742 1821 cujuscunque
773 1746 865 1805 status
895 1744 1004 1806 dicitur
1036 1746 1160 1817 Civilis,·
1190 1742 1304 1819 imperii
1332 1760 1438 1804 nutent

243 1856 385 1934 integrum
414 1874 522 1931 corpus
551 1856 667 1917 Civitas
694 1856 873 1933 appellatum
902 1873 932 1917 et
960 1856 1125 1917 communia
1152 1855 1264 1931 imperii
1290 1857 1438 1933 negotia,

243 1988 308 2045 quae
337 1972 372 2029 ab
401 1968 480 2045 ejus,
509 1968 559 2045 qui
589 1966 739 2043 imperium
768 1982 866 2042 tenet,
895 1968 1055 2031 diredione
1075 1970 1223 2045 pendent,
1241 1968 1436 2045 Respublica.

243 2081 357 2141 Deinde
378 2080 526 2155 homines,
548 2095 694 2157 quatenus
716 2098 754 2139 ex
767 2079 834 2155 jure
852 2079 932 2141 civili
952 2080 1090 2141 omnibus
1107 2079 1247 2143 Civitatis
1264 2080 1436 2139 commodis

242 2196 388 2271 gaudent,
415 2196 491 2253 cives
518 2194 714 2267 appellamus,
742 2207 772 2252 et
793 2192 944 2269 subditos,
969 2209 1114 2269 quatenus
1135 2192 1266 2255 civitatis
1286 2192 1435 2253 institutis

241 2304 292 2366 seu
312 2304 426 2382 legibus
448 2321 545 2379 parere
566 2319 713 2365 tenentur.
754 2302 892 2380 Denique
913 2304 1005 2365 status
1025 2303 1131 2367 Civilis
1152 2302 1207 2364 tria
1227 2302 1288 2365 dari
1308 2304 1356 2337 ***
1376 2324 1430 2381 ge·

241 2432 325 2491 nera,
346 2434 448 2493 nempe
469 2415 721 2492 Democraticum,
742 2414 998 2491 Aristocraticum,
1016 2432 1047 2476 et
1070 2413 1429 2488 Monarchicum,inArt.

245 2542 289 2604 17.
301 2529 374 2605 Cap.
387 2531 509 2604 ptaeced.
525 2527 664 2590 diximus.
683 2529 747 2608 Jam
768 2543 924 2604 antequam
945 2531 982 2589 de
1002 2545 1186 2604 unoquoque
1207 2525 1320 2587 seotllm
1341 2545 1429 2604 agere

243 2640 395 2715 incipiam,
426 2639 474 2700 illa
504 2639 585 2715 prius
613 2639 835 2715 demonstrabo,
864 2658 930 2715 quae
951 2643 988 2700 ad
1007 2640 1111 2700 statum
1132 2639 1249 2702 civilem
1269 2638 1299 2698 in
1320 2656 1429 2716 genere

243 2751 406 2828 pertinent;
423 2770 547 2828 quorum
563 2767 630 2812 ante
652 2752 750 2814 omnia
771 2752 1010 2813 constderandum
1031 2751 1113 2816 venit
1136 2751 1274 2813 summurn
1284 2749 1428 2812 Civitatis

240 2862 291 2924 seu
311 2862 480 2924 summarum
501 2864 678 2940 potestatum
698 2866 762 2945 Jus.

281 2974 308 3055 §.
329 2977 366 3036 ll.
407 2975 453 3034 Ex
483 2976 549 3036 Art.
581 2985 625 3050 15.
654 2978 778 3051 praeced.
799 2975 873 3052 Cap.
896 2991 994 3051 potet,
1025 2976 1142 3054 Imperii
1172 2979 1223 3037 seu
1254 2976 1424 3037 summarum

242 3087 420 3161 potestatum
447 3087 501 3166 Jus
529 3085 600 3146 nihil
620 3085 675 3146 elle
697 3102 802 3162 praeter
822 3086 914 3162 ipsum
937 3089 1058 3148 Natura
1078 3089 1149 3168 Jus,
1170 3090 1253 3164 quod
1272 3087 1425 3163 potentii,

242 3215 301 3259 non
324 3199 441 3276 quidem
463 3197 707 3276 uniuscujusque,
736 3199 785 3260 sed
807 3198 1021 3274 multitudinis,
1042 3217 1107 3275 que
1128 3201 1187 3260 und
1206 3200 1306 3260 velute
1327 3214 1424 3257 mente

241 3311 374 3387 ducitur,
401 3310 626 3386 determinatum
655 3310 711 3370 hoc
737 3307 795 3385 est,
816 3312 898 3386 quod
920 3309 1117 3387 unusquisque
1137 3310 1167 3370 in
1188 3309 1263 3370 statu
1282 3309 1423 3384 naturali,

240 3423 278 3484 fic
300 3423 387 3484 etiam
415 3422 510 3484 totius
538 3421 651 3498 imperii
680 3440 789 3497 corpus
809 3438 839 3482 et
861 3441 959 3496 mens,
980 3437 1093 3482 tantum
1110 3420 1186 3497 juris
1205 3422 1311 3496 habet,
1330 3441 1423 3497 quan-

206 3559 212 3568 ·
240 3550 302 3595 tum
323 3534 460 3610 potentia
480 3535 573 3610 valet;
595 3549 684 3610 atque
708 3536 783 3595 adeo
805 3533 1003 3611 unusquisque
1024 3532 1099 3595 civis
1118 3533 1169 3594 seu
1186 3531 1320 3594 subditus
1336 3547 1422 3592 tanto

240 3647 335 3709 minus
352 3646 427 3723 juris
447 3647 553 3722 lubet,
575 3662 687 3722 quanto
711 3644 770 3721 ipsa
793 3645 909 3708 Civitas
931 3645 994 3721 ipso
1016 3643 1169 3721 potentior
1189 3644 1229 3704 est
1257 3644 1332 3721 (nm.
1352 3644 1422 3704 Art.

244 3765 289 3818 16.
307 3759 430 3836 praced.
452 3757 557 3836 Cap.);
578 3772 608 3818 et
630 3757 846 3833 consequenter
875 3755 1073 3833 unusquisque
1095 3754 1169 3819 civis
1190 3755 1262 3815 nihil
1279 3754 1344 3831 jure
1364 3757 1423 3834 agit

240 3888 294 3930 nec
322 3870 428 3944 habet,
455 3883 561 3944 praeter
591 3869 637 3944 id,
663 3870 746 3944 quod
774 3868 923 3930 communi
950 3868 1090 3932 Civitatis
1117 3869 1238 3928 decreto
1270 3868 1422 3929 defendere

240 3980 347 4056 potest.

273 4183 285 4209 ⁸
321 4179 367 4229 Ed.
387 4181 440 4228 Pru
457 4179 626 4239 mendicanti&
645 4177 685 4229 sed
704 4179 764 4230 uide
782 4176 854 4242 suprn
871 4194 929 4246 pag.
946 4178 995 4230 216
1011 4194 1069 4230 ann.

273 4263 299 4293 ⁸*
335 4261 417 4310 Aliter
437 4263 493 4311 Etlt.
511 4261 557 4310 lll.
576 4276 617 4328 29.
635 4261 719 4311 schol.

273 4345 314 4376 ‘l‘
350 4343 506 4410 Corrigenda
524 4343 571 4393 lid.
588 4345 645 4392 ΡΜ
663 4344 768 4392 dantur.
