<?xml version="1.0" encoding="UTF-8"?>
<!DOCTYPE html PUBLIC "-//W3C//DTD XHTML 1.0 Transitional//EN"
    "http://www.w3.org/TR/xhtml1/DTD/xhtml1-transitional.dtd">
<html xmlns="http://www.w3.org/1999/xhtml" xml:lang="en" lang="en">
 <head>
  <title>
</title>
<meta http-equiv="Content-Type" content="text/html;charset=utf-8" />
  <meta name='ocr-system' content='tesseract 3.04.00' />
  <meta name='ocr-capabilities' content='ocr_page ocr_carea ocr_par ocr_line ocrx_word'/>
</head>
<body>
  <div class='ocr_page' id='page_1' title='image "benedictidespin02landgoog_0083.png"; bbox 0 0 2934 4900; ppageno 0'>
   <div class='ocr_carea' id='block_1_1' title="bbox 569 308 1262 382">
    <p class='ocr_par' dir='ltr' id='par_1_1' title="bbox 569 308 1262 382">
     <span class='ocr_line' id='line_1_1' title="bbox 569 308 1262 382; baseline -0.001 -13"><span class='ocrx_word' id='word_1_1' title='bbox 569 308 626 369; x_wconf 86' lang='lat' dir='ltr'>De</span> <span class='ocrx_word' id='word_1_2' title='bbox 656 308 754 369; x_wconf 88' lang='lat' dir='ltr'><strong>Deo.</strong></span> <span class='ocrx_word' id='word_1_3' title='bbox 1198 316 1262 382; x_wconf 80' lang='lat'>·59</span> 
     </span>
    </p>
   </div>
   <div class='ocr_carea' id='block_1_2' title="bbox 49 479 1260 896">
    <p class='ocr_par' dir='ltr' id='par_1_2' title="bbox 49 479 1260 896">
     <span class='ocr_line' id='line_1_2' title="bbox 51 479 1260 558; baseline -0.001 -15"><span class='ocrx_word' id='word_1_4' title='bbox 51 481 183 557; x_wconf 87' lang='lat' dir='ltr'>quitur,</span> <span class='ocrx_word' id='word_1_5' title='bbox 212 501 272 544; x_wconf 87' lang='lat' dir='ltr'>noa</span> <span class='ocrx_word' id='word_1_6' title='bbox 302 482 400 558; x_wconf 85' lang='lat' dir='ltr'>potest</span> <span class='ocrx_word' id='word_1_7' title='bbox 428 482 647 545; x_wconf 83' lang='lat' dir='ltr'>detenninatam</span> <span class='ocrx_word' id='word_1_8' title='bbox 676 483 783 543; x_wconf 81' lang='lat' dir='ltr'>habete</span> <span class='ocrx_word' id='word_1_9' title='bbox 811 482 1013 557; x_wconf 62' lang='lat' dir='ltr'>durationem</span> <span class='ocrx_word' id='word_1_10' title='bbox 1041 482 1091 543; x_wconf 86' lang='lat' dir='ltr'>sed</span> <span class='ocrx_word' id='word_1_11' title='bbox 1112 479 1260 558; x_wconf 83' lang='lat' dir='ltr'>peridem</span> 
     </span>
     <span class='ocr_line' id='line_1_3' title="bbox 49 590 1260 677; baseline -0.002 -22"><span class='ocrx_word' id='word_1_12' title='bbox 49 596 239 657; x_wconf 80' lang='lat' dir='ltr'>atttibututtt</span> <span class='ocrx_word' id='word_1_13' title='bbox 259 610 400 657; x_wconf 85' lang='lat' dir='ltr'>aetemum</span> <span class='ocrx_word' id='word_1_14' title='bbox 422 595 473 656; x_wconf 84' lang='lat' dir='ltr'>est.</span> <span class='ocrx_word' id='word_1_15' title='bbox 500 596 593 677; x_wconf 81' lang='lat' dir='ltr'><strong>Quod</strong></span> <span class='ocrx_word' id='word_1_16' title='bbox 613 609 675 655; x_wconf 88' lang='lat' dir='ltr'>etat</span> <span class='ocrx_word' id='word_1_17' title='bbox 697 594 865 655; x_wconf 84' lang='lat' dir='ltr'><strong>secundum.</strong></span> <span class='ocrx_word' id='word_1_18' title='bbox 905 595 1006 669; x_wconf 82' lang='lat' dir='ltr'>Nota,</span> <span class='ocrx_word' id='word_1_19' title='bbox 1026 594 1085 655; x_wconf 88' lang='lat' dir='ltr'>hoc</span> <span class='ocrx_word' id='word_1_20' title='bbox 1105 592 1182 653; x_wconf 84' lang='lat' dir='ltr'>idem</span> <span class='ocrx_word' id='word_1_21' title='bbox 1203 590 1260 653; x_wconf 80' lang='lat' dir='ltr'>esse</span> 
     </span>
     <span class='ocr_line' id='line_1_4' title="bbox 50 704 1258 785; baseline 0 -19"><span class='ocrx_word' id='word_1_22' title='bbox 50 706 262 769; x_wconf 82' lang='lat' dir='ltr'>affirmandum</span> <span class='ocrx_word' id='word_1_23' title='bbox 289 709 326 770; x_wconf 90' lang='lat' dir='ltr'>de</span> <span class='ocrx_word' id='word_1_24' title='bbox 355 726 531 785; x_wconf 85' lang='lat' dir='ltr'>quacunque</span> <span class='ocrx_word' id='word_1_25' title='bbox 559 725 607 780; x_wconf 81' lang='lat' dir='ltr'>te,</span> <span class='ocrx_word' id='word_1_26' title='bbox 635 726 700 783; x_wconf 84' lang='lat' dir='ltr'>quae</span> <span class='ocrx_word' id='word_1_27' title='bbox 722 706 752 767; x_wconf 88' lang='lat' dir='ltr'>in</span> <span class='ocrx_word' id='word_1_28' title='bbox 773 706 875 784; x_wconf 85' lang='lat' dir='ltr'>aliquo</span> <span class='ocrx_word' id='word_1_29' title='bbox 897 704 953 767; x_wconf 83' lang='lat' dir='ltr'>Dei</span> <span class='ocrx_word' id='word_1_30' title='bbox 975 705 1122 766; x_wconf 82' lang='lat' dir='ltr'>attributo</span> <span class='ocrx_word' id='word_1_31' title='bbox 1143 724 1181 765; x_wconf 85' lang='lat' dir='ltr'>et</span> <span class='ocrx_word' id='word_1_32' title='bbox 1201 705 1258 767; x_wconf 86' lang='lat' dir='ltr'>Dei</span> 
     </span>
     <span class='ocr_line' id='line_1_5' title="bbox 51 818 663 896; baseline 0.003 -17"><span class='ocrx_word' id='word_1_33' title='bbox 51 820 197 882; x_wconf 85' lang='lat' dir='ltr'>absoluta</span> <span class='ocrx_word' id='word_1_34' title='bbox 220 834 323 881; x_wconf 84' lang='lat' dir='ltr'>natura</span> <span class='ocrx_word' id='word_1_35' title='bbox 345 819 502 881; x_wconf 76' lang='lat' dir='ltr'>neceffatio</span> <span class='ocrx_word' id='word_1_36' title='bbox 523 818 663 896; x_wconf 86' lang='lat' dir='ltr'>sequitur.</span> 
     </span>
    </p>
   </div>
   <div class='ocr_carea' id='block_1_3' title="bbox 54 962 1262 1491">
    <p class='ocr_par' dir='ltr' id='par_1_3' title="bbox 434 962 891 1025">
     <span class='ocr_line' id='line_1_6' title="bbox 434 962 891 1025; baseline -0.002 -3"><span class='ocrx_word' id='word_1_37' title='bbox 434 962 767 1025; x_wconf 88' lang='lat' dir='ltr'><strong>PROPOSITIO</strong></span> <span class='ocrx_word' id='word_1_38' title='bbox 798 962 891 1021; x_wconf 98' lang='lat' dir='ltr'><strong>XXII.</strong></span> 
     </span>
    </p>

    <p class='ocr_par' dir='ltr' id='par_1_4' title="bbox 54 1074 1262 1380">
     <span class='ocr_line' id='line_1_7' title="bbox 101 1074 1262 1153; baseline -0.001 -20"><span class='ocrx_word' id='word_1_39' title='bbox 101 1078 251 1153; x_wconf 75' lang='lat' dir='ltr'>Quicquid</span> <span class='ocrx_word' id='word_1_40' title='bbox 281 1080 318 1134; x_wconf 68' lang='lat' dir='ltr'>ei:</span> <span class='ocrx_word' id='word_1_41' title='bbox 347 1077 444 1152; x_wconf 80' lang='lat' dir='ltr'>aliquo</span> <span class='ocrx_word' id='word_1_42' title='bbox 475 1078 533 1136; x_wconf 82' lang='lat' dir='ltr'>Dei</span> <span class='ocrx_word' id='word_1_43' title='bbox 562 1076 724 1151; x_wconf 80' lang='lat' dir='ltr'>attributo,</span> <span class='ocrx_word' id='word_1_44' title='bbox 757 1088 896 1152; x_wconf 80' lang='lat' dir='ltr'>quatenus</span> <span class='ocrx_word' id='word_1_45' title='bbox 924 1074 1113 1153; x_wconf 75' lang='lat' dir='ltr'>modificatum</span> <span class='ocrx_word' id='word_1_46' title='bbox 1139 1074 1177 1152; x_wconf 83' lang='lat' dir='ltr'>est</span> <span class='ocrx_word' id='word_1_47' title='bbox 1205 1074 1262 1132; x_wconf 75' lang='lat' dir='ltr'>tals·</span> 
     </span>
     <span class='ocr_line' id='line_1_8' title="bbox 54 1188 1260 1269; baseline -0.002 -21"><span class='ocrx_word' id='word_1_48' title='bbox 54 1188 270 1268; x_wconf 73' lang='lat' dir='ltr'>modificatione</span> <span class='ocrx_word' id='word_1_49' title='bbox 281 1235 290 1263; x_wconf 90' lang='lat'><em>,</em></span> <span class='ocrx_word' id='word_1_50' title='bbox 316 1208 379 1267; x_wconf 74' lang='lat' dir='ltr'>qua</span> <span class='ocrx_word' id='word_1_51' title='bbox 399 1204 427 1248; x_wconf 82' lang='lat' dir='ltr'>et</span> <span class='ocrx_word' id='word_1_52' title='bbox 447 1190 598 1268; x_wconf 81' lang='lat' dir='ltr'>neccffario</span> <span class='ocrx_word' id='word_1_53' title='bbox 619 1204 646 1249; x_wconf 78' lang='lat' dir='ltr'>et</span> <span class='ocrx_word' id='word_1_54' title='bbox 666 1190 786 1269; x_wconf 79' lang='lat' dir='ltr'>infinita</span> <span class='ocrx_word' id='word_1_55' title='bbox 802 1203 858 1269; x_wconf 84' lang='lat' dir='ltr'>per</span> <span class='ocrx_word' id='word_1_56' title='bbox 878 1190 952 1249; x_wconf 79' lang='lat' dir='ltr'>idem</span> <span class='ocrx_word' id='word_1_57' title='bbox 973 1189 1088 1267; x_wconf 76' lang='lat' dir='ltr'>exlstit,</span> <span class='ocrx_word' id='word_1_58' title='bbox 1103 1190 1260 1265; x_wconf 80' lang='lat' dir='ltr'>sequitur,</span> 
     </span>
     <span class='ocr_line' id='line_1_9' title="bbox 54 1275 905 1380; baseline 0 -21"><span class='ocrx_word' id='word_1_59' title='bbox 54 1300 143 1359; x_wconf 76' lang='lat' dir='ltr'><em>dehet</em></span> <span class='ocrx_word' id='word_1_60' title='bbox 165 1318 276 1377; x_wconf 79' lang='lat' dir='ltr'><em>quoque</em></span> <span class='ocrx_word' id='word_1_61' title='bbox 295 1314 323 1359; x_wconf 81' lang='lat' dir='ltr'>et</span> <span class='ocrx_word' id='word_1_62' title='bbox 344 1301 494 1379; x_wconf 78' lang='lat' dir='ltr'>neceffart&#39;o</span> <span class='ocrx_word' id='word_1_63' title='bbox 514 1315 542 1361; x_wconf 78' lang='lat' dir='ltr'>ct</span> <span class='ocrx_word' id='word_1_64' title='bbox 561 1300 707 1380; x_wconf 76' lang='lat' dir='ltr'>infinitum</span> <span class='ocrx_word' id='word_1_65' title='bbox 727 1302 856 1379; x_wconf 80' lang='lat' dir='ltr'>ext&#39;stere.</span> <span class='ocrx_word' id='word_1_66' title='bbox 903 1275 905 1278; x_wconf 22' lang='grc' dir='ltr'>Ι</span> 
     </span>
    </p>

    <p class='ocr_par' dir='ltr' id='par_1_5' title="bbox 472 1446 871 1491">
     <span class='ocr_line' id='line_1_10' title="bbox 472 1446 871 1491; baseline -0.003 -1"><span class='ocrx_word' id='word_1_67' title='bbox 472 1446 871 1491; x_wconf 68' lang='grc' dir='ltr'>υιΜοΝετκΛτια</span> 
     </span>
    </p>
   </div>
   <div class='ocr_carea' id='block_1_4' title="bbox 57 1538 1261 1727">
    <p class='ocr_par' dir='ltr' id='par_1_6' title="bbox 57 1538 1261 1727">
     <span class='ocr_line' id='line_1_11' title="bbox 100 1538 1261 1617; baseline -0.002 -18"><span class='ocrx_word' id='word_1_68' title='bbox 100 1538 204 1616; x_wconf 84' lang='lat' dir='ltr'>Hujus</span> <span class='ocrx_word' id='word_1_69' title='bbox 238 1538 453 1615; x_wconf 82' lang='lat' dir='ltr'>Proposttiottis</span> <span class='ocrx_word' id='word_1_70' title='bbox 485 1539 693 1603; x_wconf 84' lang='lat' dir='ltr'>demonstratio</span> <span class='ocrx_word' id='word_1_71' title='bbox 725 1540 861 1617; x_wconf 78' lang='lat' dir='ltr'>procedit</span> <span class='ocrx_word' id='word_1_72' title='bbox 892 1542 996 1601; x_wconf 87' lang='lat' dir='ltr'>eodem</span> <span class='ocrx_word' id='word_1_73' title='bbox 1028 1540 1118 1600; x_wconf 88' lang='lat' dir='ltr'><strong>modo</strong></span> <span class='ocrx_word' id='word_1_74' title='bbox 1146 1557 1179 1599; x_wconf 91' lang='lat' dir='ltr'>ac</span> <span class='ocrx_word' id='word_1_75' title='bbox 1210 1540 1261 1599; x_wconf 83' lang='lat' dir='ltr'>de·</span> 
     </span>
     <span class='ocr_line' id='line_1_12' title="bbox 57 1650 462 1727; baseline 0.01 -18"><span class='ocrx_word' id='word_1_76' title='bbox 57 1650 237 1711; x_wconf 85' lang='lat' dir='ltr'>monstratio</span> <span class='ocrx_word' id='word_1_77' title='bbox 259 1652 462 1727; x_wconf 79' lang='lat' dir='ltr'>praecedentis.</span> 
     </span>
    </p>
   </div>
   <div class='ocr_carea' id='block_1_5' title="bbox 61 1782 1265 2199">
    <p class='ocr_par' dir='ltr' id='par_1_7' title="bbox 61 1782 1265 2199">
     <span class='ocr_line' id='line_1_13' title="bbox 436 1782 902 1843; baseline -0.002 -1"><span class='ocrx_word' id='word_1_78' title='bbox 436 1782 764 1843; x_wconf 84' lang='lat' dir='ltr'><strong>PROPOSITIO</strong></span> <span class='ocrx_word' id='word_1_79' title='bbox 795 1782 902 1842; x_wconf 88' lang='lat' dir='ltr'><strong>XXIII.</strong></span> 
     </span>
     <span class='ocr_line' id='line_1_14' title="bbox 107 1887 1265 1973; baseline -0.002 -22"><span class='ocrx_word' id='word_1_80' title='bbox 107 1894 210 1951; x_wconf 86' lang='lat' dir='ltr'><em>Omm&#39;s</em></span> <span class='ocrx_word' id='word_1_81' title='bbox 239 1894 352 1967; x_wconf 79' lang='lat' dir='ltr'><em>modm,</em></span> <span class='ocrx_word' id='word_1_82' title='bbox 381 1897 433 1971; x_wconf 85' lang='lat' dir='ltr'>qm‘</span> <span class='ocrx_word' id='word_1_83' title='bbox 460 1908 486 1953; x_wconf 80' lang='lat' dir='ltr'>et</span> <span class='ocrx_word' id='word_1_84' title='bbox 507 1894 658 1973; x_wconf 80' lang='lat' dir='ltr'>neceffart&#39;o</span> <span class='ocrx_word' id='word_1_85' title='bbox 679 1908 706 1953; x_wconf 84' lang='lat' dir='ltr'>et</span> <span class='ocrx_word' id='word_1_86' title='bbox 726 1894 859 1973; x_wconf 80' lang='lat' dir='ltr'>infinitus</span> <span class='ocrx_word' id='word_1_87' title='bbox 879 1892 992 1970; x_wconf 70' lang='lat' dir='ltr'>existit,</span> <span class='ocrx_word' id='word_1_88' title='bbox 1012 1890 1162 1969; x_wconf 80' lang='lat' dir='ltr'>neceffart&#39;o</span> <span class='ocrx_word' id='word_1_89' title='bbox 1177 1887 1265 1967; x_wconf 81' lang='lat' dir='ltr'><em>sequi</em></span> 
     </span>
     <span class='ocr_line' id='line_1_15' title="bbox 62 2002 1264 2081; baseline 0 -20"><span class='ocrx_word' id='word_1_90' title='bbox 62 2004 183 2079; x_wconf 80' lang='lat' dir='ltr'><em>debuit,</em></span> <span class='ocrx_word' id='word_1_91' title='bbox 211 2004 263 2062; x_wconf 63' lang='lat' dir='ltr'>tte!</span> <span class='ocrx_word' id='word_1_92' title='bbox 286 2025 322 2062; x_wconf 85' lang='lat' dir='ltr'>cx</span> <span class='ocrx_word' id='word_1_93' title='bbox 349 2003 482 2080; x_wconf 76' lang='lat' dir='ltr'>absoluta</span> <span class='ocrx_word' id='word_1_94' title='bbox 508 2020 619 2065; x_wconf 84' lang='lat' dir='ltr'>natura</span> <span class='ocrx_word' id='word_1_95' title='bbox 646 2006 770 2081; x_wconf 81' lang='lat' dir='ltr'>alicujus</span> <span class='ocrx_word' id='word_1_96' title='bbox 790 2005 933 2064; x_wconf 81' lang='lat' dir='ltr'>attrt&#39;buti</span> <span class='ocrx_word' id='word_1_97' title='bbox 951 2006 1025 2077; x_wconf 78' lang='lat' dir='ltr'>Det&#39;,</span> <span class='ocrx_word' id='word_1_98' title='bbox 1044 2004 1148 2061; x_wconf 78' lang='lat' dir='ltr'><em>velex</em></span> <span class='ocrx_word' id='word_1_99' title='bbox 1167 2002 1264 2078; x_wconf 83' lang='lat' dir='ltr'>aliquo</span> 
     </span>
     <span class='ocr_line' id='line_1_16' title="bbox 61 2114 1263 2199; baseline 0.001 -24"><span class='ocrx_word' id='word_1_100' title='bbox 61 2117 214 2177; x_wconf 79' lang='lat' dir='ltr'>attributo</span> <span class='ocrx_word' id='word_1_101' title='bbox 235 2118 393 2197; x_wconf 78' lang='lat' dir='ltr'>modificato</span> <span class='ocrx_word' id='word_1_102' title='bbox 414 2120 630 2199; x_wconf 71' lang='lat' dir='ltr'>modificatione,</span> <span class='ocrx_word' id='word_1_103' title='bbox 653 2138 715 2197; x_wconf 66' lang='lat' dir='ltr'>quat</span> <span class='ocrx_word' id='word_1_104' title='bbox 737 2132 766 2178; x_wconf 77' lang='lat' dir='ltr'>ct</span> <span class='ocrx_word' id='word_1_105' title='bbox 786 2118 937 2195; x_wconf 80' lang='lat' dir='ltr'>neceffario</span> <span class='ocrx_word' id='word_1_106' title='bbox 964 2130 992 2176; x_wconf 78' lang='lat' dir='ltr'>ct</span> <span class='ocrx_word' id='word_1_107' title='bbox 1019 2116 1137 2195; x_wconf 69' lang='lat' dir='ltr'>Infinita</span> <span class='ocrx_word' id='word_1_108' title='bbox 1157 2114 1263 2193; x_wconf 68' lang='lat' dir='ltr'>existit.</span> 
     </span>
    </p>
   </div>
   <div class='ocr_carea' id='block_1_6' title="bbox 64 2250 1314 3670">
    <p class='ocr_par' dir='ltr' id='par_1_8' title="bbox 477 2250 873 2309">
     <span class='ocr_line' id='line_1_17' title="bbox 477 2250 873 2309; baseline -0.01 0"><span class='ocrx_word' id='word_1_109' title='bbox 477 2250 873 2309; x_wconf 65' lang='lat' dir='ltr'>namoastaaata</span> 
     </span>
    </p>

    <p class='ocr_par' dir='ltr' id='par_1_9' title="bbox 64 2357 1314 3670">
     <span class='ocr_line' id='line_1_18' title="bbox 106 2357 1264 2439; baseline -0.002 -22"><span class='ocrx_word' id='word_1_110' title='bbox 106 2359 225 2419; x_wconf 86' lang='lat' dir='ltr'>Modus</span> <span class='ocrx_word' id='word_1_111' title='bbox 246 2358 321 2419; x_wconf 86' lang='lat' dir='ltr'>enitn</span> <span class='ocrx_word' id='word_1_112' title='bbox 344 2358 372 2419; x_wconf 88' lang='lat' dir='ltr'>in</span> <span class='ocrx_word' id='word_1_113' title='bbox 395 2360 453 2421; x_wconf 84' lang='lat' dir='ltr'>aiio</span> <span class='ocrx_word' id='word_1_114' title='bbox 476 2360 532 2436; x_wconf 85' lang='lat' dir='ltr'>est,</span> <span class='ocrx_word' id='word_1_115' title='bbox 560 2378 612 2437; x_wconf 84' lang='lat' dir='ltr'>per</span> <span class='ocrx_word' id='word_1_116' title='bbox 633 2364 715 2439; x_wconf 88' lang='lat' dir='ltr'>quod</span> <span class='ocrx_word' id='word_1_117' title='bbox 738 2358 858 2436; x_wconf 85' lang='lat' dir='ltr'>concipi</span> <span class='ocrx_word' id='word_1_118' title='bbox 880 2360 968 2419; x_wconf 87' lang='lat' dir='ltr'>debet</span> <span class='ocrx_word' id='word_1_119' title='bbox 990 2357 1062 2437; x_wconf 78' lang='lat' dir='ltr'><em>(per</em></span> <span class='ocrx_word' id='word_1_120' title='bbox 1082 2358 1181 2437; x_wconf 84' lang='lat' dir='ltr'><em>Defin.</em></span> <span class='ocrx_word' id='word_1_121' title='bbox 1203 2359 1264 2436; x_wconf 80' lang='lat'><strong>5.)‚</strong></span> 
     </span>
     <span class='ocr_line' id='line_1_19' title="bbox 64 2467 1264 2552; baseline 0 -24"><span class='ocrx_word' id='word_1_122' title='bbox 64 2471 124 2529; x_wconf 84' lang='lat' dir='ltr'>hoc</span> <span class='ocrx_word' id='word_1_123' title='bbox 147 2468 191 2529; x_wconf 85' lang='lat' dir='ltr'>est</span> <span class='ocrx_word' id='word_1_124' title='bbox 212 2467 283 2548; x_wconf 86' lang='lat' dir='ltr'><em>(per</em></span> <span class='ocrx_word' id='word_1_125' title='bbox 303 2471 392 2552; x_wconf 83' lang='lat' dir='ltr'>Prap.</span> <span class='ocrx_word' id='word_1_126' title='bbox 417 2471 491 2552; x_wconf 88' lang='lat'><strong>15.),</strong></span> <span class='ocrx_word' id='word_1_127' title='bbox 513 2471 542 2532; x_wconf 83' lang='lat' dir='ltr'>In</span> <span class='ocrx_word' id='word_1_128' title='bbox 571 2471 635 2533; x_wconf 87' lang='lat' dir='ltr'>solo</span> <span class='ocrx_word' id='word_1_129' title='bbox 664 2473 730 2532; x_wconf 87' lang='lat' dir='ltr'>Deo</span> <span class='ocrx_word' id='word_1_130' title='bbox 753 2471 811 2547; x_wconf 82' lang='lat' dir='ltr'>est,</span> <span class='ocrx_word' id='word_1_131' title='bbox 832 2485 863 2532; x_wconf 86' lang='lat' dir='ltr'>et</span> <span class='ocrx_word' id='word_1_132' title='bbox 885 2489 936 2546; x_wconf 85' lang='lat' dir='ltr'>per</span> <span class='ocrx_word' id='word_1_133' title='bbox 958 2469 1049 2530; x_wconf 83' lang='lat' dir='ltr'>solum</span> <span class='ocrx_word' id='word_1_134' title='bbox 1070 2470 1166 2529; x_wconf 84' lang='lat' dir='ltr'>Deum</span> <span class='ocrx_word' id='word_1_135' title='bbox 1192 2487 1264 2528; x_wconf 89' lang='lat' dir='ltr'><strong>con·</strong></span> 
     </span>
     <span class='ocr_line' id='line_1_20' title="bbox 64 2579 1264 2662; baseline 0 -23"><span class='ocrx_word' id='word_1_136' title='bbox 64 2580 125 2656; x_wconf 81' lang='lat' dir='ltr'>tipi</span> <span class='ocrx_word' id='word_1_137' title='bbox 149 2579 260 2656; x_wconf 79' lang='lat' dir='ltr'>potest.</span> <span class='ocrx_word' id='word_1_138' title='bbox 281 2581 310 2640; x_wconf 84' lang='lat' dir='ltr'>si</span> <span class='ocrx_word' id='word_1_139' title='bbox 333 2601 403 2662; x_wconf 80' lang='lat' dir='ltr'>ergo</span> <span class='ocrx_word' id='word_1_140' title='bbox 426 2585 530 2644; x_wconf 88' lang='lat' dir='ltr'><strong>modus</strong></span> <span class='ocrx_word' id='word_1_141' title='bbox 552 2583 720 2660; x_wconf 83' lang='lat' dir='ltr'>concipitur</span> <span class='ocrx_word' id='word_1_142' title='bbox 743 2581 899 2644; x_wconf 80' lang='lat' dir='ltr'>neceffario</span> <span class='ocrx_word' id='word_1_143' title='bbox 922 2581 1060 2656; x_wconf 82' lang='lat' dir='ltr'>existere,</span> <span class='ocrx_word' id='word_1_144' title='bbox 1081 2596 1112 2641; x_wconf 88' lang='lat' dir='ltr'>et</span> <span class='ocrx_word' id='word_1_145' title='bbox 1132 2579 1264 2640; x_wconf 85' lang='lat' dir='ltr'>infinitus</span> 
     </span>
     <span class='ocr_line' id='line_1_21' title="bbox 66 2691 1314 2770; baseline 0.001 -18"><span class='ocrx_word' id='word_1_146' title='bbox 66 2692 143 2770; x_wconf 82' lang='lat' dir='ltr'>eise,</span> <span class='ocrx_word' id='word_1_147' title='bbox 166 2707 323 2770; x_wconf 85' lang='lat' dir='ltr'>utrumque</span> <span class='ocrx_word' id='word_1_148' title='bbox 345 2695 402 2754; x_wconf 83' lang='lat' dir='ltr'>hoc</span> <span class='ocrx_word' id='word_1_149' title='bbox 424 2697 512 2756; x_wconf 89' lang='lat' dir='ltr'>debet</span> <span class='ocrx_word' id='word_1_150' title='bbox 535 2695 691 2756; x_wconf 83' lang='lat' dir='ltr'>taecess&#39;atio</span> <span class='ocrx_word' id='word_1_151' title='bbox 711 2694 848 2756; x_wconf 86' lang='lat' dir='ltr'>concludi</span> <span class='ocrx_word' id='word_1_152' title='bbox 868 2693 926 2756; x_wconf 84' lang='lat' dir='ltr'>five</span> <span class='ocrx_word' id='word_1_153' title='bbox 945 2692 1056 2770; x_wconf 81' lang='lat' dir='ltr'>percipi</span> <span class='ocrx_word' id='word_1_154' title='bbox 1075 2711 1126 2768; x_wconf 84' lang='lat' dir='ltr'>per</span> <span class='ocrx_word' id='word_1_155' title='bbox 1143 2691 1265 2770; x_wconf 81' lang='lat' dir='ltr'>aliquod</span> <span class='ocrx_word' id='word_1_156' title='bbox 1305 2699 1314 2711; x_wconf 84' lang='lat'><strong><em>‘</em></strong></span> 
     </span>
     <span class='ocr_line' id='line_1_22' title="bbox 66 2803 1264 2882; baseline -0.001 -18"><span class='ocrx_word' id='word_1_157' title='bbox 66 2804 123 2864; x_wconf 85' lang='lat' dir='ltr'>Dei</span> <span class='ocrx_word' id='word_1_158' title='bbox 148 2803 323 2865; x_wconf 85' lang='lat' dir='ltr'>attributum</span> <span class='ocrx_word' id='word_1_159' title='bbox 330 2849 340 2880; x_wconf 89' lang='lat'><em>,</em></span> <span class='ocrx_word' id='word_1_160' title='bbox 370 2821 515 2882; x_wconf 85' lang='lat' dir='ltr'>quatenus</span> <span class='ocrx_word' id='word_1_161' title='bbox 537 2807 611 2868; x_wconf 88' lang='lat' dir='ltr'>idem</span> <span class='ocrx_word' id='word_1_162' title='bbox 634 2805 806 2882; x_wconf 82' lang='lat' dir='ltr'>concipitur</span> <span class='ocrx_word' id='word_1_163' title='bbox 826 2804 998 2865; x_wconf 86' lang='lat' dir='ltr'>infinitatem</span> <span class='ocrx_word' id='word_1_164' title='bbox 1021 2819 1051 2864; x_wconf 88' lang='lat' dir='ltr'>et</span> <span class='ocrx_word' id='word_1_165' title='bbox 1072 2806 1264 2865; x_wconf 84' lang='lat' dir='ltr'>ncceffitatem</span> 
     </span>
     <span class='ocr_line' id='line_1_23' title="bbox 65 2915 1265 3000; baseline 0 -24"><span class='ocrx_word' id='word_1_166' title='bbox 65 2915 233 2976; x_wconf 74' lang='lat' dir='ltr'>existentiae</span> <span class='ocrx_word' id='word_1_167' title='bbox 245 2960 254 2989; x_wconf 91' lang='lat'>‚</span> <span class='ocrx_word' id='word_1_168' title='bbox 276 2915 334 2978; x_wconf 89' lang='lat' dir='ltr'>stve</span> <span class='ocrx_word' id='word_1_169' title='bbox 355 2915 445 2994; x_wconf 80' lang='lat' dir='ltr'><em>(quod</em></span> <span class='ocrx_word' id='word_1_170' title='bbox 459 2931 515 2998; x_wconf 70' lang='lat' dir='ltr'>pen</span> <span class='ocrx_word' id='word_1_171' title='bbox 536 2921 635 3000; x_wconf 82' lang='lat' dir='ltr'><em>Defin.</em></span> <span class='ocrx_word' id='word_1_172' title='bbox 657 2921 684 2980; x_wconf 92' lang='lat'>8.</span> <span class='ocrx_word' id='word_1_173' title='bbox 705 2922 780 2979; x_wconf 80' lang='lat' dir='ltr'>idem</span> <span class='ocrx_word' id='word_1_174' title='bbox 801 2917 851 3000; x_wconf 80' lang='lat' dir='ltr'>est)</span> <span class='ocrx_word' id='word_1_175' title='bbox 872 2918 1064 2980; x_wconf 77' lang='lat' dir='ltr'>aeternitatem</span> <span class='ocrx_word' id='word_1_176' title='bbox 1086 2917 1265 2994; x_wconf 79' lang='lat' dir='ltr'>exprimere,</span> 
     </span>
     <span class='ocr_line' id='line_1_24' title="bbox 66 3026 1265 3112; baseline 0.003 -26"><span class='ocrx_word' id='word_1_177' title='bbox 66 3029 127 3088; x_wconf 88' lang='lat' dir='ltr'>hoc</span> <span class='ocrx_word' id='word_1_178' title='bbox 151 3027 194 3086; x_wconf 87' lang='lat' dir='ltr'>est</span> <span class='ocrx_word' id='word_1_179' title='bbox 214 3026 284 3108; x_wconf 82' lang='lat' dir='ltr'><em>(per</em></span> <span class='ocrx_word' id='word_1_180' title='bbox 305 3029 403 3107; x_wconf 74' lang='lat' dir='ltr'><em>Defin.</em></span> <span class='ocrx_word' id='word_1_181' title='bbox 424 3031 453 3090; x_wconf 91' lang='lat'>6.</span> <span class='ocrx_word' id='word_1_182' title='bbox 475 3044 503 3089; x_wconf 81' lang='lat' dir='ltr'>ct</span> <span class='ocrx_word' id='word_1_183' title='bbox 524 3033 613 3110; x_wconf 80' lang='lat' dir='ltr'><strong>Prop.</strong></span> <span class='ocrx_word' id='word_1_184' title='bbox 640 3031 715 3112; x_wconf 87' lang='lat'><strong>19.),</strong></span> <span class='ocrx_word' id='word_1_185' title='bbox 737 3047 883 3108; x_wconf 86' lang='lat' dir='ltr'>quatenus</span> <span class='ocrx_word' id='word_1_186' title='bbox 904 3029 1038 3091; x_wconf 84' lang='lat' dir='ltr'>absolute</span> <span class='ocrx_word' id='word_1_187' title='bbox 1059 3029 1265 3091; x_wconf 83' lang='lat' dir='ltr'>confideratut.</span> 
     </span>
     <span class='ocr_line' id='line_1_25' title="bbox 67 3140 1266 3220; baseline 0 -18"><span class='ocrx_word' id='word_1_188' title='bbox 67 3143 186 3202; x_wconf 84' lang='lat' dir='ltr'>Modus</span> <span class='ocrx_word' id='word_1_189' title='bbox 208 3159 295 3220; x_wconf 81' lang='lat' dir='ltr'>ergo,</span> <span class='ocrx_word' id='word_1_190' title='bbox 316 3140 367 3218; x_wconf 90' lang='lat' dir='ltr'>qui</span> <span class='ocrx_word' id='word_1_191' title='bbox 389 3142 430 3202; x_wconf 83' lang='lat' dir='ltr'>est</span> <span class='ocrx_word' id='word_1_192' title='bbox 452 3143 610 3205; x_wconf 76' lang='lat' dir='ltr'>necessario</span> <span class='ocrx_word' id='word_1_193' title='bbox 623 3159 653 3204; x_wconf 89' lang='lat' dir='ltr'>et</span> <span class='ocrx_word' id='word_1_194' title='bbox 664 3141 797 3204; x_wconf 86' lang='lat' dir='ltr'>infinitus</span> <span class='ocrx_word' id='word_1_195' title='bbox 818 3142 930 3218; x_wconf 82' lang='lat' dir='ltr'>existit,</span> <span class='ocrx_word' id='word_1_196' title='bbox 952 3160 989 3202; x_wconf 84' lang='lat' dir='ltr'>ex</span> <span class='ocrx_word' id='word_1_197' title='bbox 1010 3141 1143 3202; x_wconf 87' lang='lat' dir='ltr'>absoluta</span> <span class='ocrx_word' id='word_1_198' title='bbox 1163 3156 1266 3202; x_wconf 84' lang='lat' dir='ltr'>natura</span> 
     </span>
     <span class='ocr_line' id='line_1_26' title="bbox 69 3250 1266 3335; baseline 0 -23"><span class='ocrx_word' id='word_1_199' title='bbox 69 3250 198 3328; x_wconf 83' lang='lat' dir='ltr'>alicujus</span> <span class='ocrx_word' id='word_1_200' title='bbox 229 3252 286 3312; x_wconf 91' lang='lat' dir='ltr'>Dei</span> <span class='ocrx_word' id='word_1_201' title='bbox 318 3254 452 3316; x_wconf 82' lang='lat' dir='ltr'>attributi</span> <span class='ocrx_word' id='word_1_202' title='bbox 486 3255 567 3335; x_wconf 83' lang='lat' dir='ltr'>sequi</span> <span class='ocrx_word' id='word_1_203' title='bbox 600 3256 721 3332; x_wconf 87' lang='lat' dir='ltr'>debuit;</span> <span class='ocrx_word' id='word_1_204' title='bbox 753 3256 871 3332; x_wconf 86' lang='lat' dir='ltr'>hocque</span> <span class='ocrx_word' id='word_1_205' title='bbox 892 3257 940 3316; x_wconf 86' lang='lat' dir='ltr'>veI</span> <span class='ocrx_word' id='word_1_206' title='bbox 960 3253 1124 3315; x_wconf 77' lang='lat' dir='ltr'>Immediate</span> <span class='ocrx_word' id='word_1_207' title='bbox 1145 3253 1192 3334; x_wconf 79' lang='lat' dir='ltr'>(de</span> <span class='ocrx_word' id='word_1_208' title='bbox 1213 3273 1266 3332; x_wconf 83' lang='lat' dir='ltr'>quo</span> 
     </span>
     <span class='ocr_line' id='line_1_27' title="bbox 70 3361 1266 3446; baseline 0.003 -22"><span class='ocrx_word' id='word_1_209' title='bbox 70 3365 164 3442; x_wconf 78' lang='lat' dir='ltr'><em>Prop.</em></span> <span class='ocrx_word' id='word_1_210' title='bbox 185 3361 264 3445; x_wconf 67' lang='lat' dir='ltr'>aa),</span> <span class='ocrx_word' id='word_1_211' title='bbox 285 3368 333 3427; x_wconf 90' lang='lat' dir='ltr'>veI</span> <span class='ocrx_word' id='word_1_212' title='bbox 356 3368 502 3430; x_wconf 83' lang='lat' dir='ltr'>mediante</span> <span class='ocrx_word' id='word_1_213' title='bbox 523 3369 620 3446; x_wconf 90' lang='lat' dir='ltr'>aliqua</span> <span class='ocrx_word' id='word_1_214' title='bbox 641 3368 881 3443; x_wconf 87' lang='lat' dir='ltr'>modificatione,</span> <span class='ocrx_word' id='word_1_215' title='bbox 902 3387 968 3445; x_wconf 85' lang='lat' dir='ltr'>quae</span> <span class='ocrx_word' id='word_1_216' title='bbox 990 3386 1026 3426; x_wconf 82' lang='lat' dir='ltr'>tx</span> <span class='ocrx_word' id='word_1_217' title='bbox 1049 3365 1112 3444; x_wconf 86' lang='lat' dir='ltr'>ejus</span> <span class='ocrx_word' id='word_1_218' title='bbox 1133 3366 1266 3427; x_wconf 86' lang='lat' dir='ltr'>absoluta</span> 
     </span>
     <span class='ocr_line' id='line_1_28' title="bbox 71 3451 1267 3560; baseline 0.003 -25"><span class='ocrx_word' id='word_1_219' title='bbox 71 3451 178 3536; x_wconf 78' lang='lat' dir='ltr'>aatttIa</span> <span class='ocrx_word' id='word_1_220' title='bbox 208 3475 355 3555; x_wconf 85' lang='lat' dir='ltr'>sequitur,</span> <span class='ocrx_word' id='word_1_221' title='bbox 383 3480 441 3540; x_wconf 85' lang='lat' dir='ltr'>Itoc</span> <span class='ocrx_word' id='word_1_222' title='bbox 469 3481 508 3541; x_wconf 86' lang='lat' dir='ltr'>est</span> <span class='ocrx_word' id='word_1_223' title='bbox 538 3478 608 3560; x_wconf 86' lang='lat' dir='ltr'><em>(per</em></span> <span class='ocrx_word' id='word_1_224' title='bbox 636 3483 725 3560; x_wconf 83' lang='lat' dir='ltr'><strong>Prop.</strong></span> <span class='ocrx_word' id='word_1_225' title='bbox 744 3478 897 3560; x_wconf 66' lang='lat' dir='ltr'>praeca),</span> <span class='ocrx_word' id='word_1_226' title='bbox 919 3497 984 3555; x_wconf 86' lang='lat' dir='ltr'>quae</span> <span class='ocrx_word' id='word_1_227' title='bbox 1006 3492 1036 3538; x_wconf 87' lang='lat' dir='ltr'>et</span> <span class='ocrx_word' id='word_1_228' title='bbox 1057 3475 1214 3538; x_wconf 74' lang='lat' dir='ltr'>necessario</span> <span class='ocrx_word' id='word_1_229' title='bbox 1235 3493 1267 3538; x_wconf 88' lang='lat' dir='ltr'>et</span> 
     </span>
     <span class='ocr_line' id='line_1_29' title="bbox 72 3587 516 3670; baseline 0.014 -23"><span class='ocrx_word' id='word_1_230' title='bbox 72 3587 190 3648; x_wconf 83' lang='lat' dir='ltr'>Infinita</span> <span class='ocrx_word' id='word_1_231' title='bbox 211 3589 319 3651; x_wconf 82' lang='lat' dir='ltr'>existit.</span> <span class='ocrx_word' id='word_1_232' title='bbox 363 3594 396 3670; x_wconf 81' lang='lat' dir='ltr'>Q.</span> <span class='ocrx_word' id='word_1_233' title='bbox 419 3594 455 3654; x_wconf 87' lang='lat' dir='ltr'>E.</span> <span class='ocrx_word' id='word_1_234' title='bbox 476 3596 516 3656; x_wconf 90' lang='lat' dir='ltr'>D.</span> 
     </span>
    </p>
   </div>
   <div class='ocr_carea' id='block_1_7' title="bbox 115 3733 1135 3924">
    <p class='ocr_par' dir='ltr' id='par_1_10' title="bbox 115 3733 1135 3924">
     <span class='ocr_line' id='line_1_30' title="bbox 437 3733 908 3796; baseline 0.004 -4"><span class='ocrx_word' id='word_1_235' title='bbox 437 3733 767 3796; x_wconf 86' lang='lat' dir='ltr'><strong>PROPOSITIO</strong></span> <span class='ocrx_word' id='word_1_236' title='bbox 798 3735 908 3794; x_wconf 82' lang='lat' dir='ltr'><strong>XXIV.</strong></span> 
     </span>
     <span class='ocr_line' id='line_1_31' title="bbox 115 3841 1135 3924; baseline 0.003 -24"><span class='ocrx_word' id='word_1_237' title='bbox 115 3841 227 3902; x_wconf 82' lang='lat' dir='ltr'><em>Rerum</em></span> <span class='ocrx_word' id='word_1_238' title='bbox 247 3862 267 3902; x_wconf 85' lang='lat' dir='ltr'>a</span> <span class='ocrx_word' id='word_1_239' title='bbox 288 3847 347 3906; x_wconf 81' lang='lat' dir='ltr'>Deo</span> <span class='ocrx_word' id='word_1_240' title='bbox 366 3847 573 3924; x_wconf 66' lang='lat' dir='ltr'>producturum</span> <span class='ocrx_word' id='word_1_241' title='bbox 593 3845 708 3924; x_wconf 74' lang='lat' dir='ltr'>effemta</span> <span class='ocrx_word' id='word_1_242' title='bbox 729 3865 784 3905; x_wconf 83' lang='lat' dir='ltr'>non</span> <span class='ocrx_word' id='word_1_243' title='bbox 803 3845 929 3904; x_wconf 74' lang='lat' dir='ltr'>involvit</span> <span class='ocrx_word' id='word_1_244' title='bbox 949 3844 1135 3922; x_wconf 70' lang='lat' dir='ltr'>existentiam.</span> 
     </span>
    </p>
   </div>
   <div class='ocr_carea' id='block_1_8' title="bbox 118 3987 1266 4162">
    <p class='ocr_par' dir='ltr' id='par_1_11' title="bbox 118 3987 1266 4162">
     <span class='ocr_line' id='line_1_32' title="bbox 484 3987 866 4032; baseline -0.008 0"><span class='ocrx_word' id='word_1_245' title='bbox 484 3987 866 4032; x_wconf 72' lang='lat' dir='ltr'>ntuoasaaaato</span> 
     </span>
     <span class='ocr_line' id='line_1_33' title="bbox 118 4078 1266 4162; baseline -0.003 -20"><span class='ocrx_word' id='word_1_246' title='bbox 118 4101 201 4162; x_wconf 86' lang='lat' dir='ltr'>patet</span> <span class='ocrx_word' id='word_1_247' title='bbox 224 4103 261 4146; x_wconf 86' lang='lat' dir='ltr'>ex</span> <span class='ocrx_word' id='word_1_248' title='bbox 282 4083 464 4146; x_wconf 79' lang='lat' dir='ltr'>Definitione</span> <span class='ocrx_word' id='word_1_249' title='bbox 487 4101 509 4145; x_wconf 88' lang='lat'>1.</span> <span class='ocrx_word' id='word_1_250' title='bbox 549 4085 581 4145; x_wconf 87' lang='lat' dir='ltr'>ld</span> <span class='ocrx_word' id='word_1_251' title='bbox 604 4081 698 4158; x_wconf 84' lang='lat' dir='ltr'>enim,</span> <span class='ocrx_word' id='word_1_252' title='bbox 719 4081 804 4158; x_wconf 85' lang='lat' dir='ltr'>cujus</span> <span class='ocrx_word' id='word_1_253' title='bbox 826 4095 928 4142; x_wconf 84' lang='lat' dir='ltr'>natura</span> <span class='ocrx_word' id='word_1_254' title='bbox 949 4079 992 4160; x_wconf 87' lang='lat' dir='ltr'>(In</span> <span class='ocrx_word' id='word_1_255' title='bbox 1014 4079 1042 4140; x_wconf 84' lang='lat' dir='ltr'>se</span> <span class='ocrx_word' id='word_1_256' title='bbox 1063 4078 1174 4139; x_wconf 83' lang='lat' dir='ltr'>scilicet</span> <span class='ocrx_word' id='word_1_257' title='bbox 1195 4096 1266 4140; x_wconf 85' lang='lat' dir='ltr'>con-</span> 
     </span>
    </p>
   </div>
   <div class='ocr_carea' id='block_1_9' title="bbox 79 4193 1267 4380">
    <p class='ocr_par' dir='ltr' id='par_1_12' title="bbox 79 4193 1267 4380">
     <span class='ocr_line' id='line_1_34' title="bbox 79 4193 1267 4280; baseline -0.007 -16"><span class='ocrx_word' id='word_1_258' title='bbox 79 4198 213 4280; x_wconf 81' lang='lat' dir='ltr'>fidetata)</span> <span class='ocrx_word' id='word_1_259' title='bbox 241 4199 370 4262; x_wconf 83' lang='lat' dir='ltr'>invoivit</span> <span class='ocrx_word' id='word_1_260' title='bbox 400 4198 599 4274; x_wconf 86' lang='lat' dir='ltr'>existentiam,</span> <span class='ocrx_word' id='word_1_261' title='bbox 628 4197 712 4260; x_wconf 87' lang='lat' dir='ltr'>causa</span> <span class='ocrx_word' id='word_1_262' title='bbox 742 4197 783 4258; x_wconf 81' lang='lat' dir='ltr'>est</span> <span class='ocrx_word' id='word_1_263' title='bbox 804 4195 864 4272; x_wconf 86' lang='lat' dir='ltr'>sui,</span> <span class='ocrx_word' id='word_1_264' title='bbox 885 4209 916 4256; x_wconf 88' lang='lat' dir='ltr'>et</span> <span class='ocrx_word' id='word_1_265' title='bbox 936 4214 974 4256; x_wconf 81' lang='lat' dir='ltr'>ex</span> <span class='ocrx_word' id='word_1_266' title='bbox 995 4194 1056 4256; x_wconf 85' lang='lat' dir='ltr'>sola</span> <span class='ocrx_word' id='word_1_267' title='bbox 1078 4193 1136 4254; x_wconf 83' lang='lat' dir='ltr'>suae</span> <span class='ocrx_word' id='word_1_268' title='bbox 1157 4209 1267 4256; x_wconf 87' lang='lat' dir='ltr'>natutae</span> 
     </span>
     <span class='ocr_line' id='line_1_35' title="bbox 79 4313 371 4380; baseline -0.024 0"><span class='ocrx_word' id='word_1_269' title='bbox 79 4315 243 4380; x_wconf 82' lang='lat' dir='ltr'>necetfitate</span> <span class='ocrx_word' id='word_1_270' title='bbox 261 4313 371 4378; x_wconf 73' lang='lat' dir='ltr'>existit.</span> 
     </span>
    </p>
   </div>
   <div class='ocr_carea' id='block_1_10' title="bbox 0 0 1500 4900">
    <p class='ocr_par' dir='ltr' id='par_1_13' title="bbox 0 0 1500 4900">
     <span class='ocr_line' id='line_1_36' title="bbox 0 0 1500 4900; baseline 0 0"><span class='ocrx_word' id='word_1_271' title='bbox 0 0 1500 4900; x_wconf 95' lang='lat' dir='ltr'> </span> 
     </span>
    </p>
   </div>
  </div>
 </body>
</html>
