2934 4900
213 284 272 349 314
570 274 810 333 Tractatus
850 271 1039 333 Politici

213 442 350 521 sanguine
373 443 539 520 prosimus,
561 445 652 505 baeres
674 444 786 520 imperii
807 446 974 518 habendus;
994 442 1045 504 nili
1067 444 1144 504 forte
1164 461 1285 504 uxorem
1309 460 1418 503 extra-

212 573 294 615 neam
316 555 450 630 duxerit,
471 574 556 633 quam
577 557 729 633 repudiate
753 557 838 618 nolit.

252 666 278 745 ᾗ.
300 668 434 727 XXXIX.
475 671 524 730 Ad
554 670 645 733 Cives
673 673 756 747 quod
786 668 909 745 attinet,
940 686 1022 745 patet
1050 689 1087 729 ex
1108 671 1173 730 Art.
1203 681 1231 743 5.
1253 668 1339 745 Cap.
1367 687 1418 743 3.,

213 798 312 841 eorum
340 799 576 858 unumquemque
604 784 641 843 ad
669 782 766 843 omnia
795 782 887 861 Regis
908 786 1060 858 mandata,
1081 783 1141 847 five
1161 781 1255 844 edida
1277 802 1294 841 a
1320 782 1415 841 Con·

212 890 279 952 cilio
311 911 415 971 magno
446 895 627 973 promulgata
659 894 741 971 (uide
770 896 805 953 de
835 894 891 954 dac
920 897 1076 955 conditione
1107 895 1178 956 Art.
1211 896 1256 954 18.
1288 910 1321 956 et
1366 911 1416 969 19.

213 1003 299 1081 liujus
321 1006 460 1085 Capitis),
471 1009 670 1082 obtemperare
692 1009 814 1082 debere,
831 1007 943 1068 tametsr
961 1010 1061 1069 eadem
1079 1008 1271 1069 absurdilltma
1282 1010 1415 1077 credat,

214 1118 261 1179 vel
288 1116 353 1194 jure
381 1120 417 1179 ad
445 1118 474 1179 id
502 1119 577 1197 cogi.
618 1121 719 1196 Atque
751 1119 814 1179 ltaee
846 1119 962 1195 Imperii
992 1118 1176 1181 Monarchici
1207 1120 1415 1180 fundamenta

213 1229 296 1307 sunt,
324 1230 431 1306 quibus
458 1230 611 1307 superstrui
639 1234 745 1309 debet,
773 1249 804 1294 ut
827 1233 925 1293 stabile
949 1233 1000 1308 stt,
1021 1236 1266 1309 quemadmodum
1287 1232 1317 1293 in
1347 1232 1414 1306 scq.

215 1342 288 1419 Cap.
310 1344 577 1405 demonstrabimus.

255 1458 281 1539 §.
302 1460 365 1521 XL.
406 1461 454 1521 Ad
484 1458 668 1538 Religionem
698 1463 780 1537 quod
807 1460 931 1535 attinet,
951 1460 1029 1521 nulla
1050 1461 1136 1535 plane
1156 1459 1264 1533 templa
1285 1456 1414 1517 urbium

215 1572 378 1647 sumptibus
406 1571 590 1646 aedificanda,
619 1590 672 1633 nec
698 1572 765 1648 jura
794 1576 830 1633 de
852 1571 1044 1648 opinionibus
1064 1571 1233 1645 statuenda,
1253 1568 1306 1629 nist
1326 1566 1412 1627 sedi-

216 1684 297 1745 tiosae
319 1684 389 1759 stnt,
410 1700 439 1746 et
460 1684 601 1747 Civitatis
623 1686 813 1746 fundamenta
834 1699 978 1747 evertant.
1019 1684 1043 1744 li
1065 1684 1169 1763 igitur,
1190 1682 1300 1759 quibus
1321 1679 1412 1740 Reli-

215 1796 331 1875 gionem
360 1796 477 1873 publice
507 1814 640 1858 exercere
669 1798 861 1872 conceditur,
889 1798 1030 1872 templum
1049 1794 1070 1855 fi
1092 1794 1203 1869 velint,
1226 1792 1286 1853 suis
1307 1792 1411 1863 sump-

203 1908 296 1968 'tibus
317 1908 471 1969 aedificent.
493 1910 542 1969 Ad
563 1911 630 1970 Rex
651 1911 687 1969 ad
710 1908 912 1987 Religionem,
934 1908 982 1968 cui
1002 1905 1410 1981 addidtusest,exercendam

216 2022 353 2097 templum
375 2020 405 2079 in
428 2023 492 2082 aula
516 2020 565 2081 stbi
588 2021 737 2098 proprium
757 2022 875 2082 habeat.

662 2197 844 2259 CAPUT
886 2197 953 2256 Vll.

257 2324 283 2404 ἓ.
303 2326 326 2384 l.
367 2326 482 2401 Imperii
504 2326 685 2387 Monarchici
706 2326 906 2387 fundamentis
926 2324 1080 2400 explicatis
1087 2324 1208 2399 ,eadem
1228 2321 1278 2381 hic
1299 2318 1406 2379 ordine

217 2436 408 2498 demonstrare
440 2435 568 2515 l'uscepi;
600 2440 637 2499 ad
670 2440 752 2515 quod
783 2436 911 2514 apprime
945 2438 1106 2499 notandum
1128 2434 1186 2510 est,
1215 2430 1299 2509 praxi
1321 2430 1405 2491 nullo

217 2550 306 2608 modo
335 2566 511 2627 repugnare,
539 2552 621 2624 quod
645 2549 711 2626 jura
741 2552 815 2611 adeo
845 2552 923 2610 firma
952 2549 1181 2621 constituantur,
1202 2563 1268 2622 quae
1290 2561 1344 2603 nec
1368 2544 1405 2600 ab

217 2658 281 2735 ipso
302 2661 385 2737 Rege
406 2660 515 2720 aboleri
537 2677 657 2736 queant.
689 2661 780 2721 Persae
802 2661 877 2722 enim
901 2663 999 2739 Reges
1021 2660 1088 2721 suos
1109 2659 1185 2718 inter
1205 2659 1287 2717 Deos
1305 2655 1406 2716 colere

216 2770 366 2846 solebant,
395 2787 424 2830 et
453 2786 549 2833 tamen
579 2771 630 2848 ipit
660 2775 759 2852 Reges
787 2772 960 2848 potestatem
985 2790 1045 2832 rton
1066 2772 1213 2831 habebant
1230 2768 1297 2844 jura
1318 2767 1406 2826 lemcl

217 2882 346 2944 instituta
376 2883 549 2959 revocandi,
578 2898 612 2945 ut
640 2903 677 2944 ex
705 2887 780 2945 Dan.
810 2884 883 2960 Cap.
905 2897 933 2960 5.
955 2887 970 2919 *
992 2899 1091 2960 patet;
1120 2899 1151 2944 et
1178 2881 1299 2957 nullibi,
1320 2881 1404 2956 quod

217 2997 321 3071 sciam,
353 2974 514 3058 blonarcha
545 2997 677 3058 absolute
710 2997 847 3076 eligitur,
887 2996 973 3058 nullis
1005 2997 1138 3071 exprells
1170 2993 1405 3056 conditionibus.

218 3112 279 3170 lmo
301 3128 354 3170 nec
376 3109 516 3184 Rationi,
545 3128 598 3170 nec
628 3109 807 3170 obedientiae
835 3109 992 3182 absolutae,
1013 3126 1079 3185 quae
1102 3105 1177 3185 Regi
1199 3107 1340 3176 debetur,
1361 3122 1405 3163 re-

218 3236 343 3299 pugnat3
365 3239 429 3280 narn
451 3221 639 3282 fundamenta
659 3221 773 3297 imperii
792 3221 886 3283 veluti
904 3219 996 3299 Regis
1014 3235 1121 3279 aetcrna
1139 3221 1255 3279 decreta
1272 3217 1405 3277 habenda

218 3330 302 3404 sunt,
323 3331 397 3390 adeo
427 3345 460 3389 ut
489 3328 554 3406 ejus
582 3329 701 3391 ministri
723 3329 750 3391 ei
773 3329 894 3391 omnino
916 3327 1133 3404 obediant,s1,
1154 3329 1274 3404 quando
1296 3326 1406 3402 aliquid

218 3443 358 3518 imperat,
385 3445 466 3518 quod
494 3442 607 3519 imperii
638 3443 836 3505 fundamentis
865 3457 1025 3520 repugnat,
1047 3443 1181 3501 mandata
1202 3439 1311 3516 exequi
1332 3440 1404 3500 velle

219 3570 336 3634 negent.
377 3555 467 3636 Quod
489 3557 625 3632 exemplo
649 3555 746 3618 Ulillrs
768 3557 842 3615 clare
864 3553 1010 3631 explicare
1031 3551 1190 3628 poliumus.
1228 3550 1308 3611 Socii
1329 3551 1403 3610 enim

220 3666 318 3728 Ulillts
338 3664 426 3742 ipstus
447 3670 615 3727 mandatum
638 3669 876 3744 exequebantur,
898 3666 1016 3742 quando
1038 3663 1122 3726 navis
1143 3664 1218 3722 malo
1241 3661 1403 3738 alligatum,

219 3793 249 3838 et
281 3793 370 3838 cantu
400 3779 543 3856 Syrenum
575 3793 672 3838 mente
705 3793 843 3854 captum,
874 3777 993 3855 religare
1026 3775 1201 3847 noluerunt,
1231 3770 1343 3832 tametsr
1374 3772 1403 3831 id

220 3890 315 3950 modis
336 3888 434 3950 multis
456 3889 619 3951 minitando
640 3890 822 3966 imperabat3
843 3905 874 3949 et
895 3887 1057 3964 prudentiae
1080 3885 1207 3961 ejusdem
1229 3883 1403 3959 imputatur,

221 4003 302 4078 quod
330 4001 429 4077 pollen
460 4000 548 4061 sociis
576 4001 682 4080 gratias
712 4002 820 4082 egerit,
849 4002 930 4077 quod
959 4018 995 4058 ex
1015 3997 1106 4075 prima
1127 3995 1215 4072 ipfius
1236 4011 1333 4067 mente
1353 3994 1401 4070 ipl'r

222 4111 498 4187 obtemperaverint.
540 4113 580 4172 Et
610 4117 645 4173 ad
674 4115 732 4173 hoc
761 4113 858 4174 Ulillrs
887 4110 1051 4184 exemplum
1079 4108 1173 4168 solent
1201 4107 1287 4168 etiam
1308 4108 1401 4184 Reges

224 4226 500 4242 μ...-

255 4285 268 4314 *
302 4285 385 4333 Locus
402 4279 438 4330 est
455 4282 521 4332 Dan.
538 4277 554 4328 6
572 4295 579 4330 ι
600 4279 638 4332 ιὸ.
