2934 4900
185 302 246 388 560
663 296 903 373 Tractatus‘

186 491 238 553 nist
265 490 315 567 spe
344 490 465 567 alicujus
492 488 581 566 boni,
608 490 656 551 vel
684 487 882 549 sollicitudine
910 487 1033 565 alicujus
1059 488 1143 565 mali3
1163 491 1246 567 quod
1267 486 1375 552 funda·

186 620 314 665 mentum
335 603 357 664 st
377 605 513 678 tollatur,
542 604 658 679 pallum
681 620 718 661 ex
739 599 799 662 sese
819 600 951 677 tollitur;
980 605 1062 679 quod
1083 602 1170 664 etiam
1190 603 1375 680 experientia

184 714 254 776 satis
274 715 418 792 superque
439 718 538 776 docet.
564 714 656 789 Nam,
678 713 813 791 quamvis
835 712 947 776 diversa
968 712 1088 791 imperia
1108 715 1186 777 inter
1203 716 1235 775 se
1254 732 1373 776 contra·

183 827 272 904 hant,
289 825 415 889 invicem
433 844 494 887 non
511 826 631 901 laedere,
650 842 795 887 conantur
812 840 910 886 tamen
927 841 1070 903 quantum
1087 826 1208 904 polluat
1218 826 1374 904 impedire,

184 958 244 1017 quo
275 938 370 999 minus
401 941 570 1000 alterutrum
600 938 757 1015 potentius
787 930 913 1015 evada't,
943 958 998 1000 nec
1027 941 1113 1002 fidem
1134 940 1220 1003 dictis
1240 942 1373 1017 habent,

185 1052 236 1113 nist
264 1051 414 1129 utriusque
442 1053 479 1113 ad
507 1052 739 1114 contrahendum
766 1053 853 1113 finem
874 1069 905 1113 et
925 1051 1082 1114 utilitatem
1104 1052 1173 1114 satis
1192 1053 1372 1129 perspectam

183 1165 347 1229 habuerint.
388 1165 471 1227 Alias
502 1167 602 1228 dolum
632 1164 756 1240 timent,
787 1183 842 1225 nec
872 1163 998 1242 injuria:
1029 1166 1097 1243 quis
1128 1166 1204 1227 eninr
1235 1166 1322 1227 distis
1341 1183 1373 1228 et

184 1279 323 1354 promillrs
354 1277 435 1355 ejus,
463 1278 514 1356 qui
546 1278 680 1339 summam
711 1276 888 1353 potestatem
920 1293 951 1338 et
967 1276 1019 1353 jus
1039 1277 1147 1339 retinet
1167 1280 1205 1339 ad
1225 1279 1372 1355 quidlibet

182 1392 364 1466 faciendum,
386 1406 416 1451 et
438 1391 485 1451 cui
506 1390 551 1451 sui
573 1390 685 1465 imperii
706 1388 782 1451 salus
803 1405 834 1449 et
856 1388 968 1450 utilitas
989 1390 1097 1450 summa
1117 1392 1166 1450 lex
1186 1391 1277 1451 debet
1297 1389 1373 1466 else,

182 1503 365 1582 acquiescet,
393 1502 445 1564 nist
474 1502 596 1579 stultus,
623 1502 675 1579 qui
696 1500 865 1563 summarum
894 1502 1071 1577 potestatum
1088 1501 1140 1579 jus
1159 1502 1302 1582 ignorat?
1332 1505 1373 1564 Et

183 1617 364 1695 fipraeterea
386 1618 422 1678 ad
444 1617 585 1692 pietatem
607 1631 637 1676 et
659 1615 830 1695 religionem
852 1616 1372 1694 attendamus,videbimusinsuper,

184 1732 342 1807 neminem,
374 1728 425 1806 qui
454 1728 604 1805 imperium
635 1742 735 1804 tenet,
768 1727 877 1805 absque
908 1728 1015 1789 scelere
1036 1728 1177 1804 promillis
1196 1728 1270 1789 stare
1290 1728 1372 1804 poffe

183 1860 249 1904 cum
280 1846 386 1904 damno
417 1841 460 1903 sui
491 1840 620 1918 imperii:
652 1839 795 1917 quicquid
815 1840 892 1901 enim
914 1839 1059 1918 promifit,
1080 1844 1163 1917 quod
1181 1841 1213 1901 in
1234 1844 1372 1903 dammm

184 1954 226 2016 sui
254 1953 366 2030 imperii
394 1956 496 2015 cadere
516 1952 616 2029 videt,
643 1952 674 2014 id
695 1952 827 2028 praestare
849 1971 910 2014 nou
930 1954 1046 2030 potest,
1065 1952 1117 2015 nifi
1137 1955 1224 2014 fidem
1245 1953 1373 2015 subditis

183 2069 279 2128 datam
301 2067 461 2143 solvendo,
483 2084 540 2143 qua
561 2080 659 2127 tamen
681 2066 805 2125 maxime
826 2080 961 2141 tenetur,
982 2080 1013 2125 et
1034 2084 1121 2142 quam
1141 2065 1375 2141 etiamservare,

181 2178 345 2239 sanuiffime
367 2177 537 2255 promittere
566 2177 671 2239 solent.
712 2178 805 2239 Porro
825 2176 916 2240 hostia
938 2177 979 2239 est
999 2177 1169 2256 quicunque
1189 2193 1275 2239 extra
1297 2178 1373 2241 civi·

181 2306 270 2351 tatem
293 2291 334 2352 ita
355 2290 448 2367 vivit,
468 2306 503 2353 ut
525 2309 621 2368 aeque
642 2306 676 2351 ut
704 2290 941 2366 confoederatus,
969 2307 1067 2367 neque
1095 2306 1130 2352 ut
1159 2290 1297 2353 subditus
1318 2291 1373 2352 im-

180 2402 292 2481 perium
324 2403 456 2468 civitatis
486 2404 635 2484 agnoscit:
663 2403 775 2465 hostem
796 2405 873 2466 enim
894 2404 1007 2481 imperii
1028 2422 1090 2467 non
1113 2406 1231 2484 odium,
1253 2406 1305 2467 sed
1321 2406 1373 2483 jus

181 2515 267 2592 facit,
288 2530 318 2577 et
335 2515 385 2593 jus
413 2515 544 2580 ciuitatis
565 2517 595 2578 in
617 2535 701 2593 eum,
728 2515 781 2594 qui
802 2516 866 2593 ejus
897 2517 1048 2594 imperium
1071 2519 1153 2580 nullo
1174 2518 1372 2580 contrahendi

180 2646 286 2710 genere
317 2627 464 2709 agnoscit,
491 2629 567 2690 idem
599 2629 640 2690 est
669 2628 754 2690 acin
783 2647 867 2706 eum,
888 2629 939 2707 qui
960 2631 1096 2692 damnum
1117 2630 1236 2693 intulit:
1257 2629 1372 2709 quippe

180 2759 356 2822 quacunque
382 2741 497 2804 ratione
524 2743 654 2821 poterit,
675 2745 799 2804 eundem
820 2744 869 2805 vel
889 2745 927 2804 ad
947 2742 1130 2804 deditionem
1136 2789 1146 2820 ,
1168 2745 1217 2806 vel
1237 2746 1275 2804 ad
1297 2762 1373 2804 con·

180 2852 402 2918 foederationem
419 2853 484 2932 jure
506 2854 603 2931 potest
624 2873 738 2934 cogere.
778 2856 916 2933 Denique
937 2855 1045 2916 crimen
1066 2855 1140 2916 laesae
1161 2853 1322 2930 majestatis
1340 2856 1373 2916 in

180 2966 304 3030 subditis
335 2965 395 3030 live
427 2966 542 3029 civibus
573 2983 704 3045 tantum,
736 2968 787 3044 qui
818 2971 906 3045 pasto
938 2967 1032 3029 tacito
1054 2969 1103 3032 vel
1124 2965 1260 3044 exprello
1281 2986 1372 3029 omne

180 3079 262 3141 suum
280 3077 330 3155 jus
351 3078 382 3139 in
404 3076 555 3142 civitatem
583 3080 810 3157 transtulerunt,
829 3083 928 3144 locum
948 3081 1055 3158 babet3
1076 3097 1165 3158 atque
1186 3080 1212 3142 is
1231 3081 1374 3144 subditur

179 3193 237 3252 tale
269 3191 375 3252 crimen
416 3190 583 3252 commisrlle
623 3193 747 3269 dicitur,
779 3193 830 3270 qui
857 3193 908 3270 J'us
937 3193 1053 3255 summae
1084 3194 1241 3270 potestatis
1272 3195 1373 3273 aliqua

179 3303 293 3366 ratione
321 3302 460 3379 arripere,
488 3303 537 3364 seu
563 3303 593 3363 in
620 3303 708 3364 alium
733 3305 903 3381 transferre,
935 3320 1061 3366 conatus
1081 3305 1131 3365 est
1151 3304 1231 3366 Dico
1251 3323 1374 3368 conatus

179 3417 233 3496 est;
263 3433 328 3476 nam
360 3414 380 3475 li
411 3434 471 3476 non
502 3414 592 3476 essent
623 3417 853 3493 condemnandi,
881 3415 934 3477 nili
954 3417 1020 3493 post
1044 3417 1151 3479 facium
1172 3418 1372 3495 commillum,

179 3528 242 3589 sero
264 3529 433 3604 plerumque
454 3527 519 3604 post
536 3526 586 3604 jus
607 3542 779 3605 acceptum,
801 3543 853 3589 aut
874 3529 1040 3591 transsatum
1061 3529 1091 3590 in
1112 3529 1199 3592 aliun
1206 3575 1216 3606 ,
1234 3531 1267 3592 id
1277 3550 1371 3593 cona·

178 3655 257 3701 retur
288 3638 405 3702 civitas.
436 3639 512 3700 Dico
545 3637 652 3701 deinde
684 3640 818 3701 absolute
850 3644 902 3718 qua*
931 3643 1033 3720 aliqua
1053 3646 1166 3702 ratione
1178 3643 1232 3718 jus
1246 3647 1372 3722 summat

174 3751 324 3832 potestatis
354 3755 490 3830 arripere
519 3764 656 3828 conatur,
687 3753 794 3813 nullam
814 3750 927 3813 scilicet
946 3753 1132 3832 agnoscendo
1153 3752 1372 3830 differentiam,

180 3863 240 3926 slve
270 3862 338 3924 inde
366 3866 500 3925 damnum
521 3861 580 3928 slve
608 3865 816 3926 incrementum
836 3863 933 3926 totius
954 3864 1139 3942 Reipublicae
1159 3882 1248 3941 quam
1269 3867 1370 3927 claris·

180 3973 246 4036 lime
268 3975 445 4052 sequeretur.
476 3978 660 4059 Quacumque
682 3977 758 4038 enim
781 3976 894 4039 ratione
912 3977 944 4040 id
964 3993 1090 4040 conatus
1110 3977 1167 4054 eil,
1188 3977 1370 4054 majestatem

180 4085 267 4162 laelit,
294 4102 325 4148 et
349 4087 414 4164 jure
443 4090 609 4165 damnatur;
631 4091 713 4165 quod
736 4089 854 4166 quidem
875 4089 905 4151 iu
926 4091 1005 4151 bello
1027 4107 1128 4150 omnes
1148 4089 1284 4150 fatentur
1301 4090 1370 4167 jure

182 4199 296 4273 optimo
325 4201 405 4260 lieri:
435 4219 554 4276 nempe,
583 4200 603 4260 fi
624 4201 691 4278 quis
712 4201 865 4263 stationem
886 4203 965 4265 suam
985 4221 1046 4264 non
1068 4203 1179 4279 seruat,
1200 4202 1252 4264 secl
1272 4203 1369 4264 inscio

182 4309 355 4385 imperatore
375 4311 485 4372 hostem
507 4313 584 4390 adit,
607 4315 740 4390 quamvis
757 4318 840 4377 bono
859 4316 981 4378 coafilio
987 4315 1058 4394 ,sed
1069 4317 1122 4377 suo
1129 4333 1208 4393 ,rem
1219 4317 1368 4395 aggressus
