2934 4900
285 360 785 453 ‘'l'lreologi‘co-Politici
816 363 889 453 Cap.
919 366 971 438 lll.
1162 384 1223 457 419

7 539 140 609 eleslio
163 566 259 610 veram
281 547 421 610 virtutem
443 548 571 623 speclat,
592 565 653 609 non
682 550 847 624 putandum
868 549 926 626 est,
947 551 1029 625 quod
1051 548 1105 625 piis
1126 551 1225 629 Judae·

9 680 116 721 orum
140 675 274 735 tantum,
295 658 408 719 caeteris
429 660 567 735 exclusis,
588 660 721 736 promissa
742 661 848 737 fuerit,
870 662 920 723 sed
941 663 1026 737 plane
1038 664 1226 740 credendum,

11 774 160 852 gentiles
182 790 269 836 veros
290 773 471 849 Prophetas,
497 792 573 849 quos
595 792 696 834 omnes
717 773 854 835 nationes
875 773 1005 835 habuisse
1026 774 1222 853 ostendimus,

11 887 155 947 eandem
184 885 271 945 etiam
295 884 431 945 fidelibus
458 886 571 946 suarum
599 885 754 947 nationum
783 884 956 963 promisisse,
984 886 1092 964 eosque
1124 892 1225 951 eidem

14 997 145 1057 solatos
166 996 257 1057 fuisse.
299 998 397 1079 Quare
421 997 480 1057 hoc
503 1013 641 1059 aetemum
662 999 761 1059 foedus
782 998 839 1059 Dei
861 998 1041 1077 cognitionis
1063 1016 1094 1060 et
1117 1000 1225 1062 amoris

16 1102 197 1171 universale
219 1109 276 1184 esl,
298 1124 331 1170 ut
353 1110 440 1169 etiam
461 1128 498 1170 ert
520 1111 697 1186 Tsepboniae
719 1131 745 1171 c.
763 1128 789 1187 3.
812 1110 854 1173 vs.
869 1128 919 1187 ιο,
945 1128 990 1171 ιι.
1012 1110 1223 1173 evidentissime

18 1222 164 1297 constat3
195 1224 330 1298 adeoque
360 1222 415 1282 hac
446 1221 477 1283 in
498 1241 528 1283 re
560 1225 638 1284 nulla
669 1223 710 1283 est
742 1224 924 1285 admittenda
955 1224 1119 1287 differentia
1149 1225 1225 1287 inter

18 1336 154 1413 Judaeos
186 1348 217 1394 et
247 1351 367 1413 gentes,
405 1354 501 1412 neque
533 1333 624 1414 igitur
654 1336 742 1396 etiam
774 1335 829 1396 alia
863 1335 967 1397 electio
1000 1336 1037 1396 iis
1070 1337 1224 1413 peculiaris

22 1460 139 1521 praeter
166 1444 260 1521 illam,
288 1464 375 1521 quam
401 1446 460 1522 jam
489 1447 677 1508 ostendimus.
718 1448 758 1508 Et
787 1450 868 1525 quod
897 1449 1068 1525 Propheta,
1097 1452 1166 1511 dum
1187 1454 1224 1513 de

20 1560 86 1617 hac
107 1558 269 1634 eledione,
290 1578 356 1635 quae
378 1558 466 1619 solam
488 1576 585 1621 veram
605 1559 748 1622 virtutem
769 1560 895 1637 speclar,
917 1563 1007 1623 multa
1029 1563 1065 1623 de
1077 1562 1223 1624 sacrificiis

23 1686 60 1731 et
95 1669 160 1731 aliis
192 1670 391 1748 ceremoniis,
424 1670 540 1747 Templi
562 1686 592 1731 et
614 1671 707 1733 Urbis
727 1672 973 1749 reaedilicatione,
994 1674 1149 1751 misceant,
1169 1694 1223 1751 pro

23 1800 113 1842 rnore
135 1798 166 1842 et
187 1798 290 1844 natura
311 1783 476 1859 prophetiae
497 1800 542 1844 tes
563 1782 728 1859 spirituales
750 1784 803 1845 sub
830 1786 937 1847 talibus
959 1788 1058 1865 liguris
1079 1788 1224 1863 explicare

23 1897 211 1972 voluerunt,
242 1912 276 1957 ut
306 1896 433 1977 Judaeis,
466 1914 590 1973 quorum
620 1913 701 1959 erant
723 1898 895 1976 Prophetae,
917 1898 1033 1975 Imperii
1055 1916 1085 1963 et
1106 1902 1222 1978 Templi

24 2006 287 2083 restaurationem,
316 2024 449 2085 tempore
478 2008 549 2088 Cyri
572 2012 799 2087 expedandam,
821 2010 901 2071 simul
922 2010 1094 2073 indicarent.
1124 2014 1223 2095 Quare

24 2120 124 2182 ltodie
154 2121 249 2200 Judaei
277 2121 348 2182 nihil
373 2122 492 2198 prorsus
518 2123 642 2199 habent,
669 2125 752 2199 quod
779 2122 830 2183 sibi
852 2122 936 2202 supra
964 2143 1065 2186 omnes
1087 2126 1223 2188 nationes

26 2232 162 2294 tribuere
194 2234 309 2309 polsrnt.
351 2236 441 2316 Quod
478 2252 574 2297 autem
606 2250 655 2295 tot
686 2253 780 2296 annos
813 2234 929 2311 dispersi
961 2236 1068 2312 absque
1100 2236 1222 2313 imperio

27 2345 229 2422 perstiterint,
254 2347 284 2408 id
313 2346 429 2407 minime
458 2346 575 2424 mirum,
605 2347 757 2425 postquam
787 2348 815 2409 se
837 2352 873 2408 ab
895 2348 1032 2411 omnibus
1052 2350 1222 2413 nationibus

29 2459 76 2519 ita
103 2458 327 2534 separaverunt,
352 2474 387 2520 ut
416 2459 545 2522 omnium
574 2460 674 2522 odium
702 2460 783 2522 inse
812 2463 1030 2540 converterint,
1051 2463 1141 2540 idque
1162 2483 1222 2526 non

29 2590 149 2635 tantum
174 2574 279 2637 ritibus
304 2575 451 2649 externis,
475 2575 580 2636 ritibus
605 2592 773 2638 caeterarum
800 2576 953 2641 nationum
983 2579 1152 2657 contrariis,
1174 2581 1222 2642 sed

30 2686 122 2748 etiam
148 2687 229 2766 ssgno
256 2687 498 2763 circumcisionis,
521 2690 603 2764 quod
624 2688 825 2768 religiostffime
848 2689 972 2752 servant.
1013 2692 1104 2773 Quod
1125 2708 1221 2754 autem

31 2800 188 2860 nationum
209 2799 309 2861 odium
331 2817 383 2860 eos
405 2801 561 2861 admodum
582 2799 756 2876 conservet,
777 2801 807 2862 id
825 2800 884 2878 jam
906 2801 1088 2878 experientia
1108 2803 1221 2865 docuit

33 2913 111 2972 Cum
131 2914 199 2973 Rex
219 2911 367 2989 Hispaniae
389 2912 459 2973 olim
480 2914 601 2992 Judaeos
623 2911 722 2992 coegit
744 2912 842 2992 Regni
864 2914 1033 2993 religionem
1054 2917 1222 2995 admittere,

33 3025 84 3087 vel
105 3023 274 3086 inexilium
295 3025 354 3100 ire,
382 3024 549 3100 perplurimi
576 3024 672 3104 Judaei
698 3025 919 3087 pontificiorum
941 3027 1110 3108 religionem
1131 3030 1221 3092 admi-

34 3135 148 3211 serunt;
174 3135 225 3197 sed
253 3134 322 3213 quia
351 3135 403 3212 iis,
423 3136 475 3213 qui
500 3135 669 3214 religionem
698 3135 887 3213 admiserunt,
910 3138 1005 3199 omnia
1026 3139 1221 3216 Hispanorum

34 3247 208 3309 naturalium
241 3248 393 3328 privilegia
425 3248 558 3310 concessa
590 3248 673 3326 sunt,
695 3249 775 3326 iique
798 3249 934 3311 omnibus
955 3251 1119 3313 honoribus
1139 3253 1220 3333 digni

35 3359 187 3420 existimati
214 3359 299 3436 sunt,
323 3359 417 3421 statim
445 3360 487 3421 ita
509 3360 536 3421 se
566 3360 704 3436 Hispanis
728 3360 961 3439 immiscuerunt,
983 3379 1015 3424 ut
1037 3382 1133 3440 pauco
1155 3365 1221 3441 post

37 3487 165 3547 tempore
191 3472 276 3533 nullae
304 3490 404 3533 eorum
433 3472 563 3549 reliquiae
589 3473 762 3550 manserint,
790 3492 886 3550 neque
916 3476 974 3537 ulla
1001 3477 1147 3540 memoria.
1177 3481 1220 3541 At

37 3584 120 3657 plane
149 3598 252 3645 contra
287 3583 324 3643 iis
355 3580 499 3663 contigit,
533 3603 609 3662 quos
642 3587 709 3646 Rex
740 3586 945 3650 Lusitanorum
977 3588 1144 3668 religionem
1176 3591 1220 3654 sui

38 3693 146 3769 imperii
167 3695 320 3756 admittere
341 3695 457 3774 coegit3
478 3697 531 3773 qui
552 3696 678 3774 semper,
699 3697 835 3774 quamvis
846 3701 881 3760 ad
892 3699 1062 3778 religionem
1074 3703 1219 3780 conversi,

39 3808 75 3866 ab
95 3805 228 3868 omnibus
255 3806 380 3883 separati
400 3807 556 3884 vixerunt,
581 3809 714 3876 nimirum
735 3810 804 3888 quia
825 3829 878 3872 eos
900 3811 1036 3874 omnibus
1056 3814 1219 3876 honoribus

4 3918 8 3945 ¹
39 3917 169 3996 indignos
197 3917 366 3982 declaravit.
406 3919 526 4000 Signum
551 3921 777 3984 cltcumcisronis
805 3923 892 3984 etiam
920 3923 974 3985 hac
1004 3923 1034 3985 in
1054 3943 1084 3986 re
1105 3941 1219 3987 tanturn

41 4027 115 4104 posse
144 4029 294 4107 existimo,
325 4046 359 4093 ut
390 4031 460 4092 mihi
490 4033 693 4112 persuadeam,
722 4036 782 4096 hoc
810 4055 899 4098 unum
920 4035 996 4097 lianc
1017 4037 1166 4099 nationem
1188 4040 1217 4102 in

44 4159 175 4203 aternum
201 4143 459 4221 conservaturum
485 4145 560 4222 imo,
586 4145 638 4208 nili
660 4149 848 4209 fundamenta
869 4147 926 4210 suae
947 4148 1097 4228 religionis
1117 4169 1218 4214 eorum

43 4255 149 4314 animos
177 4254 403 4331 effeminarent,
431 4256 564 4319 absolute
591 4262 753 4336 crederem,
773 4278 825 4321 eos
847 4259 1021 4337 aliquando,
1043 4265 1110 4324 data
1132 4282 1217 4326 occa-

43 4367 132 4443 stone,
152 4381 184 4426 ut
207 4367 272 4428 sunt
294 4387 339 4430 res
359 4369 492 4430 humanae
504 4369 659 4431 mutabiles
665 4371 767 4447 ,suunt
778 4371 930 4449 imperium
940 4373 1044 4436 itentm
1055 4377 1202 4438 erecturos
1208 4423 1219 4456 ,

4 4493 17 4573 l
