2934 4900
376 331 433 391 De
472 329 700 393 Servitute
740 332 933 393 Humana.
1193 344 1248 409 195

51 506 197 583 majorem
229 508 278 569 vel
303 506 444 569 minorem
464 507 508 569 sui
530 507 664 585 corporis
681 508 824 571 existendi
845 509 922 587 vim,
944 526 1029 587 quam
1050 524 1152 586 antea,
1173 508 1248 571 affir-

50 636 114 680 mat
144 620 219 700 (per
234 621 398 698 generalem
417 618 579 698 Affebiuum
598 620 817 701 Definitioncm,
842 639 906 700 que
926 626 1075 701 reperitur
1088 622 1148 700 sub
1163 622 1250 701 finem

58 733 173 793 Tertia
192 734 322 812 Partis).
354 731 430 794 Cum
450 732 541 812 igitur
560 734 649 794 Meno
670 733 770 810 aliquo
790 732 896 796 affeetu
914 734 1116 811 conflistatur,
1133 734 1250 811 Corpus

54 844 186 906 afficitur
205 845 285 907 timul
305 844 479 923 assertione,
501 864 559 923 qua
580 846 645 925 ejus
663 846 767 926 agendi
784 846 921 924 potentia
938 863 1062 927 augetur
1078 848 1127 910 vel
1144 848 1249 910 minui·
1272 832 1280 909 Ι

54 973 115 1018 tur.
158 958 249 1019 Porro
279 957 343 1019 haec
373 958 517 1035 Corporis
547 959 665 1021 offertio
694 958 766 1040 (per
793 961 881 1039 Prop.
910 972 938 1035 5.
959 958 1059 1039 hujus)
1081 960 1140 1023 vim
1162 980 1178 1022 a
1200 960 1250 1023 sua

55 1070 145 1131 causa
166 1070 276 1148 accipit
296 1070 500 1147 perseverandi
521 1071 552 1132 in
572 1072 627 1133 suo
649 1070 723 1148 esse3
746 1090 812 1149 quae
834 1071 958 1148 proinde
980 1090 1034 1133 nee
1052 1072 1180 1133 coerceri
1195 1092 1249 1134 nec

55 1185 124 1245 tolli
146 1184 261 1261 potest,
281 1185 333 1246 nifi
354 1204 370 1246 a
392 1185 476 1247 causa
498 1202 640 1261 corporea
661 1184 734 1264 (per
755 1185 843 1263 Prop.
864 1188 894 1245 6.
911 1198 943 1264 p.
965 1185 1023 1265 o),
1045 1203 1111 1262 quae
1132 1184 1249 1262 Corpus

56 1297 170 1358 afficiat
188 1297 342 1360 offeeiione
365 1298 406 1359 illi
427 1296 571 1360 contraria
594 1297 665 1378 (per
685 1298 775 1377 Prop.
798 1308 826 1372 ς.
844 1310 875 1377 p.
895 1298 937 1376 3.)
967 1313 996 1359 et
1025 1298 1148 1359 fortiore
1179 1298 1250 1378 (per

53 1409 187 1470 Axioma
206 1408 327 1490 husos);
348 1400 437 1487 atque
459 1413 533 1471 adeo
557 1410 629 1490 (per
648 1411 737 1490 Prop.
753 1427 798 1471 12.
817 1423 849 1489 p.
862 1411 906 1489 α.)
928 1410 1016 1471 Mens
1037 1410 1163 1472 afficitur
1184 1410 1249 1472 idea

53 1521 223 1583 offertionis
240 1522 382 1599 fortioris,
399 1538 429 1583 et
447 1522 599 1583 contrariae
617 1522 717 1598 priori,
735 1521 793 1583 hoc
812 1522 853 1581 est
871 1522 941 1602 (per
948 1524 1078 1599 general.
1089 1522 1250 1601 Affeeiuum

50 1633 187 1712 Depre),
204 1635 291 1695 Mens
311 1634 454 1696 afficietur
470 1634 577 1697 affeetu
594 1634 712 1695 fortiori
729 1650 761 1695 et
779 1636 927 1696 contrario
944 1635 1052 1712 priori,
1071 1635 1121 1713 qui
1140 1635 1251 1697 scilicet

52 1746 166 1821 prioris
196 1746 377 1808 existentiam
408 1746 538 1809 secludet
565 1749 614 1810 vel
641 1748 745 1823 tollet;
766 1766 799 1808 ac
820 1747 945 1824 proinde
966 1747 1087 1810 effeetus
1107 1766 1162 1809 nec
1183 1750 1249 1809 tolli

52 1876 112 1917 nec
152 1858 278 1920 coerceri
315 1859 429 1937 potest,
467 1859 519 1920 nist
557 1877 610 1935 pet
650 1859 784 1921 offertum
816 1859 994 1921 contrarium
1026 1874 1056 1919 et
1088 1859 1248 1921 fortiorem.

54 1972 93 2046 Q.
115 1971 216 2031 uo.

468 2085 871 2132 cortoLLrtklum..

99 2170 252 2256 Affeetum
283 2196 428 2258 quatenus
458 2184 496 2243 ad
525 2183 658 2242 Mentem
687 2184 826 2260 refertur,
858 2200 911 2243 nec
943 2178 1069 2244 coerceri
1097 2202 1152 2244 nec
1184 2180 1249 2245 tolli

56 2294 176 2369 potest,
208 2291 258 2354 niii
290 2313 341 2370 per
371 2295 465 2356 ideam
496 2294 638 2371 Corporis
669 2294 834 2357 offertionis
866 2294 1037 2371 contrariae,
1065 2310 1095 2357 et
1117 2296 1249 2359 fortioris

58 2406 234 2483 affeetione,
265 2426 323 2484 qua
353 2406 489 2485 patimur.
529 2410 606 2469 Nam
638 2405 777 2484 offertus,
798 2426 859 2485 quo
881 2408 1023 2486 patimur,
1045 2428 1098 2470 nec
1121 2404 1249 2471 coerceri

59 2537 113 2578 nec
135 2517 203 2578 tolli
225 2518 338 2595 potest,
358 2519 410 2581 nist
430 2537 482 2596 per
501 2519 636 2582 affeetum
658 2518 761 2581 eodem
781 2519 932 2582 fortiorem
954 2519 1041 2598 eique
1071 2521 1249 2583 contrarium

60 2633 73 2706 (
74 2645 131 2709 per
153 2631 243 2710 Prop.
259 2631 380 2710 pree),
399 2631 457 2694 hoc
478 2633 519 2693 est
540 2632 612 2713 (per
628 2651 727 2708 gener.
747 2629 850 2710 Affeli.
867 2633 994 2714 Deflet),
1013 2631 1065 2696 nist
1083 2652 1135 2711 per
1155 2633 1248 2697 ideam

59 2742 204 2819 Corporis
224 2743 387 2806 offertionis
408 2745 541 2806 fortioris
561 2761 592 2805 et
612 2744 766 2806 contrarie
788 2745 954 2823 affestioni,
975 2765 1033 2824 qua
1054 2747 1188 2823 patimur.

428 2917 759 2981 PROPOSITIO
800 2922 882 2982 VIII.

98 3047 235 3123 Cognirt‘o
254 3047 368 3106 boniet
392 3048 464 3107 mali
486 3046 565 3108 nihil
584 3048 670 3108 aliud
693 3049 747 3127 est,
775 3067 861 3126 quam
888 3049 1014 3110 Laetr‘tt'ae
1041 3049 1090 3108 vel
1109 3045 1248 3126 Trrstitr'e

59 3159 190 3236 effecius,
211 3175 351 3237 quatenus
369 3161 431 3236 ejus
445 3162 548 3239 sunm
568 3164 680 3239 conscii.

460 3338 854 3384 oemousruer1o

96 3440 134 3500 ld
165 3437 278 3499 bonum
309 3451 360 3498 aut
389 3435 496 3496 malum
527 3453 687 3512 vocamus,
717 3438 800 3512 quod
831 3434 930 3496 nostro
962 3434 1019 3495 effe
1045 3434 1247 3497 conservando

58 3551 180 3627 prodest
210 3551 259 3613 vel
285 3547 368 3610 obest
388 3548 460 3628 (per
478 3545 574 3627 Defin.
599 3564 623 3607 r.
644 3561 672 3607 et
692 3565 722 3608 o.
743 3545 858 3626 hujus),
878 3547 936 3607 hoc
957 3546 998 3606 est
1019 3545 1089 3626 (per
1109 3546 1198 3626 Prop.
1219 3559 1248 3621 7.

55 3679 86 3743 p.
119 3664 184 3742 3.),
211 3665 293 3740 quod
313 3662 439 3723 nostram
460 3660 566 3741 agendi
588 3659 754 3736 potentiam
775 3675 863 3738 auget
884 3661 934 3722 vel
953 3657 1075 3734 minuit,
1093 3657 1180 3734 juvat
1201 3657 1249 3718 vel

59 3784 188 3840 coercet.
219 3777 374 3859 Quatenus
394 3775 495 3852 itaque
517 3774 589 3854 (per
607 3772 703 3853 Deflet.
725 3773 852 3833 Laertie
867 3785 895 3830 er
919 3771 1075 3851 Tristem,
1093 3788 1166 3848 quas
1181 3770 1249 3830 vide

9 3894 13 3923 ⁸
60 3894 90 3947 r'n
120 3887 219 3950 Schol.
249 3889 339 3968 Prop.
374 3903 419 3948 11.
446 3901 479 3968 p.
502 3887 544 3965 3.)
577 3904 636 3946 rem
668 3885 793 3962 aliquam
825 3903 880 3945 nos
909 3883 1028 3945 Laetitia
1050 3884 1097 3948 vel
1117 3881 1248 3944 Tristitia

62 4001 175 4063 afficere
205 4000 399 4078 percipimur,
420 4003 541 4062 eandem
562 4002 670 4059 bonam
691 4013 743 4060 aut
763 3999 863 4058 malam
885 4014 1041 4073 vocamus;
1062 4011 1152 4072 atque
1173 3998 1247 4056 odeo

61 4113 131 4175 boni
163 4129 196 4174 et
226 4112 293 4174 mali
324 4112 457 4192 cognitio
489 4111 561 4172 nihil
593 4110 672 4172 aliud
699 4110 757 4187 est,
786 4128 871 4186 quam
892 4109 1019 4171 Laetitiae
1040 4111 1089 4172 vel
1109 4107 1248 4169 Tristitiae

62 4223 142 4304 idea,
174 4244 241 4303 quae
273 4244 311 4286 ex
342 4224 406 4301 ipso
434 4217 633 4286 Laeritiae'vel
652 4221 792 4284 Tristitiae
814 4222 920 4284 affeetu
941 4219 1097 4284 necessario
1118 4218 1250 4298 sequitur

61 4339 131 4418 (per
159 4339 250 4418 Prop.
276 4355 324 4399 αα.
340 4351 372 4418 p.
394 4337 447 4416 α.)
478 4337 522 4397 At
542 4335 605 4397 haec
626 4334 691 4397 idea
713 4337 817 4398 eodem
837 4336 927 4397 modo
948 4332 1031 4396 unita
1052 4331 1093 4393 est
1115 4330 1249 4412 offerrui,
