2934 4900
314 270 813 363 Theologico·Politici
841 282 916 361 Cap.
938 271 991 345 Vl.
1191 284 1249 363 447

61 464 239 525 recurrendo
267 461 377 523 scilicet
405 464 443 523 ad
471 460 654 537 memoriam,
683 476 717 522 ut
746 461 865 522 alterius
886 460 928 521 rei
950 459 1064 534 similis,
1085 478 1170 536 quam
1191 460 1249 520 stne

64 573 258 635 admiratione
277 572 425 653 imaginari
444 572 532 648 solet,
549 576 733 649 recordetur;
753 588 815 634 tum
834 572 909 635 enim
928 572 1034 651 vulgus
1051 590 1108 632 rem
1126 571 1249 648 aliquam

65 687 94 746 se
127 684 198 748 satis
228 684 389 765 intelligere
420 684 581 760 existimat,
611 704 678 746 cum
708 684 798 759 ipsam
829 702 889 745 non
918 682 1082 745 admiratur.
1123 682 1251 760 Antiqui

66 786 186 875 itaque,
216 813 247 859 et
278 815 380 859 omnes
411 798 471 859 fere
502 798 532 857 in
552 796 611 858 hoc
634 797 726 873 usque
758 813 896 872 tempus,
924 797 1031 857 nullam
1053 810 1158 871 praeter
1177 795 1253 855 hanc

67 929 197 973 normam
220 909 351 971 miraculi
377 910 559 984 habuerunt3
581 928 669 985 quare
698 928 759 969 non
792 909 1002 985 dubitandum,
1024 908 1095 985 quin
1117 908 1147 969 in
1169 908 1255 970 sacris

67 1020 162 1081 literis
181 1022 271 1082 multa
293 1034 430 1098 tanquam
452 1020 587 1081 miracula
609 1036 771 1096 narrentur,
782 1040 906 1097 quorum
928 1022 1020 1083 causae
1042 1040 1079 1082 ex
1101 1022 1253 1098 principiis

68 1150 164 1193 rerum
186 1133 359 1193 naturalium
387 1132 466 1193 notis
494 1132 579 1193 facile
600 1131 721 1209 possunt
742 1132 898 1209 explicari,
919 1148 954 1195 ut
971 1133 1029 1210 jam
1051 1133 1136 1210 supra
1157 1134 1255 1195 innui-

69 1264 136 1306 mus
162 1244 192 1305 in
219 1244 294 1321 Cap.
313 1269 360 1319 2.,
387 1262 453 1305 cum
480 1248 517 1306 de
544 1262 598 1319 eo,
626 1246 708 1321 quod
736 1245 779 1305 sol
804 1245 915 1307 steterit
936 1261 1068 1322 tempore
1088 1246 1202 1326 Josuae,
1224 1260 1255 1306 et

70 1359 154 1434 quod
174 1360 391 1435 retrogradatus
413 1356 501 1419 suerit
522 1372 652 1432 tempore
675 1358 924 1434 Achaz,loquuti
945 1356 1059 1433 sumus;
1084 1358 1133 1419 sed
1154 1360 1191 1419 de
1212 1357 1256 1419 his

70 1489 143 1532 mox
173 1469 319 1549 prolixius
348 1488 483 1549 agemus,
514 1490 617 1546 nempe
639 1470 715 1532 circa
736 1470 938 1533 miraculorum
966 1468 1255 1546 interpretationem,

71 1586 110 1645 de
132 1583 241 1659 quain
263 1582 320 1643 hoc
341 1582 448 1659 Capite
469 1600 552 1661 agere
572 1582 699 1659 promisi.

113 1695 172 1757 llic
189 1694 249 1772 jam
270 1709 388 1771 tempus
409 1696 463 1770 est,
485 1711 518 1757 ut
539 1699 577 1757 ad
589 1695 746 1772 secundum
767 1697 1037 1773 transeam‚nempe
1049 1712 1083 1759 ut
1095 1699 1258 1773 ostendam,

73 1826 131 1869 nos
151 1826 189 1867 ex
210 1807 355 1868 miraculis
383 1826 437 1868 nec
462 1807 518 1868 Dei
544 1807 707 1884 essentiam,
728 1828 782 1871 nec
804 1809 1002 1887 existentiam,
1023 1828 1077 1871 nec
1098 1810 1258 1888 providen-

73 1920 145 1981 tiam
174 1916 254 1994 posse
281 1918 458 1997 intelligere,
487 1918 536 1981 sed
563 1934 666 1983 contra
692 1920 754 1981 haec
775 1922 863 1999 longe
885 1921 986 1983 melius
1007 1922 1117 1999 percipi
1138 1942 1175 1983 ex
1196 1924 1258 1983 lixo

74 2048 166 2107 atque
187 2029 359 2093 immutabili
381 2033 502 2093 Naturae
523 2032 642 2109 ordine;
662 2036 698 2095 ad
711 2036 793 2109 quod
805 2034 1056 2097 demonstrandum
1068 2033 1106 2095 fic
1118 2038 1258 2111 procedo.

72 2144 151 2203 Cum
172 2142 231 2203 Dei
252 2142 405 2204 existentia
427 2162 488 2205 non
510 2143 545 2205 srt
566 2163 618 2221 per
639 2145 669 2205 se
690 2160 763 2206 nota
785 2147 809 2220 *,
832 2148 921 2207 debet
943 2146 1101 2208 necessario
1122 2146 1259 2208 concludi

74 2276 112 2318 cx
133 2255 327 2331 notionibus,
349 2274 470 2332 quarum
490 2256 600 2318 veritas
621 2260 695 2319 adeo
717 2259 797 2318 firma
818 2273 848 2320 et
869 2258 1036 2319 inconeussa
1055 2258 1106 2335 sit,
1127 2275 1161 2321 ut
1182 2260 1260 2321 nulla

73 2368 136 2431 dari
164 2387 260 2445 neque
288 2367 407 2443 concipi
436 2370 520 2444 polllt
549 2370 704 2445 potentia,
724 2389 741 2429 a
763 2389 821 2446 qua
842 2370 946 2446 pollint
968 2368 1121 2432 immutari.
1162 2370 1260 2431 Nobis

72 2485 175 2544 saltem
193 2485 233 2572 pb
254 2501 291 2543 eo
311 2497 462 2559 tempore,
490 2501 551 2560 quo
573 2483 668 2544 eriis
689 2483 747 2545 Dei
768 2483 950 2546 existentiam
979 2483 1197 2560 concludimus,
1219 2483 1260 2544 ita

71 2612 215 2672 apparere
245 2593 561 2670 debent,srertips1s
593 2613 656 2655 eam
687 2611 771 2656 extra
802 2615 916 2657 omnem
949 2595 1143 2657 dubitationis
1169 2596 1259 2658 aleam

71 2709 254 2769 concludere
282 2709 434 2771 volumus:
465 2725 530 2768 nam
558 2706 579 2767 ss
607 2707 751 2784 possemus
772 2709 945 2784 concipere,
965 2707 1041 2784 ipsas
1062 2709 1201 2770 notiones
1223 2711 1259 2768 ab

72 2821 175 2896 aliqua
195 2819 349 2895 potentia,
369 2837 553 2896 quaecunque
574 2821 690 2882 demum
710 2839 745 2880 ea
767 2819 872 2896 fuerit,
898 2820 1001 2881 mutari
1023 2818 1121 2896 posse,
1140 2836 1203 2881 tum
1224 2823 1261 2882 de

73 2951 176 2994 catum
197 2931 322 2995 veritate
343 2931 559 3007 dubitaremus,
580 2947 612 2993 et
633 2933 849 3008 consequenter
870 2931 956 2992 etiam
978 2935 1015 2992 de
1036 2931 1130 2992 nostra
1143 2931 1262 2993 conclu·

73 3045 175 3120 stone,
206 3063 310 3120 nempe
341 3047 378 3105 de
408 3045 466 3106 Dei
497 3043 667 3119 existentia,
688 3063 742 3105 nec
765 3047 801 3105 de
823 3046 880 3104 ulla
900 3061 931 3104 re
953 3057 1079 3120 unquam
1101 3042 1263 3119 poterimus

74 3154 135 3217 esse
156 3154 238 3216 certi.
279 3153 397 3217 Deinde
417 3155 490 3216 nihil
511 3175 576 3216 eum
598 3157 711 3217 Natura
731 3154 891 3218 convenire
913 3155 961 3218 vel
981 3154 1008 3216 ei
1028 3171 1188 3233 repugnare
1210 3153 1264 3214 sci·

75 3285 161 3343 mus,
181 3266 234 3328 nist
255 3266 300 3343 id,
321 3271 404 3344 quod
424 3267 602 3329 ostendimus
625 3266 770 3328 cumillis
792 3267 943 3344 principiis
964 3266 1138 3342 convenire,
1158 3268 1206 3328 vel
1227 3257 1263 3326 lis

75 3397 257 3458 repugnare;
278 3397 388 3456 quare,
408 3379 430 3439 si
450 3379 606 3456 concipere
628 3377 771 3454 possemus
794 3377 904 3456 aliquid
925 3379 955 3440 in
976 3380 1089 3440 Natura
1111 3381 1146 3438 ab
1168 3379 1264 3456 aliqua

77 3491 216 3568 potentin
238 3491 437 3570 (quecunque
459 3494 575 3554 demum
596 3511 630 3552 ea
650 3491 753 3570 fuerit)
776 3489 854 3566 posse
875 3490 954 3566 fieri,
975 3494 1056 3568 quod
1077 3493 1198 3552 Naturae
1219 3510 1264 3551 re·

77 3619 211 3684 pugnet,
231 3603 262 3666 id
282 3603 382 3681 primis
402 3603 463 3665 istis
491 3603 667 3666 notionibus
694 3603 886 3682 repugnabit,
907 3607 1040 3681 adeoque
1061 3603 1091 3664 id
1112 3619 1146 3665 ut
1167 3604 1264 3666 absur-

78 3719 150 3778 dum
181 3714 388 3792 rejiciendum,
410 3717 458 3778 vel
479 3719 515 3778 de
545 3716 643 3793 pn'mis
675 3715 849 3777 notionibus
871 3715 919 3794 (ut
941 3718 1029 3784 modo
1052 3716 1265 3794 ostendimus),

79 3842 112 3887 et
134 3826 348 3903 consequenter
376 3830 413 3889 de
441 3830 524 3904 Deo,
545 3845 575 3890 et
597 3831 633 3891 de
655 3829 792 3890 omnibus
813 3831 1081 3906 quomodocunque
1103 3829 1265 3907 perceptis,

79 3938 287 4002 dubitandum.
327 3939 432 4019 Longe
453 3940 544 4020 igitur
564 3942 660 4018 abest,
680 3959 714 4004 ut
735 3941 888 4018 miracula,
900 3957 1046 4018 quatenus
1057 3958 1108 4016 per
1118 3941 1148 4003 id
1159 3941 1265 4003 intelli·

79 4049 161 4128 gitur
192 4067 286 4124 opus,
316 4053 398 4126 quod
430 4051 525 4113 ordini
558 4054 680 4114 Nature
711 4068 870 4132 repugnet,
899 4051 986 4113 nobis
1007 4051 1064 4112 Dei
1086 4050 1266 4114 existentiam

115 4283 130 4309 “
164 4273 207 4326 Cf·
222 4277 321 4327 Annot.
336 4277 383 4327 vl.
