2934 4900
216 308 276 368 400
691 293 931 352 Tractattts

216 465 333 543 majoris
354 467 493 527 momenti
514 469 669 543 Prophetae
691 468 768 531 salva
790 468 899 545 pietate
922 469 1409 549 ignorarepotuerunt,etrevern

214 578 441 656 ignoraverunt;
472 580 544 639 nihil
574 581 651 643 enim
681 581 820 660 singulare
855 586 891 643 de
914 582 1023 645 divinis
1045 584 1195 644 attributis
1216 586 1420 658 docuerunt,

215 690 265 752 sed
286 694 442 753 admodum
471 695 605 771 vulgares
633 697 669 756 de
690 696 757 755 Deo
778 696 944 757 habuerunt
964 696 1120 772 opiniones
1129 672 1143 755 ι’
1159 699 1195 757 ad
1217 716 1289 773 quas
1313 698 1415 757 etiam

214 820 314 863 eorum
345 804 539 866 revelationes
577 808 805 867 accommodata
849 807 931 883 sunt,
964 823 997 868 ut
1025 807 1084 882 jam
1117 807 1215 868 multis
1245 807 1420 883 Scriptura*

214 914 387 976 testimoniis
419 917 576 978 ostendam.
604 919 648 978 Ita
677 932 709 979 ut
739 919 822 979 facile
850 919 1041 994 videas,eos
1063 936 1202 981 nontam
1227 924 1265 981 ob
1287 921 1413 999 ingenii

214 1026 419 1089 sublimitatem
440 1044 470 1091 et
491 1030 700 1107 praestantiam,
722 1050 809 1107 quam
832 1035 871 1093 ob
893 1031 1034 1107 pietatem
1056 1050 1086 1093 et
1110 1033 1197 1094 animi
1209 1034 1417 1094 constantiam

215 1140 324 1201 laudari
345 1158 375 1201 et
396 1158 553 1218 tantopere
574 1144 779 1204 commendari.

253 1253 401 1328 Adamas,
432 1254 540 1329 primus
570 1254 617 1314 cui
648 1257 730 1317 Deus
762 1257 909 1318 revelatus
941 1257 1014 1332 suit,
1036 1257 1202 1336 ignoravit,
1223 1258 1317 1317 Deum
1342 1258 1410 1317 eise

215 1365 466 1440 omnipraesentem
497 1384 526 1427 et
558 1368 746 1444 omniscium;
766 1368 795 1429 se
818 1370 893 1430 enim
916 1389 931 1429 a
953 1372 1018 1430 Deo
1039 1370 1242 1445 abscondidit,
1263 1386 1292 1429 et
1313 1369 1407 1429 suunt

215 1495 368 1553 peccatum
399 1498 494 1541 coram
526 1482 609 1555 Deo,
640 1481 719 1557 quast
750 1481 896 1543 hominem
927 1502 1022 1543 coram
1054 1484 1189 1559 haberet,
1210 1498 1335 1543 conatus
1359 1484 1409 1541 est

215 1591 367 1653 excusttre:
398 1612 487 1669 quare
517 1596 599 1655 Deus
629 1596 716 1655 etiam
749 1595 775 1655 ei
808 1599 843 1657 ad
873 1595 961 1671 ipfius
992 1578 1110 1672 captum
1141 1596 1287 1657 revelatus
1317 1595 1403 1667 suit,

216 1723 319 1781 nempe
340 1720 374 1766 ut
395 1706 445 1781 qui
466 1724 527 1767 non
548 1706 658 1783 ubique
679 1707 737 1782 est,
759 1724 789 1767 et
810 1722 843 1767 ut
864 1708 971 1769 inscius
992 1710 1049 1769 loci
1080 1725 1110 1769 et
1138 1707 1252 1783 peccati
1274 1708 1405 1769 Adami:

215 1817 329 1879 audivit
357 1818 448 1893 enim,
477 1834 529 1879 aut
556 1818 635 1880 visus
657 1819 697 1879 est
717 1820 834 1893 audire,
855 1821 950 1881 Deum
972 1838 1023 1895 per
1042 1820 1160 1880 hortum
1181 1820 1406 1891 ambulantem,

215 1950 340 2007 eumque
362 1947 517 1992 vocantem
538 1948 568 1993 et
589 1948 766 2009 quaerentem
788 1932 838 1993 ttbi
860 1931 946 2007 essem
975 1932 1080 1992 deinde
1101 1950 1138 1991 ex
1160 1930 1310 1991 occasione
1332 1930 1406 2005 ejus

215 2043 397 2103 verecundiae
429 2043 522 2119 ipsum
552 2060 718 2122 rogantem,
751 2062 818 2105 num
849 2046 885 2105 de
918 2046 1019 2105 arbore
1051 2042 1198 2119 prohibita
1227 2042 1404 2101 comederit.

214 2156 345 2215 Adamas
376 2155 476 2231 itaque
507 2158 616 2218 nullum
649 2156 726 2217 aliud
757 2157 814 2216 Dei
845 2156 1016 2217 attributum
1047 2172 1187 2230 noverat,
1208 2172 1292 2231 quma
1314 2158 1402 2229 quod

214 2267 296 2326 Deus
317 2265 445 2327 omnium
466 2285 558 2328 terum
580 2268 637 2329 fuit
658 2268 769 2344 opifex.
788 2269 886 2329 Kaino
913 2270 1000 2329 etiam
1021 2270 1102 2328 Deus
1123 2268 1269 2329 revelatus
1290 2265 1347 2325 suit
1361 2269 1399 2325 ad

214 2378 302 2454 ipsnts
323 2394 457 2455 captum,
477 2398 581 2456 rternpe
603 2397 636 2441 ut
657 2398 749 2441 rerum
770 2381 957 2441 humanarum
978 2380 1102 2456 inscius,
1130 2398 1184 2439 nec
1206 2378 1274 2456 ipsa,
1295 2392 1328 2437 ut
1352 2378 1399 2437 sui

214 2493 327 2566 peccati
353 2493 526 2568 poeniteret,
552 2513 628 2569 opus
657 2509 718 2555 erat
745 2492 939 2554 sublimiorem
965 2495 1020 2554 Dei
1049 2492 1249 2571 cognitionem
1277 2493 1398 2552 habere.

213 2606 335 2666 Labano
356 2609 437 2668 Deus
459 2605 517 2666 sese
538 2606 681 2670 revelavit
701 2621 839 2682 tanquam
860 2608 943 2666 Deus
965 2606 1139 2681 Abrabami,
1160 2606 1399 2682 quiacredebnt,

213 2737 443 2795 unamquamque
472 2720 620 2780 nationem
648 2719 729 2780 suum
757 2719 863 2778 babere
892 2721 986 2780 Deum
1007 2719 1196 2795 peculiarem3
1228 2716 1297 2778 vide
1319 2717 1398 2776 Gen.

213 2849 275 2906 cap.
298 2849 345 2908 31.
367 2833 438 2893 vers.
460 2848 507 2909 29.
528 2833 711 2892 Abrahamns
742 2831 829 2891 etiam
861 2831 1023 2910 ignoravit,
1051 2832 1147 2891 Deum
1177 2828 1232 2890 esse
1264 2828 1394 2904 ubique,

212 2942 314 3018 resque
353 2962 453 3004 omnes
487 2943 742 3022 praecognoscere3
771 2943 821 3004 ubi
853 2944 928 3004 enim
961 2942 1133 3003 sententiam
1166 2943 1195 3002 in
1227 2939 1395 3001 Sodomitas

213 3056 343 3131 audivit,
365 3057 478 3135 oravit,
499 3073 533 3118 ut
553 3060 635 3118 Deus
653 3077 714 3117 eam
733 3076 793 3118 non
813 3073 1023 3134 exequeretur,
1042 3071 1198 3133 antequam
1217 3054 1315 3130 sciret,
1327 3073 1393 3115 num

214 3187 314 3229 omnes
331 3169 382 3229 illo
400 3169 543 3245 supplicio
562 3168 651 3229 essent
670 3169 766 3248 digni;
786 3170 826 3229 ait
838 3170 913 3230 enim
931 3170 1013 3248 (vide
1025 3171 1100 3230 Gen.
1112 3189 1175 3246 cap.
1191 3171 1235 3230 18.
1247 3168 1320 3232 vers.
1331 3173 1393 3247 αι.)

214 3300 296 3359 nter.
320 3299 403 3378 'pm
424 3299 546 3373 napa-13
569 3299 687 3354 nuptm
711 3300 752 3356 qn
776 3270 847 3354 ³5³2&
872 3281 955 3358 forte
976 3287 1162 3361 reperiuntur
1183 3285 1396 3358 qttinquagt'nta

206 3397 280 3475 justi
295 3402 327 3456 in
343 3400 397 3456 t'lla
407 3402 535 3458 civitate.
556 3401 621 3458 Nec
632 3401 714 3459 Deus
725 3397 777 3474 ipsa
789 3397 871 3460 aliter
881 3399 1029 3460 revelatus
1040 3397 1112 3474 suit3
1123 3396 1160 3457 stc
1172 3397 1247 3456 enim
1259 3395 1288 3455 in
1299 3397 1394 3456 Abra-

212 3509 287 3569 hami
299 3509 505 3589 imaginatione
515 3511 664 3588 loquitur,
681 3527 746 3588 tea
763 3501 820 3584 bn
833 3528 928 3583 naen
946 3527 1113 3600 anpustn
1127 3526 1236 3582 nnana
1249 3525 1287 3580 aa
1300 3525 1394 3579 ntes

214 3643 308 3700 wib·
331 3616 373 3698 κδ
396 3643 458 3699 met
483 3618 549 3699 πὸ]
576 3647 650 3686 nunc
676 3627 841 3703 descendam
861 3641 894 3686 ut
915 3627 1044 3702 videam,
1065 3643 1131 3685 num
1146 3625 1239 3700 juxta
1251 3627 1395 3700 summam

213 3745 370 3819 querelam,
392 3761 454 3821 qaae
473 3746 515 3803 ad
532 3762 574 3804 me
593 3748 687 3819 venit,
709 3743 862 3820 fecerunt,·
878 3743 923 3820 fin
943 3757 1037 3802 autem
1058 3745 1166 3817 tainus,
1188 3739 1274 3818 (rem)
1290 3739 1394 3815 sciam.

213 3850 354 3916 Divinum
386 3855 472 3915 etiam
504 3859 539 3916 de
571 3857 738 3917 Abrahamo
770 3855 965 3916 testimonium
988 3854 1038 3932 (de
1061 3873 1121 3930 quo
1144 3852 1211 3915 vide
1234 3851 1307 3911 Gen.
1330 3869 1393 3927 cap.

217 3968 262 4026 18.
294 3967 365 4029 vers.
400 3970 460 4046 19.)
491 3969 562 4028 nihil
594 3970 729 4031 continet
759 3984 864 4045 praeter
895 3968 983 4028 solam
1015 3967 1230 4039 obedientiam,
1262 3981 1291 4024 et
1313 3967 1393 4040 quod

214 4079 388 4140 domesticos
419 4080 487 4142 suos
519 4083 554 4141 ad
587 4099 702 4157 aequum
735 4096 765 4141 et
796 4083 906 4141 bonum
937 4095 1085 4154 moneret,
1112 4097 1172 4138 nort
1193 4093 1291 4138 autem
1313 4079 1393 4152 quod

213 4191 348 4252 sublimet
377 4196 413 4252 de
440 4196 507 4254 Deo
534 4193 669 4253 habuerit
697 4193 904 4272 cogitationes.
926 4191 1027 4252 Moses
1049 4210 1108 4252 non
1130 4189 1198 4250 satis
1221 4188 1308 4248 etiam
1330 4207 1392 4263 per-

213 4305 312 4383 cepit,
342 4309 437 4368 Deum
470 4303 523 4365 esse
555 4306 743 4383 omniscium,
773 4305 969 4381 humanasque
1001 4304 1130 4366 astiones
1152 4319 1253 4363 omnes
1275 4319 1311 4362 ex
1330 4301 1390 4361 solo
