<?xml version="1.0" encoding="UTF-8"?>
<!DOCTYPE html PUBLIC "-//W3C//DTD XHTML 1.0 Transitional//EN"
    "http://www.w3.org/TR/xhtml1/DTD/xhtml1-transitional.dtd">
<html xmlns="http://www.w3.org/1999/xhtml" xml:lang="en" lang="en">
 <head>
  <title>
</title>
<meta http-equiv="Content-Type" content="text/html;charset=utf-8" />
  <meta name='ocr-system' content='tesseract 3.04.00' />
  <meta name='ocr-capabilities' content='ocr_page ocr_carea ocr_par ocr_line ocrx_word'/>
</head>
<body>
  <div class='ocr_page' id='page_1' title='image "benedictidespin02landgoog_0255.png"; bbox 0 0 2934 4900; ppageno 0'>
   <div class='ocr_carea' id='block_1_1' title="bbox 376 332 1250 417">
    <p class='ocr_par' dir='ltr' id='par_1_1' title="bbox 376 332 1250 417">
     <span class='ocr_line' id='line_1_1' title="bbox 376 332 1250 417; baseline 0.006 -23"><span class='ocrx_word' id='word_1_1' title='bbox 376 334 433 394; x_wconf 91' lang='lat' dir='ltr'><strong>De</strong></span> <span class='ocrx_word' id='word_1_2' title='bbox 472 332 699 396; x_wconf 79' lang='lat' dir='ltr'>Servitute</span> <span class='ocrx_word' id='word_1_3' title='bbox 741 334 937 399; x_wconf 80' lang='lat' dir='ltr'><strong>Humana.</strong></span> <span class='ocrx_word' id='word_1_4' title='bbox 1194 353 1250 417; x_wconf 77' lang='lat'><strong>23¹</strong></span> 
     </span>
    </p>
   </div>
   <div class='ocr_carea' id='block_1_2' title="bbox 50 504 1252 906">
    <p class='ocr_par' dir='ltr' id='par_1_2' title="bbox 50 504 1252 906">
     <span class='ocr_line' id='line_1_2' title="bbox 50 504 1251 591; baseline 0.003 -23"><span class='ocrx_word' id='word_1_5' title='bbox 50 522 177 582; x_wconf 85' lang='lat' dir='ltr'><strong>rantur,</strong></span> <span class='ocrx_word' id='word_1_6' title='bbox 202 524 293 569; x_wconf 85' lang='lat' dir='ltr'><strong>coecae</strong></span> <span class='ocrx_word' id='word_1_7' title='bbox 320 504 390 569; x_wconf 84' lang='lat' dir='ltr'><strong>sunt</strong></span> <span class='ocrx_word' id='word_1_8' title='bbox 417 506 465 587; x_wconf 83' lang='lat' dir='ltr'><strong>(ur</strong></span> <span class='ocrx_word' id='word_1_9' title='bbox 484 506 580 583; x_wconf 80' lang='lat' dir='ltr'><strong>facile</strong></span> <span class='ocrx_word' id='word_1_10' title='bbox 605 506 754 584; x_wconf 74' lang='lat' dir='ltr'><em>colligitur</em></span> <span class='ocrx_word' id='word_1_11' title='bbox 780 512 892 585; x_wconf 81' lang='lat' dir='ltr'><strong>exiis,</strong></span> <span class='ocrx_word' id='word_1_12' title='bbox 912 511 1027 587; x_wconf 74' lang='lat' dir='ltr'><strong>quain</strong></span> <span class='ocrx_word' id='word_1_13' title='bbox 1047 508 1139 571; x_wconf 80' lang='lat' dir='ltr'><strong>Sodol.</strong></span> <span class='ocrx_word' id='word_1_14' title='bbox 1160 512 1251 591; x_wconf 84' lang='lat' dir='ltr'><strong>Prop.</strong></span> 
     </span>
     <span class='ocr_line' id='line_1_3' title="bbox 52 617 1251 699; baseline 0.003 -19"><span class='ocrx_word' id='word_1_15' title='bbox 52 636 106 697; x_wconf 87' lang='grc'><strong>44.</strong></span> <span class='ocrx_word' id='word_1_16' title='bbox 129 617 219 696; x_wconf 60' lang='lat' dir='ltr'><strong>horos</strong></span> <span class='ocrx_word' id='word_1_17' title='bbox 237 620 397 699; x_wconf 48' lang='grc' dir='ltr'><strong>διεῖναι»</strong></span> <span class='ocrx_word' id='word_1_18' title='bbox 428 636 482 681; x_wconf 85' lang='lat' dir='ltr'><strong>nec</strong></span> <span class='ocrx_word' id='word_1_19' title='bbox 512 619 601 682; x_wconf 72' lang='lat' dir='ltr'><strong>ullius</strong></span> <span class='ocrx_word' id='word_1_20' title='bbox 632 618 701 681; x_wconf 78' lang='lat' dir='ltr'><strong>usus</strong></span> <span class='ocrx_word' id='word_1_21' title='bbox 731 618 838 697; x_wconf 80' lang='lat' dir='ltr'><strong>client,</strong></span> <span class='ocrx_word' id='word_1_22' title='bbox 866 620 1041 683; x_wconf 83' lang='lat' dir='ltr'><strong>sthomines</strong></span> <span class='ocrx_word' id='word_1_23' title='bbox 1069 621 1155 683; x_wconf 88' lang='lat' dir='ltr'><strong>facile</strong></span> <span class='ocrx_word' id='word_1_24' title='bbox 1182 621 1251 685; x_wconf 87' lang='lat' dir='ltr'><strong>duci</strong></span> 
     </span>
     <span class='ocr_line' id='line_1_4' title="bbox 53 729 1252 812; baseline 0.003 -19"><span class='ocrx_word' id='word_1_25' title='bbox 53 729 195 808; x_wconf 80' lang='lat' dir='ltr'><strong>pod&#39;emt,</strong></span> <span class='ocrx_word' id='word_1_26' title='bbox 225 746 260 795; x_wconf 89' lang='lat' dir='ltr'><strong>ut</strong></span> <span class='ocrx_word' id='word_1_27' title='bbox 289 750 329 794; x_wconf 80' lang='lat' dir='ltr'><strong>ex</strong></span> <span class='ocrx_word' id='word_1_28' title='bbox 358 730 424 795; x_wconf 84' lang='lat' dir='ltr'>solo</span> <span class='ocrx_word' id='word_1_29' title='bbox 454 729 595 795; x_wconf 73' lang='lat' dir='ltr'>Rationis</span> <span class='ocrx_word' id='word_1_30' title='bbox 624 730 780 795; x_wconf 68' lang='lat' dir='ltr'><strong>didamine</strong></span> <span class='ocrx_word' id='word_1_31' title='bbox 810 731 966 811; x_wconf 83' lang='lat' dir='ltr'><strong>viverent,</strong></span> <span class='ocrx_word' id='word_1_32' title='bbox 997 748 1031 795; x_wconf 90' lang='lat' dir='ltr'><strong>ut</strong></span> <span class='ocrx_word' id='word_1_33' title='bbox 1060 732 1119 812; x_wconf 83' lang='lat' dir='ltr'><strong>jam</strong></span> <span class='ocrx_word' id='word_1_34' title='bbox 1150 734 1252 811; x_wconf 85' lang='lat' dir='ltr'><strong>paucir</strong></span> 
     </span>
     <span class='ocr_line' id='line_1_5' title="bbox 56 844 225 906; baseline 0.006 -1"><span class='ocrx_word' id='word_1_35' title='bbox 56 844 225 906; x_wconf 79' lang='lat' dir='ltr'><strong>ostendam.</strong></span> 
     </span>
    </p>
   </div>
   <div class='ocr_carea' id='block_1_3' title="bbox 59 988 1252 1296">
    <p class='ocr_par' dir='ltr' id='par_1_3' title="bbox 59 988 1252 1296">
     <span class='ocr_line' id='line_1_6' title="bbox 433 988 882 1053; baseline 0.004 -4"><span class='ocrx_word' id='word_1_36' title='bbox 433 989 763 1053; x_wconf 79' lang='lat' dir='ltr'>PROPOSITIO</span> <span class='ocrx_word' id='word_1_37' title='bbox 803 988 882 1051; x_wconf 76' lang='lat' dir='ltr'><strong>ux.</strong></span> 
     </span>
     <span class='ocr_line' id='line_1_7' title="bbox 100 1099 1252 1183; baseline 0.001 -22"><span class='ocrx_word' id='word_1_38' title='bbox 100 1100 159 1161; x_wconf 82' lang='lat' dir='ltr'><strong>Ad</strong></span> <span class='ocrx_word' id='word_1_39' title='bbox 181 1118 274 1161; x_wconf 75' lang='lat' dir='ltr'><strong>omnes</strong></span> <span class='ocrx_word' id='word_1_40' title='bbox 300 1101 440 1177; x_wconf 62' lang='lat' dir='ltr'><strong>odronto,</strong></span> <span class='ocrx_word' id='word_1_41' title='bbox 466 1103 509 1163; x_wconf 81' lang='lat' dir='ltr'><strong>ad</strong></span> <span class='ocrx_word' id='word_1_42' title='bbox 532 1120 606 1179; x_wconf 81' lang='lat' dir='ltr'><strong>quas</strong></span> <span class='ocrx_word' id='word_1_43' title='bbox 626 1120 663 1161; x_wconf 78' lang='lat' dir='ltr'><strong>ex</strong></span> <span class='ocrx_word' id='word_1_44' title='bbox 681 1099 802 1178; x_wconf 70' lang='lat' dir='ltr'><strong>affatio,</strong></span> <span class='ocrx_word' id='word_1_45' title='bbox 824 1105 875 1179; x_wconf 84' lang='lat' dir='ltr'><strong>qui</strong></span> <span class='ocrx_word' id='word_1_46' title='bbox 887 1101 984 1183; x_wconf 80' lang='lat' dir='ltr'>poffio</span> <span class='ocrx_word' id='word_1_47' title='bbox 1005 1104 1058 1181; x_wconf 80' lang='lat' dir='ltr'><strong>est,</strong></span> <span class='ocrx_word' id='word_1_48' title='bbox 1080 1105 1252 1179; x_wconf 73' lang='lat' dir='ltr'><strong>determita-</strong></span> 
     </span>
     <span class='ocr_line' id='line_1_8' title="bbox 59 1214 882 1296; baseline 0.004 -22"><span class='ocrx_word' id='word_1_49' title='bbox 59 1232 139 1291; x_wconf 80' lang='lat' dir='ltr'><strong>mur,</strong></span> <span class='ocrx_word' id='word_1_50' title='bbox 156 1214 300 1296; x_wconf 76' lang='lat' dir='ltr'><strong>poffurrmr</strong></span> <span class='ocrx_word' id='word_1_51' title='bbox 318 1214 428 1292; x_wconf 78' lang='lat' dir='ltr'><strong>absque</strong></span> <span class='ocrx_word' id='word_1_52' title='bbox 447 1233 477 1274; x_wconf 82' lang='lat' dir='ltr'><strong>oo</strong></span> <span class='ocrx_word' id='word_1_53' title='bbox 495 1234 517 1276; x_wconf 82' lang='lat' dir='ltr'><strong>a</strong></span> <span class='ocrx_word' id='word_1_54' title='bbox 535 1216 662 1275; x_wconf 77' lang='lat' dir='ltr'><strong>Ratione</strong></span> <span class='ocrx_word' id='word_1_55' title='bbox 680 1216 882 1277; x_wconf 70' lang='lat' dir='ltr'><strong>determinari.</strong></span> 
     </span>
    </p>
   </div>
   <div class='ocr_carea' id='block_1_4' title="bbox 61 1376 1309 3904">
    <p class='ocr_par' dir='ltr' id='par_1_4' title="bbox 461 1376 859 1422">
     <span class='ocr_line' id='line_1_9' title="bbox 461 1376 859 1422; baseline 0 -3"><span class='ocrx_word' id='word_1_56' title='bbox 461 1376 859 1422; x_wconf 74' lang='lat' dir='ltr'><strong>omuousraar1m</strong></span> 
     </span>
    </p>

    <p class='ocr_par' dir='ltr' id='par_1_5' title="bbox 61 1471 1309 3904">
     <span class='ocr_line' id='line_1_10' title="bbox 98 1471 1251 1558; baseline 0.002 -25"><span class='ocrx_word' id='word_1_57' title='bbox 98 1473 152 1535; x_wconf 82' lang='lat' dir='ltr'><strong>Ex</strong></span> <span class='ocrx_word' id='word_1_58' title='bbox 171 1472 304 1535; x_wconf 80' lang='lat' dir='ltr'>Ratione</span> <span class='ocrx_word' id='word_1_59' title='bbox 325 1491 408 1553; x_wconf 81' lang='lat' dir='ltr'><strong>agere</strong></span> <span class='ocrx_word' id='word_1_60' title='bbox 430 1471 502 1534; x_wconf 89' lang='lat' dir='ltr'><strong>nihil</strong></span> <span class='ocrx_word' id='word_1_61' title='bbox 523 1473 603 1537; x_wconf 88' lang='lat' dir='ltr'><strong>aliud</strong></span> <span class='ocrx_word' id='word_1_62' title='bbox 624 1473 666 1535; x_wconf 82' lang='lat' dir='ltr'><strong>eii</strong></span> <span class='ocrx_word' id='word_1_63' title='bbox 686 1473 758 1558; x_wconf 77' lang='lat' dir='ltr'><strong>(per</strong></span> <span class='ocrx_word' id='word_1_64' title='bbox 777 1474 867 1554; x_wconf 86' lang='lat' dir='ltr'><strong>Prop.</strong></span> <span class='ocrx_word' id='word_1_65' title='bbox 889 1490 917 1551; x_wconf 80' lang='lat'><strong>3.</strong></span> <span class='ocrx_word' id='word_1_66' title='bbox 939 1486 967 1534; x_wconf 77' lang='lat' dir='ltr'><strong>ct</strong></span> <span class='ocrx_word' id='word_1_67' title='bbox 986 1474 1081 1552; x_wconf 77' lang='lat' dir='ltr'><strong>Defin.</strong></span> <span class='ocrx_word' id='word_1_68' title='bbox 1099 1490 1128 1535; x_wconf 87' lang='lat'><strong>2.</strong></span> <span class='ocrx_word' id='word_1_69' title='bbox 1145 1486 1177 1554; x_wconf 81' lang='lat' dir='ltr'><strong>p.</strong></span> <span class='ocrx_word' id='word_1_70' title='bbox 1190 1473 1251 1552; x_wconf 79' lang='lat'>3.)‚</span> 
     </span>
     <span class='ocr_line' id='line_1_11' title="bbox 61 1584 1251 1665; baseline -0.003 -17"><span class='ocrx_word' id='word_1_71' title='bbox 61 1605 154 1665; x_wconf 85' lang='lat' dir='ltr'><strong>quam</strong></span> <span class='ocrx_word' id='word_1_72' title='bbox 181 1604 216 1647; x_wconf 88' lang='lat' dir='ltr'><strong>ea</strong></span> <span class='ocrx_word' id='word_1_73' title='bbox 242 1603 344 1665; x_wconf 82' lang='lat' dir='ltr'><strong>agere,</strong></span> <span class='ocrx_word' id='word_1_74' title='bbox 372 1604 437 1663; x_wconf 86' lang='lat' dir='ltr'><strong>quae</strong></span> <span class='ocrx_word' id='word_1_75' title='bbox 458 1604 496 1647; x_wconf 85' lang='lat' dir='ltr'><strong>ex</strong></span> <span class='ocrx_word' id='word_1_76' title='bbox 516 1587 682 1647; x_wconf 76' lang='lat' dir='ltr'><strong>necestitate</strong></span> <span class='ocrx_word' id='word_1_77' title='bbox 703 1586 806 1649; x_wconf 80' lang='lat' dir='ltr'><strong>nostra</strong></span> <span class='ocrx_word' id='word_1_78' title='bbox 828 1600 957 1661; x_wconf 83' lang='lat' dir='ltr'><strong>naturae,</strong></span> <span class='ocrx_word' id='word_1_79' title='bbox 978 1584 1007 1645; x_wconf 89' lang='lat' dir='ltr'><strong>in</strong></span> <span class='ocrx_word' id='word_1_80' title='bbox 1029 1584 1057 1646; x_wconf 84' lang='lat' dir='ltr'><strong>ie</strong></span> <span class='ocrx_word' id='word_1_81' title='bbox 1078 1584 1138 1647; x_wconf 78' lang='lat' dir='ltr'>iola</span> <span class='ocrx_word' id='word_1_82' title='bbox 1159 1584 1251 1646; x_wconf 88' lang='lat' dir='ltr'>consr-</span> 
     </span>
     <span class='ocr_line' id='line_1_12' title="bbox 62 1694 1252 1775; baseline -0.003 -14"><span class='ocrx_word' id='word_1_83' title='bbox 62 1703 190 1775; x_wconf 84' lang='lat' dir='ltr'><strong>deratae,</strong></span> <span class='ocrx_word' id='word_1_84' title='bbox 221 1697 391 1775; x_wconf 87' lang='lat' dir='ltr'><strong>sequuntur.</strong></span> <span class='ocrx_word' id='word_1_85' title='bbox 432 1699 475 1760; x_wconf 81' lang='lat' dir='ltr'><strong>At</strong></span> <span class='ocrx_word' id='word_1_86' title='bbox 505 1695 637 1759; x_wconf 87' lang='lat' dir='ltr'><strong>Tristitia</strong></span> <span class='ocrx_word' id='word_1_87' title='bbox 669 1711 793 1759; x_wconf 86' lang='lat' dir='ltr'><strong>eatenus</strong></span> <span class='ocrx_word' id='word_1_88' title='bbox 825 1699 897 1761; x_wconf 83' lang='lat' dir='ltr'><strong>mala</strong></span> <span class='ocrx_word' id='word_1_89' title='bbox 925 1697 983 1774; x_wconf 87' lang='lat' dir='ltr'><strong>eii,</strong></span> <span class='ocrx_word' id='word_1_90' title='bbox 1011 1710 1157 1775; x_wconf 80' lang='lat' dir='ltr'><strong>quatenus</strong></span> <span class='ocrx_word' id='word_1_91' title='bbox 1176 1694 1252 1758; x_wconf 87' lang='lat' dir='ltr'><strong>hanc</strong></span> 
     </span>
     <span class='ocr_line' id='line_1_13' title="bbox 63 1786 1251 1893; baseline -0.003 -20"><span class='ocrx_word' id='word_1_92' title='bbox 63 1810 171 1893; x_wconf 77' lang='lat' dir='ltr'><strong>agendi</strong></span> <span class='ocrx_word' id='word_1_93' title='bbox 192 1809 359 1888; x_wconf 85' lang='lat' dir='ltr'><strong>potentiam</strong></span> <span class='ocrx_word' id='word_1_94' title='bbox 380 1808 485 1872; x_wconf 86' lang='lat' dir='ltr'><strong>minuit</strong></span> <span class='ocrx_word' id='word_1_95' title='bbox 506 1786 894 1891; x_wconf 66' lang='lat' dir='ltr'><strong>velcorrcet(per1&gt;r0pss</strong></span> <span class='ocrx_word' id='word_1_96' title='bbox 915 1827 963 1891; x_wconf 92' lang='lat'><strong>41.</strong></span> <span class='ocrx_word' id='word_1_97' title='bbox 984 1808 1103 1891; x_wconf 80' lang='lat' dir='ltr'><strong>hujus);</strong></span> <span class='ocrx_word' id='word_1_98' title='bbox 1124 1827 1193 1890; x_wconf 81' lang='lat' dir='ltr'><strong>ergo</strong></span> <span class='ocrx_word' id='word_1_99' title='bbox 1214 1829 1251 1871; x_wconf 88' lang='lat' dir='ltr'><strong>ex</strong></span> 
     </span>
     <span class='ocr_line' id='line_1_14' title="bbox 63 1921 1251 2000; baseline -0.001 -15"><span class='ocrx_word' id='word_1_100' title='bbox 63 1926 122 1985; x_wconf 91' lang='lat' dir='ltr'><strong>hoc</strong></span> <span class='ocrx_word' id='word_1_101' title='bbox 153 1924 262 1986; x_wconf 74' lang='lat' dir='ltr'><strong>affetiu</strong></span> <span class='ocrx_word' id='word_1_102' title='bbox 289 1924 326 1985; x_wconf 86' lang='lat' dir='ltr'><strong>ad</strong></span> <span class='ocrx_word' id='word_1_103' title='bbox 354 1924 461 1986; x_wconf 85' lang='lat' dir='ltr'><strong>nullam</strong></span> <span class='ocrx_word' id='word_1_104' title='bbox 488 1921 632 1985; x_wconf 71' lang='lat' dir='ltr'><strong>astionem</strong></span> <span class='ocrx_word' id='word_1_105' title='bbox 659 1922 810 2000; x_wconf 74' lang='lat' dir='ltr'><strong>possumus</strong></span> <span class='ocrx_word' id='word_1_106' title='bbox 841 1922 1041 2000; x_wconf 86' lang='lat' dir='ltr'><strong>determinari,</strong></span> <span class='ocrx_word' id='word_1_107' title='bbox 1073 1942 1159 2000; x_wconf 87' lang='lat' dir='ltr'><strong>quam</strong></span> <span class='ocrx_word' id='word_1_108' title='bbox 1191 1941 1251 1984; x_wconf 85' lang='lat' dir='ltr'><strong>non</strong></span> 
     </span>
     <span class='ocr_line' id='line_1_15' title="bbox 65 2034 1309 2115; baseline 0.003 -18"><span class='ocrx_word' id='word_1_109' title='bbox 65 2035 214 2113; x_wconf 79' lang='lat' dir='ltr'><strong>pod&#39;emut</strong></span> <span class='ocrx_word' id='word_1_110' title='bbox 245 2053 347 2115; x_wconf 80' lang='lat' dir='ltr'><strong>agere,</strong></span> <span class='ocrx_word' id='word_1_111' title='bbox 374 2034 395 2095; x_wconf 85' lang='lat' dir='ltr'>fi</span> <span class='ocrx_word' id='word_1_112' title='bbox 422 2034 554 2097; x_wconf 85' lang='lat' dir='ltr'><strong>Ratione</strong></span> <span class='ocrx_word' id='word_1_113' title='bbox 585 2038 765 2097; x_wconf 82' lang='lat' dir='ltr'>duceremur.</span> <span class='ocrx_word' id='word_1_114' title='bbox 805 2036 949 2097; x_wconf 80' lang='lat' dir='ltr'><strong>Praeterea</strong></span> <span class='ocrx_word' id='word_1_115' title='bbox 980 2034 1100 2097; x_wconf 85' lang='lat' dir='ltr'><strong>Laetitia</strong></span> <span class='ocrx_word' id='word_1_116' title='bbox 1120 2052 1252 2099; x_wconf 81' lang='lat' dir='ltr'><strong>eatenus</strong></span> <span class='ocrx_word' id='word_1_117' title='bbox 1306 2094 1309 2101; x_wconf 91' lang='lat'>.</span> 
     </span>
     <span class='ocr_line' id='line_1_16' title="bbox 64 2146 1250 2227; baseline 0 -18"><span class='ocrx_word' id='word_1_118' title='bbox 64 2162 182 2209; x_wconf 87' lang='lat' dir='ltr'><strong>tantum</strong></span> <span class='ocrx_word' id='word_1_119' title='bbox 210 2147 283 2207; x_wconf 84' lang='lat' dir='ltr'><strong>mala</strong></span> <span class='ocrx_word' id='word_1_120' title='bbox 311 2146 368 2223; x_wconf 87' lang='lat' dir='ltr'><strong>est,</strong></span> <span class='ocrx_word' id='word_1_121' title='bbox 397 2163 544 2225; x_wconf 83' lang='lat' dir='ltr'><strong>quatenus</strong></span> <span class='ocrx_word' id='word_1_122' title='bbox 571 2146 711 2224; x_wconf 87' lang='lat' dir='ltr'><strong>impedit,</strong></span> <span class='ocrx_word' id='word_1_123' title='bbox 740 2165 800 2225; x_wconf 90' lang='lat' dir='ltr'><strong>quo</strong></span> <span class='ocrx_word' id='word_1_124' title='bbox 822 2146 918 2209; x_wconf 81' lang='lat' dir='ltr'><strong>minuo</strong></span> <span class='ocrx_word' id='word_1_125' title='bbox 938 2148 1028 2208; x_wconf 87' lang='lat' dir='ltr'><strong>homo</strong></span> <span class='ocrx_word' id='word_1_126' title='bbox 1050 2150 1086 2209; x_wconf 85' lang='lat' dir='ltr'><strong>ad</strong></span> <span class='ocrx_word' id='word_1_127' title='bbox 1108 2150 1250 2227; x_wconf 78' lang='lat' dir='ltr'><strong>agendum</strong></span> 
     </span>
     <span class='ocr_line' id='line_1_17' title="bbox 65 2253 1251 2340; baseline 0.003 -21"><span class='ocrx_word' id='word_1_128' title='bbox 65 2259 100 2320; x_wconf 84' lang='lat' dir='ltr'><strong>fit</strong></span> <span class='ocrx_word' id='word_1_129' title='bbox 122 2274 212 2337; x_wconf 73' lang='lat' dir='ltr'><strong>aptus</strong></span> <span class='ocrx_word' id='word_1_130' title='bbox 232 2258 305 2339; x_wconf 80' lang='lat' dir='ltr'><strong>(per</strong></span> <span class='ocrx_word' id='word_1_131' title='bbox 324 2259 413 2339; x_wconf 80' lang='lat' dir='ltr'><strong>Prop.</strong></span> <span class='ocrx_word' id='word_1_132' title='bbox 434 2274 483 2339; x_wconf 88' lang='lat'><strong>4¹·</strong></span> <span class='ocrx_word' id='word_1_133' title='bbox 504 2274 532 2319; x_wconf 84' lang='lat' dir='ltr'><strong>et</strong></span> <span class='ocrx_word' id='word_1_134' title='bbox 552 2253 601 2340; x_wconf 64' lang='lat'><strong>43&#39;.</strong></span> <span class='ocrx_word' id='word_1_135' title='bbox 621 2259 738 2340; x_wconf 77' lang='lat' dir='ltr'><strong>hujus);</strong></span> <span class='ocrx_word' id='word_1_136' title='bbox 756 2275 845 2337; x_wconf 87' lang='lat' dir='ltr'><strong>atque</strong></span> <span class='ocrx_word' id='word_1_137' title='bbox 867 2262 941 2322; x_wconf 88' lang='lat' dir='ltr'><strong>adeo</strong></span> <span class='ocrx_word' id='word_1_138' title='bbox 963 2274 1084 2321; x_wconf 81' lang='lat' dir='ltr'><strong>eatenus</strong></span> <span class='ocrx_word' id='word_1_139' title='bbox 1106 2258 1193 2321; x_wconf 85' lang='lat' dir='ltr'><strong>etiam</strong></span> <span class='ocrx_word' id='word_1_140' title='bbox 1214 2263 1251 2322; x_wconf 90' lang='lat' dir='ltr'><strong>ad</strong></span> 
     </span>
     <span class='ocr_line' id='line_1_18' title="bbox 67 2368 1250 2452; baseline 0.001 -22"><span class='ocrx_word' id='word_1_141' title='bbox 67 2372 175 2431; x_wconf 82' lang='lat' dir='ltr'><strong>nullam</strong></span> <span class='ocrx_word' id='word_1_142' title='bbox 195 2368 338 2431; x_wconf 73' lang='lat' dir='ltr'><strong>astionem</strong></span> <span class='ocrx_word' id='word_1_143' title='bbox 359 2369 544 2432; x_wconf 87' lang='lat' dir='ltr'><strong>determinari</strong></span> <span class='ocrx_word' id='word_1_144' title='bbox 565 2370 735 2449; x_wconf 81' lang='lat' dir='ltr'><strong>poiiumur,</strong></span> <span class='ocrx_word' id='word_1_145' title='bbox 757 2390 843 2450; x_wconf 83' lang='lat' dir='ltr'><strong>quam</strong></span> <span class='ocrx_word' id='word_1_146' title='bbox 863 2389 925 2432; x_wconf 88' lang='grc' dir='ltr'><strong>ιιοιι</strong></span> <span class='ocrx_word' id='word_1_147' title='bbox 946 2368 1090 2447; x_wconf 80' lang='lat' dir='ltr'><strong>poffemuo</strong></span> <span class='ocrx_word' id='word_1_148' title='bbox 1111 2368 1250 2452; x_wconf 83' lang='lat' dir='ltr'><strong>agere,s1</strong></span> 
     </span>
     <span class='ocr_line' id='line_1_19' title="bbox 69 2481 1252 2563; baseline 0.002 -19"><span class='ocrx_word' id='word_1_149' title='bbox 69 2481 200 2544; x_wconf 76' lang='lat' dir='ltr'>Ratione</span> <span class='ocrx_word' id='word_1_150' title='bbox 227 2483 407 2545; x_wconf 82' lang='lat' dir='ltr'><strong>duceremur.</strong></span> <span class='ocrx_word' id='word_1_151' title='bbox 448 2483 583 2562; x_wconf 88' lang='lat' dir='ltr'><strong>Denique</strong></span> <span class='ocrx_word' id='word_1_152' title='bbox 610 2501 757 2563; x_wconf 80' lang='lat' dir='ltr'><strong>quatenus</strong></span> <span class='ocrx_word' id='word_1_153' title='bbox 785 2484 903 2547; x_wconf 81' lang='lat' dir='ltr'><strong>Letitia</strong></span> <span class='ocrx_word' id='word_1_154' title='bbox 930 2488 1010 2546; x_wconf 83' lang='lat' dir='ltr'><strong>bona</strong></span> <span class='ocrx_word' id='word_1_155' title='bbox 1041 2484 1098 2560; x_wconf 83' lang='lat' dir='ltr'><strong>est,</strong></span> <span class='ocrx_word' id='word_1_156' title='bbox 1130 2500 1252 2546; x_wconf 84' lang='lat' dir='ltr'><strong>eatenus</strong></span> 
     </span>
     <span class='ocr_line' id='line_1_20' title="bbox 70 2595 1251 2677; baseline 0.001 -21"><span class='ocrx_word' id='word_1_157' title='bbox 70 2615 135 2656; x_wconf 87' lang='lat' dir='ltr'><strong>cum</strong></span> <span class='ocrx_word' id='word_1_158' title='bbox 163 2595 293 2659; x_wconf 81' lang='lat' dir='ltr'>Ratione</span> <span class='ocrx_word' id='word_1_159' title='bbox 321 2595 465 2660; x_wconf 86' lang='lat' dir='ltr'><strong>convenit</strong></span> <span class='ocrx_word' id='word_1_160' title='bbox 493 2596 637 2676; x_wconf 81' lang='lat' dir='ltr'><strong>(confistit</strong></span> <span class='ocrx_word' id='word_1_161' title='bbox 665 2597 794 2660; x_wconf 84' lang='lat' dir='ltr'><strong>enimin</strong></span> <span class='ocrx_word' id='word_1_162' title='bbox 816 2615 870 2676; x_wconf 88' lang='lat' dir='ltr'><strong>eo,</strong></span> <span class='ocrx_word' id='word_1_163' title='bbox 898 2599 980 2675; x_wconf 90' lang='lat' dir='ltr'><strong>quod</strong></span> <span class='ocrx_word' id='word_1_164' title='bbox 1000 2596 1127 2659; x_wconf 85' lang='lat' dir='ltr'><strong>hominis</strong></span> <span class='ocrx_word' id='word_1_165' title='bbox 1148 2596 1251 2677; x_wconf 83' lang='lat' dir='ltr'><strong>agendi</strong></span> 
     </span>
     <span class='ocr_line' id='line_1_21' title="bbox 72 2707 1252 2789; baseline 0 -19"><span class='ocrx_word' id='word_1_166' title='bbox 72 2707 205 2784; x_wconf 83' lang='lat' dir='ltr'><strong>potentia</strong></span> <span class='ocrx_word' id='word_1_167' title='bbox 233 2723 357 2788; x_wconf 80' lang='lat' dir='ltr'><strong>augetur</strong></span> <span class='ocrx_word' id='word_1_168' title='bbox 377 2710 426 2772; x_wconf 88' lang='lat' dir='ltr'><strong>vel</strong></span> <span class='ocrx_word' id='word_1_169' title='bbox 442 2708 596 2789; x_wconf 85' lang='lat' dir='ltr'><strong>juvatur);</strong></span> <span class='ocrx_word' id='word_1_170' title='bbox 625 2727 679 2770; x_wconf 85' lang='lat' dir='ltr'><strong>nec</strong></span> <span class='ocrx_word' id='word_1_171' title='bbox 700 2709 789 2785; x_wconf 78' lang='lat' dir='ltr'><strong>padio</strong></span> <span class='ocrx_word' id='word_1_172' title='bbox 810 2709 869 2785; x_wconf 82' lang='lat' dir='ltr'><strong>est,</strong></span> <span class='ocrx_word' id='word_1_173' title='bbox 889 2708 940 2771; x_wconf 82' lang='lat' dir='ltr'><strong>nist</strong></span> <span class='ocrx_word' id='word_1_174' title='bbox 960 2725 1107 2787; x_wconf 84' lang='lat' dir='ltr'><strong>quatenus</strong></span> <span class='ocrx_word' id='word_1_175' title='bbox 1125 2707 1252 2772; x_wconf 83' lang='lat' dir='ltr'><strong>hominis</strong></span> 
     </span>
     <span class='ocr_line' id='line_1_22' title="bbox 72 2819 1251 2902; baseline 0 -20"><span class='ocrx_word' id='word_1_176' title='bbox 72 2819 174 2901; x_wconf 80' lang='lat' dir='ltr'><strong>agendi</strong></span> <span class='ocrx_word' id='word_1_177' title='bbox 194 2820 331 2898; x_wconf 84' lang='lat' dir='ltr'><strong>potentia</strong></span> <span class='ocrx_word' id='word_1_178' title='bbox 351 2839 412 2884; x_wconf 83' lang='lat' dir='ltr'><strong>nou</strong></span> <span class='ocrx_word' id='word_1_179' title='bbox 440 2840 478 2885; x_wconf 87' lang='lat' dir='ltr'><strong>eo</strong></span> <span class='ocrx_word' id='word_1_180' title='bbox 503 2821 594 2900; x_wconf 84' lang='lat' dir='ltr'><strong>usque</strong></span> <span class='ocrx_word' id='word_1_181' title='bbox 616 2837 756 2902; x_wconf 81' lang='lat' dir='ltr'><strong>augetur,</strong></span> <span class='ocrx_word' id='word_1_182' title='bbox 776 2838 811 2883; x_wconf 90' lang='lat' dir='ltr'><strong>ut</strong></span> <span class='ocrx_word' id='word_1_183' title='bbox 832 2821 861 2883; x_wconf 89' lang='lat' dir='ltr'><strong>se</strong></span> <span class='ocrx_word' id='word_1_184' title='bbox 882 2821 1004 2900; x_wconf 85' lang='lat' dir='ltr'><strong>suasque</strong></span> <span class='ocrx_word' id='word_1_185' title='bbox 1025 2821 1154 2886; x_wconf 69' lang='lat' dir='ltr'><strong>artiones</strong></span> <span class='ocrx_word' id='word_1_186' title='bbox 1175 2824 1251 2883; x_wconf 79' lang='lat' dir='ltr'><strong>ade-</strong></span> 
     </span>
     <span class='ocr_line' id='line_1_23' title="bbox 73 2931 1252 3015; baseline -0.002 -21"><span class='ocrx_word' id='word_1_187' title='bbox 73 2947 158 3009; x_wconf 85' lang='lat' dir='ltr'><strong>quare</strong></span> <span class='ocrx_word' id='word_1_188' title='bbox 180 2931 329 3010; x_wconf 83' lang='lat' dir='ltr'>concipiat</span> <span class='ocrx_word' id='word_1_189' title='bbox 352 2933 423 3014; x_wconf 82' lang='lat' dir='ltr'><strong>(per</strong></span> <span class='ocrx_word' id='word_1_190' title='bbox 442 2934 532 3014; x_wconf 81' lang='lat' dir='ltr'><strong>Prop.</strong></span> <span class='ocrx_word' id='word_1_191' title='bbox 554 2951 582 3013; x_wconf 81' lang='lat'><strong>3.</strong></span> <span class='ocrx_word' id='word_1_192' title='bbox 599 2947 632 3014; x_wconf 80' lang='lat' dir='ltr'><strong>p.</strong></span> <span class='ocrx_word' id='word_1_193' title='bbox 653 2951 681 3011; x_wconf 82' lang='lat'><strong>3.</strong></span> <span class='ocrx_word' id='word_1_194' title='bbox 701 2951 764 2994; x_wconf 85' lang='lat' dir='ltr'><strong>cum</strong></span> <span class='ocrx_word' id='word_1_195' title='bbox 783 2933 844 3010; x_wconf 81' lang='lat' dir='ltr'><strong>ejas</strong></span> <span class='ocrx_word' id='word_1_196' title='bbox 864 2931 981 3012; x_wconf 64' lang='lat' dir='ltr'><strong>schoa).</strong></span> <span class='ocrx_word' id='word_1_197' title='bbox 1000 2934 1099 3015; x_wconf 80' lang='lat' dir='ltr'><strong>Quare</strong></span> <span class='ocrx_word' id='word_1_198' title='bbox 1119 2931 1140 2994; x_wconf 79' lang='lat' dir='ltr'><strong>st</strong></span> <span class='ocrx_word' id='word_1_199' title='bbox 1160 2931 1252 2994; x_wconf 89' lang='lat' dir='ltr'><strong>homo</strong></span> 
     </span>
     <span class='ocr_line' id='line_1_24' title="bbox 71 3021 1251 3120; baseline -0.001 -17"><span class='ocrx_word' id='word_1_200' title='bbox 71 3041 187 3104; x_wconf 78' lang='lat' dir='ltr'><strong>Laetitit</strong></span> <span class='ocrx_word' id='word_1_201' title='bbox 217 3041 339 3104; x_wconf 73' lang='lat' dir='ltr'><strong>aream</strong></span> <span class='ocrx_word' id='word_1_202' title='bbox 369 3044 407 3104; x_wconf 87' lang='lat' dir='ltr'><strong>ad</strong></span> <span class='ocrx_word' id='word_1_203' title='bbox 437 3057 548 3104; x_wconf 82' lang='lat' dir='ltr'><strong>tautam</strong></span> <span class='ocrx_word' id='word_1_204' title='bbox 579 3041 789 3119; x_wconf 76' lang='lat' dir='ltr'><strong>perfodionem</strong></span> <span class='ocrx_word' id='word_1_205' title='bbox 820 3021 992 3120; x_wconf 78' lang='lat' dir='ltr'><strong>duceretur,</strong></span> <span class='ocrx_word' id='word_1_206' title='bbox 1022 3057 1056 3105; x_wconf 89' lang='lat' dir='ltr'><strong>ut</strong></span> <span class='ocrx_word' id='word_1_207' title='bbox 1081 3039 1109 3103; x_wconf 88' lang='lat' dir='ltr'><strong>se</strong></span> <span class='ocrx_word' id='word_1_208' title='bbox 1130 3041 1251 3119; x_wconf 85' lang='lat' dir='ltr'><strong>suasque</strong></span> 
     </span>
     <span class='ocr_line' id='line_1_25' title="bbox 70 3152 1251 3232; baseline 0 -20"><span class='ocrx_word' id='word_1_209' title='bbox 70 3152 198 3214; x_wconf 71' lang='lat' dir='ltr'><strong>titiones</strong></span> <span class='ocrx_word' id='word_1_210' title='bbox 224 3154 377 3232; x_wconf 85' lang='lat' dir='ltr'><strong>adaequate</strong></span> <span class='ocrx_word' id='word_1_211' title='bbox 404 3152 591 3231; x_wconf 86' lang='lat' dir='ltr'><strong>conciperet,</strong></span> <span class='ocrx_word' id='word_1_212' title='bbox 619 3155 656 3216; x_wconf 89' lang='lat' dir='ltr'><strong>ad</strong></span> <span class='ocrx_word' id='word_1_213' title='bbox 685 3153 797 3216; x_wconf 85' lang='lat' dir='ltr'><strong>easdem</strong></span> <span class='ocrx_word' id='word_1_214' title='bbox 819 3153 965 3231; x_wconf 73' lang='lat' dir='ltr'><strong>adiones,</strong></span> <span class='ocrx_word' id='word_1_215' title='bbox 986 3155 1022 3215; x_wconf 86' lang='lat' dir='ltr'><strong>td</strong></span> <span class='ocrx_word' id='word_1_216' title='bbox 1042 3171 1115 3232; x_wconf 85' lang='lat' dir='ltr'><strong>quas</strong></span> <span class='ocrx_word' id='word_1_217' title='bbox 1132 3152 1193 3230; x_wconf 84' lang='lat' dir='ltr'><strong>jam</strong></span> <span class='ocrx_word' id='word_1_218' title='bbox 1213 3171 1251 3213; x_wconf 89' lang='lat' dir='ltr'><strong>ex</strong></span> 
     </span>
     <span class='ocr_line' id='line_1_26' title="bbox 68 3264 1250 3344; baseline 0.003 -20"><span class='ocrx_word' id='word_1_219' title='bbox 68 3265 236 3341; x_wconf 73' lang='lat' dir='ltr'><strong>affedibut,</strong></span> <span class='ocrx_word' id='word_1_220' title='bbox 256 3264 308 3342; x_wconf 91' lang='lat' dir='ltr'><strong>qui</strong></span> <span class='ocrx_word' id='word_1_221' title='bbox 330 3266 471 3342; x_wconf 85' lang='lat' dir='ltr'><strong>paffiones</strong></span> <span class='ocrx_word' id='word_1_222' title='bbox 493 3264 578 3343; x_wconf 85' lang='lat' dir='ltr'><strong>sunt,</strong></span> <span class='ocrx_word' id='word_1_223' title='bbox 603 3265 828 3344; x_wconf 83' lang='lat' dir='ltr'><strong>determinatur,</strong></span> <span class='ocrx_word' id='word_1_224' title='bbox 849 3281 952 3342; x_wconf 82' lang='lat' dir='ltr'><strong>aptus,</strong></span> <span class='ocrx_word' id='word_1_225' title='bbox 974 3265 1032 3327; x_wconf 89' lang='lat' dir='ltr'><strong>imo</strong></span> <span class='ocrx_word' id='word_1_226' title='bbox 1053 3265 1150 3344; x_wconf 86' lang='lat' dir='ltr'><strong>aptior</strong></span> <span class='ocrx_word' id='word_1_227' title='bbox 1170 3265 1250 3328; x_wconf 83' lang='lat' dir='ltr'><strong>effer.</strong></span> 
     </span>
     <span class='ocr_line' id='line_1_27' title="bbox 66 3377 1249 3456; baseline 0.002 -18"><span class='ocrx_word' id='word_1_228' title='bbox 66 3379 107 3438; x_wconf 82' lang='lat' dir='ltr'><strong>At</strong></span> <span class='ocrx_word' id='word_1_229' title='bbox 127 3396 230 3440; x_wconf 84' lang='lat' dir='ltr'><strong>omner</strong></span> <span class='ocrx_word' id='word_1_230' title='bbox 252 3377 373 3440; x_wconf 69' lang='lat' dir='ltr'><strong>affeiius</strong></span> <span class='ocrx_word' id='word_1_231' title='bbox 393 3381 431 3440; x_wconf 86' lang='lat' dir='ltr'><strong>ad</strong></span> <span class='ocrx_word' id='word_1_232' title='bbox 450 3377 615 3456; x_wconf 82' lang='lat' dir='ltr'><strong>Laetitiam,</strong></span> <span class='ocrx_word' id='word_1_233' title='bbox 634 3377 810 3456; x_wconf 87' lang='lat' dir='ltr'><strong>Tristitiam‚</strong></span> <span class='ocrx_word' id='word_1_234' title='bbox 830 3380 879 3442; x_wconf 89' lang='lat' dir='ltr'><strong>vel</strong></span> <span class='ocrx_word' id='word_1_235' title='bbox 898 3377 1099 3455; x_wconf 80' lang='lat' dir='ltr'><strong>Cupiditatem</strong></span> <span class='ocrx_word' id='word_1_236' title='bbox 1120 3379 1249 3442; x_wconf 85' lang='lat' dir='ltr'><strong>referun-</strong></span> 
     </span>
     <span class='ocr_line' id='line_1_28' title="bbox 66 3489 1248 3572; baseline 0.002 -22"><span class='ocrx_word' id='word_1_237' title='bbox 66 3508 112 3552; x_wconf 91' lang='lat' dir='ltr'><strong>tur</strong></span> <span class='ocrx_word' id='word_1_238' title='bbox 140 3490 224 3570; x_wconf 81' lang='lat' dir='ltr'><strong>(vide</strong></span> <span class='ocrx_word' id='word_1_239' title='bbox 253 3492 469 3571; x_wconf 76' lang='lat' dir='ltr'><strong>explicationem</strong></span> <span class='ocrx_word' id='word_1_240' title='bbox 500 3505 615 3570; x_wconf 75' lang='lat' dir='ltr'><strong>quarta</strong></span> <span class='ocrx_word' id='word_1_241' title='bbox 645 3489 708 3570; x_wconf 81' lang='lat' dir='ltr'><strong>Aff.</strong></span> <span class='ocrx_word' id='word_1_242' title='bbox 735 3491 864 3572; x_wconf 62' lang='lat' dir='ltr'><strong>Derim),</strong></span> <span class='ocrx_word' id='word_1_243' title='bbox 891 3507 921 3552; x_wconf 89' lang='lat' dir='ltr'><strong>et</strong></span> <span class='ocrx_word' id='word_1_244' title='bbox 949 3490 1106 3568; x_wconf 87' lang='lat' dir='ltr'><strong>Cupiditas</strong></span> <span class='ocrx_word' id='word_1_245' title='bbox 1128 3491 1199 3572; x_wconf 83' lang='lat' dir='ltr'><strong>(per</strong></span> <span class='ocrx_word' id='word_1_246' title='bbox 1223 3509 1248 3552; x_wconf 91' lang='grc' dir='ltr'><strong>ι.</strong></span> 
     </span>
     <span class='ocr_line' id='line_1_29' title="bbox 69 3599 1249 3682; baseline 0.001 -21"><span class='ocrx_word' id='word_1_247' title='bbox 69 3599 168 3678; x_wconf 73' lang='lat' dir='ltr'><strong>Affeii.</strong></span> <span class='ocrx_word' id='word_1_248' title='bbox 195 3601 306 3682; x_wconf 77' lang='lat' dir='ltr'><strong>Defin.)</strong></span> <span class='ocrx_word' id='word_1_249' title='bbox 333 3600 407 3662; x_wconf 88' lang='lat' dir='ltr'><strong>nihil</strong></span> <span class='ocrx_word' id='word_1_250' title='bbox 434 3601 512 3665; x_wconf 88' lang='lat' dir='ltr'><strong>aliud</strong></span> <span class='ocrx_word' id='word_1_251' title='bbox 541 3603 599 3680; x_wconf 87' lang='lat' dir='ltr'><strong>est,</strong></span> <span class='ocrx_word' id='word_1_252' title='bbox 627 3621 713 3680; x_wconf 87' lang='lat' dir='ltr'><strong>quam</strong></span> <span class='ocrx_word' id='word_1_253' title='bbox 741 3602 802 3679; x_wconf 84' lang='lat' dir='ltr'><strong>ipse</strong></span> <span class='ocrx_word' id='word_1_254' title='bbox 830 3601 934 3682; x_wconf 82' lang='lat' dir='ltr'><strong>agendi</strong></span> <span class='ocrx_word' id='word_1_255' title='bbox 962 3619 1102 3678; x_wconf 78' lang='lat' dir='ltr'><strong>conatus3</strong></span> <span class='ocrx_word' id='word_1_256' title='bbox 1124 3621 1192 3681; x_wconf 82' lang='lat' dir='ltr'><strong>ergo</strong></span> <span class='ocrx_word' id='word_1_257' title='bbox 1213 3603 1249 3663; x_wconf 89' lang='lat' dir='ltr'><strong>ad</strong></span> 
     </span>
     <span class='ocr_line' id='line_1_30' title="bbox 70 3711 1251 3793; baseline 0.003 -20"><span class='ocrx_word' id='word_1_258' title='bbox 70 3731 168 3774; x_wconf 77' lang='lat' dir='ltr'><strong>omnes</strong></span> <span class='ocrx_word' id='word_1_259' title='bbox 195 3711 342 3790; x_wconf 65' lang='lat' dir='ltr'><strong>atrones,</strong></span> <span class='ocrx_word' id='word_1_260' title='bbox 370 3716 408 3775; x_wconf 86' lang='lat' dir='ltr'><strong>ad</strong></span> <span class='ocrx_word' id='word_1_261' title='bbox 436 3733 510 3791; x_wconf 86' lang='lat' dir='ltr'><strong>quas</strong></span> <span class='ocrx_word' id='word_1_262' title='bbox 537 3733 575 3776; x_wconf 82' lang='lat' dir='ltr'><strong>ex</strong></span> <span class='ocrx_word' id='word_1_263' title='bbox 603 3715 726 3793; x_wconf 74' lang='lat' dir='ltr'><strong>affedu,</strong></span> <span class='ocrx_word' id='word_1_264' title='bbox 754 3713 806 3792; x_wconf 91' lang='lat' dir='ltr'><strong>qui</strong></span> <span class='ocrx_word' id='word_1_265' title='bbox 825 3715 914 3792; x_wconf 85' lang='lat' dir='ltr'><strong>paffio</strong></span> <span class='ocrx_word' id='word_1_266' title='bbox 935 3713 991 3792; x_wconf 87' lang='lat' dir='ltr'><strong>est,</strong></span> <span class='ocrx_word' id='word_1_267' title='bbox 1013 3712 1251 3791; x_wconf 87' lang='lat' dir='ltr'><strong>determinamur,</strong></span> 
     </span>
     <span class='ocr_line' id='line_1_31' title="bbox 70 3823 935 3904; baseline 0.003 -18"><span class='ocrx_word' id='word_1_268' title='bbox 70 3823 217 3902; x_wconf 77' lang='lat' dir='ltr'><strong>poiiumue</strong></span> <span class='ocrx_word' id='word_1_269' title='bbox 238 3824 346 3903; x_wconf 85' lang='lat' dir='ltr'><strong>absque</strong></span> <span class='ocrx_word' id='word_1_270' title='bbox 368 3843 405 3887; x_wconf 85' lang='lat' dir='ltr'><strong>eo</strong></span> <span class='ocrx_word' id='word_1_271' title='bbox 427 3826 488 3887; x_wconf 82' lang='lat' dir='ltr'><strong>sola</strong></span> <span class='ocrx_word' id='word_1_272' title='bbox 509 3825 640 3888; x_wconf 81' lang='lat' dir='ltr'><strong>Ratione</strong></span> <span class='ocrx_word' id='word_1_273' title='bbox 661 3827 740 3890; x_wconf 90' lang='lat' dir='ltr'><strong>duci.</strong></span> <span class='ocrx_word' id='word_1_274' title='bbox 782 3827 816 3904; x_wconf 80' lang='lat' dir='ltr'><strong>Q.</strong></span> <span class='ocrx_word' id='word_1_275' title='bbox 838 3827 875 3888; x_wconf 85' lang='lat' dir='ltr'><strong>E.</strong></span> <span class='ocrx_word' id='word_1_276' title='bbox 894 3828 935 3889; x_wconf 88' lang='lat' dir='ltr'><strong>D.</strong></span> 
     </span>
    </p>
   </div>
   <div class='ocr_carea' id='block_1_5' title="bbox 70 3985 1251 4404">
    <p class='ocr_par' dir='ltr' id='par_1_6' title="bbox 70 3985 1251 4404">
     <span class='ocr_line' id='line_1_32' title="bbox 584 3985 741 4048; baseline 0.006 -2"><span class='ocrx_word' id='word_1_277' title='bbox 584 3985 741 4048; x_wconf 81' lang='lat' dir='ltr'><strong>Aliter.</strong></span> 
     </span>
     <span class='ocr_line' id='line_1_33' title="bbox 86 4078 1251 4176; baseline 0.002 -15"><span class='ocrx_word' id='word_1_278' title='bbox 86 4078 197 4161; x_wconf 80' lang='lat' dir='ltr'><strong>&#39;Attio</strong></span> <span class='ocrx_word' id='word_1_279' title='bbox 227 4115 412 4176; x_wconf 74' lang='lat' dir='ltr'><strong>quecunque</strong></span> <span class='ocrx_word' id='word_1_280' title='bbox 442 4111 565 4159; x_wconf 71' lang='lat' dir='ltr'><strong>eatenus</strong></span> <span class='ocrx_word' id='word_1_281' title='bbox 595 4097 704 4160; x_wconf 84' lang='lat' dir='ltr'><strong>dieitur</strong></span> <span class='ocrx_word' id='word_1_282' title='bbox 733 4098 825 4174; x_wconf 86' lang='lat' dir='ltr'><strong>mala,</strong></span> <span class='ocrx_word' id='word_1_283' title='bbox 851 4113 997 4176; x_wconf 83' lang='lat' dir='ltr'><strong>quatenus</strong></span> <span class='ocrx_word' id='word_1_284' title='bbox 1024 4117 1061 4160; x_wconf 81' lang='lat' dir='ltr'><strong>ex</strong></span> <span class='ocrx_word' id='word_1_285' title='bbox 1082 4116 1119 4160; x_wconf 92' lang='lat' dir='ltr'><strong>eo</strong></span> <span class='ocrx_word' id='word_1_286' title='bbox 1141 4099 1251 4176; x_wconf 87' lang='lat' dir='ltr'><strong>oritur,</strong></span> 
     </span>
     <span class='ocr_line' id='line_1_34' title="bbox 70 4208 1247 4290; baseline -0.001 -17"><span class='ocrx_word' id='word_1_287' title='bbox 70 4213 149 4289; x_wconf 87' lang='lat' dir='ltr'><strong>quod</strong></span> <span class='ocrx_word' id='word_1_288' title='bbox 175 4208 257 4272; x_wconf 90' lang='lat' dir='ltr'><strong>Odio</strong></span> <span class='ocrx_word' id='word_1_289' title='bbox 283 4224 336 4271; x_wconf 87' lang='lat' dir='ltr'><strong>aut</strong></span> <span class='ocrx_word' id='word_1_290' title='bbox 361 4208 463 4289; x_wconf 78' lang='lat' dir='ltr'><strong>aliquo</strong></span> <span class='ocrx_word' id='word_1_291' title='bbox 489 4211 566 4271; x_wconf 90' lang='lat' dir='ltr'><strong>malo</strong></span> <span class='ocrx_word' id='word_1_292' title='bbox 595 4209 702 4272; x_wconf 74' lang='lat' dir='ltr'><strong>odedu</strong></span> <span class='ocrx_word' id='word_1_293' title='bbox 727 4209 825 4272; x_wconf 73' lang='lat' dir='ltr'><strong>affeiii</strong></span> <span class='ocrx_word' id='word_1_294' title='bbox 852 4209 949 4272; x_wconf 86' lang='lat' dir='ltr'><strong>sumus</strong></span> <span class='ocrx_word' id='word_1_295' title='bbox 975 4209 1055 4290; x_wconf 77' lang='lat' dir='ltr'><strong>(vide</strong></span> <span class='ocrx_word' id='word_1_296' title='bbox 1087 4211 1191 4272; x_wconf 81' lang='lat' dir='ltr'><strong>Coroll.</strong></span> <span class='ocrx_word' id='word_1_297' title='bbox 1222 4227 1247 4272; x_wconf 90' lang='lat' dir='ltr'><strong>r.</strong></span> 
     </span>
     <span class='ocr_line' id='line_1_35' title="bbox 70 4318 1249 4404; baseline -0.001 -19"><span class='ocrx_word' id='word_1_298' title='bbox 70 4325 157 4404; x_wconf 78' lang='lat' dir='ltr'><strong>Prop.</strong></span> <span class='ocrx_word' id='word_1_299' title='bbox 175 4333 227 4402; x_wconf 77' lang='lat'><strong>45.</strong></span> <span class='ocrx_word' id='word_1_300' title='bbox 247 4318 358 4402; x_wconf 68' lang='lat' dir='ltr'><strong>iujo).</strong></span> <span class='ocrx_word' id='word_1_301' title='bbox 397 4322 441 4383; x_wconf 83' lang='lat' dir='ltr'><strong>At</strong></span> <span class='ocrx_word' id='word_1_302' title='bbox 467 4323 547 4385; x_wconf 80' lang='lat' dir='ltr'><strong>nulla</strong></span> <span class='ocrx_word' id='word_1_303' title='bbox 574 4320 668 4400; x_wconf 76' lang='lat' dir='ltr'><strong>attio,</strong></span> <span class='ocrx_word' id='word_1_304' title='bbox 696 4320 727 4385; x_wconf 88' lang='lat' dir='ltr'><strong>in</strong></span> <span class='ocrx_word' id='word_1_305' title='bbox 752 4320 781 4382; x_wconf 90' lang='lat' dir='ltr'><strong>se</strong></span> <span class='ocrx_word' id='word_1_306' title='bbox 802 4320 863 4385; x_wconf 73' lang='lat' dir='ltr'>soli</span> <span class='ocrx_word' id='word_1_307' title='bbox 882 4321 1078 4400; x_wconf 74' lang='lat' dir='ltr'><strong>confiderem,</strong></span> <span class='ocrx_word' id='word_1_308' title='bbox 1097 4325 1176 4386; x_wconf 84' lang='lat' dir='ltr'><strong>bona</strong></span> <span class='ocrx_word' id='word_1_309' title='bbox 1197 4337 1249 4385; x_wconf 87' lang='lat' dir='ltr'><strong>aut</strong></span> 
     </span>
    </p>
   </div>
   <div class='ocr_carea' id='block_1_6' title="bbox 0 0 1476 4900">
    <p class='ocr_par' dir='ltr' id='par_1_7' title="bbox 0 0 1476 4900">
     <span class='ocr_line' id='line_1_36' title="bbox 0 0 1476 4900; baseline 0 0"><span class='ocrx_word' id='word_1_310' title='bbox 0 0 1476 4900; x_wconf 95' lang='lat' dir='ltr'><strong> </strong></span> 
     </span>
    </p>
   </div>
  </div>
 </body>
</html>
