2934 4900
483 348 539 408 De
579 343 847 407 Affectibut.
1202 345 1257 418 165

444 521 772 587 PROPOSITIO
812 520 890 581 LIII.

111 640 187 699 Cura
217 640 305 699 Mens
328 638 365 715 se
394 638 508 717 ipsam,
539 636 683 712 suamque
716 634 824 709 agendi
849 634 1008 713 potentiam
1037 632 1260 711 contemplatur,

70 752 214 824 iatam,-
243 764 271 811 et
300 770 330 810 eo
360 754 471 826 magis,
501 767 555 826 quo
575 750 613 825 se
633 748 777 824 suamque
801 746 908 821 agendi
922 745 1081 825 potentiam
1100 744 1260 822 destiniiius

69 868 265 939 imaginatur.

478 987 872 1035 nuuouaannrro

111 1090 217 1150 Homo
243 1086 273 1148 se
300 1088 394 1165 ipsum
420 1105 482 1149 non
509 1084 679 1165 cognoscit,
706 1083 758 1145 nist
786 1102 838 1160 per
861 1083 1034 1145 affectiones
1054 1082 1099 1145 sui
1118 1082 1261 1160 Corporis

72 1218 233 1277 earumque
253 1200 334 1261 ideas
355 1200 430 1279 (per
449 1200 538 1277 Prop.
563 1215 608 1274 19.
629 1210 658 1257 et
678 1213 726 1273 23.
743 1209 775 1274 p.
787 1195 841 1274 m).
861 1195 937 1257 Cum
957 1212 1027 1273 ergo
1048 1195 1099 1270 tit,
1118 1208 1152 1255 ut
1172 1196 1261 1255 Mena

71 1311 101 1371 se
122 1309 215 1387 ipsam
236 1312 321 1387 posit
342 1310 550 1385 contemplari,
568 1327 605 1369 eo
623 1307 688 1385 ipso
707 1310 745 1369 ad
763 1306 901 1385 majorem
912 1306 1119 1382 perfectionem
1129 1304 1262 1381 transire,

71 1422 132 1483 hoc
154 1422 196 1481 esi
223 1422 299 1502 (per
318 1420 409 1481 Sestos.
429 1422 520 1501 Prop.
546 1438 591 1481 11.
612 1418 732 1500 nujus),
759 1419 878 1482 Laetitia
918 1418 996 1481 affici
1015 1418 1210 1497 supponitur,
1230 1434 1261 1481 et

72 1552 110 1595 eo
144 1532 265 1609 maiori,
295 1551 357 1609 quo
387 1531 417 1593 se
447 1532 586 1610 suamque
613 1531 719 1611 agendi
748 1532 911 1609 potentiam
933 1531 1094 1595 distinctius
1114 1530 1262 1612 imaginari

73 1645 184 1722 potesi.
227 1646 261 1723 Q.
281 1646 319 1707 Ε.
339 1646 380 1706 D.

492 1776 853 1821 conouunaruu.

115 1870 190 1930 Haec
210 1869 332 1932 Laetitia
352 1870 443 1949 magia
462 1869 610 1949 magisque
630 1872 766 1946 sovettu,
788 1889 849 1947 quo
870 1871 960 1951 magia
979 1870 1070 1933 homo
1091 1870 1121 1932 se
1141 1873 1178 1933 ab
1199 1870 1262 1933 aliis

72 1981 187 2043 laudari
216 1981 398 2061 imaginatur.
438 1984 515 2043 Nam
542 2000 603 2059 quo
632 1984 723 2063 magia
743 1981 771 2043 se
793 1984 830 2043 ab
851 1983 914 2044 aliis
942 1984 1052 2045 laudari
1072 1982 1262 2063 imaginatur,

74 2112 113 2155 eo
137 2092 241 2170 majori
261 2093 381 2159 Latitia
401 2094 475 2155 alios
495 2096 531 2154 ab
553 2092 618 2170 ipso
638 2093 716 2157 affici
737 2094 924 2174 imaginatur,
942 2095 1031 2173 idque
1042 2095 1262 2157 concomitante

74 2207 144 2265 idea
175 2204 221 2265 sui
253 2203 326 2284 (per
345 2202 436 2267 Sahal.
457 2207 545 2285 Prop.
566 2223 615 2283 29.
636 2204 755 2287 iujus);
787 2222 876 2284 atque
903 2208 978 2269 adeo
1010 2206 1083 2287 (per
1102 2208 1191 2286 Prop.
1213 2222 1261 2283 27.

74 2318 180 2397 hujus)
201 2316 263 2395 ipse
283 2317 392 2394 maJ'ote
412 2318 532 2381 Laetitia
553 2320 771 2382 concomitante
793 2320 858 2381 idea
879 2318 923 2383 sui
943 2318 1078 2383 afficitur.
1107 2321 1140 2398 Q.
1163 2322 1200 2381 E.
1222 2321 1261 2383 D.

447 2495 775 2558 PROPOSITIO
815 2498 897 2558 LIV.

115 2607 207 2666 Mens
236 2625 270 2665 ea
299 2619 412 2665 tantum
441 2611 604 2682 imaginari
632 2623 763 2684 conatur,
794 2627 856 2687 qua
875 2609 963 2690 ipstus
981 2612 1088 2686 agendi
1103 2613 1263 2689 potentiam

130 2731 195 2775 unt.

70 2731 131 2796 pon
474 2815 868 2864 DEMOMTRATIO.

114 2911 233 2972 Mentie
258 2925 383 2972 conatus
409 2911 470 2974 five
497 2912 635 2988 potentia
662 2912 702 2973 esi
723 2911 784 2989 ipsa
805 2913 895 2990 ipsruo
915 2913 1028 2974 Mentis
1051 2912 1168 2976 essentia
1190 2914 1263 2993 (per

74 3026 166 3104 Prop.
179 3039 207 3100 7.
228 3022 345 3103 hasco:
365 3024 479 3086 Mentis
498 3040 596 3087 autern
618 3025 738 3087 essentia
760 3025 808 3106 (ιιι
823 3040 879 3106 per
893 3029 929 3104 se
950 3027 1058 3107 notum)
1080 3027 1110 3088 id
1132 3042 1263 3104 tantum,

73 3139 161 3214 quod
181 3137 331 3198 Menses
351 3152 381 3198 et
401 3137 515 3215 potest,
544 3135 683 3215 affirmat3
710 3153 741 3199 at
763 3155 823 3198 non
844 3138 891 3215 id,
919 3141 1001 3216 quod
1023 3156 1083 3200 non
1104 3138 1146 3199 est
1166 3155 1263 3215 neque

74 3250 194 3325 potest3
225 3251 359 3327 adeoque
379 3251 411 3311 id
431 3266 546 3312 tantum
576 3249 724 3329 imaginari
756 3264 895 3325 conatur,
927 3250 1008 3327 quod
1040 3247 1127 3326 ipsius
1159 3249 1264 3328 agendi

74 3361 245 3438 potentiam
266 3361 388 3422 affirmat
408 3361 468 3424 five
488 3361 586 3438 ponit.
629 3362 662 3438 Q.
683 3363 720 3422 E.
741 3363 782 3423 D.

458 3529 786 3593 PROPOSITIO
827 3531 892 3592 LV.

118 3643 192 3702 Cum
212 3643 300 3703 Mens
313 3643 403 3720 suam
420 3646 617 3724 intpotentiam
635 3647 828 3720 imagc'natar,
849 3663 877 3704 eo
896 3644 958 3723 ipso
979 3643 1175 3721 coonustatur.

478 3803 871 3851 ucuouarnanro

115 3899 233 3962 Mentis
252 3899 371 3961 essentia
390 3901 422 3961 id
442 3916 574 3974 tantum,
594 3901 676 3976 quod
697 3901 785 3962 Mens
805 3899 846 3960 est
866 3914 897 3961 et
918 3899 1030 3976 potest,
1052 3898 1188 3976 affirmat,
1206 3899 1265 3962 save

76 4014 112 4073 de
135 4025 241 4074 natura
262 4010 375 4074 Mentis
395 4011 455 4082 est,
483 4030 517 4072 ea
546 4017 752 4075 tantummodo
773 4012 942 4092 imaginari,
963 4031 1029 4088 quae
1051 4011 1139 4088 ipsrua
1161 4013 1265 4092 agendi

46 4190 50 4198 ,
74 4124 245 4201 potentiam
272 4140 389 4200 ponunt
416 4125 490 4204 (per
510 4126 598 4204 Prop.
615 4125 765 4205 prauam).
806 4123 881 4186 Cum
902 4125 1002 4202 itaque
1023 4123 1164 4200 dicimus,
1184 4126 1266 4201 quod

74 4239 187 4314 Mena,
214 4239 283 4298 dum
310 4237 340 4296 se
367 4237 459 4314 ipsam
486 4239 719 4314 contemplatur,
747 4238 826 4298 suam
853 4237 1027 4317 imaginatur
1045 4237 1265 4314 impotentiam,

74 4349 151 4411 nihil
180 4349 260 4410 aliud
288 4348 429 4425 dicimus,
449 4367 536 4426 quam
558 4351 655 4428 quod,
677 4351 746 4412 dum
767 4349 855 4412 Mena
875 4349 986 4428 aliquid
1006 4347 1155 4428 imaginari
1175 4367 1265 4413 cona·
