2934 4900
207 351 267 418 474
685 343 925 403 Tractatus

206 514 272 574 libri
293 517 439 578 fomunam
466 535 562 594 neque
590 517 685 580 varias
706 517 770 594 cJus
791 517 950 594 lediones,
969 536 1023 578 nec
1045 521 1214 595 quomodo,
1236 536 1292 578 nec
1314 517 1399 579 deni·

208 645 265 704 que
288 647 411 704 quorum
433 627 560 690 concilio
582 645 721 704 acceptus
742 629 841 692 suerit.
861 629 901 690 Et
923 631 1004 706 quod
1024 629 1072 690 hic
1094 632 1130 690 de
1150 629 1291 704 Euclide,
1309 629 1343 690 id
1363 633 1400 689 de

208 737 361 812 omnibus,
381 739 432 815 qui
453 741 489 800 de
509 741 596 801 rebus
617 740 667 800 sua
688 756 792 801 natura
812 740 1054 818 perceptibilibus
1075 740 1270 818 scripserunt,
1292 741 1400 801 dicen-

207 851 292 925 dum;
314 852 447 928 adeoque
468 851 687 928 concludimus,
716 870 773 912 nos
794 867 919 912 mentem
941 852 1097 928 Scripturae
1119 852 1196 913 circa
1216 854 1401 912 documenta

208 961 327 1022 moralia
355 979 392 1022 err
420 961 508 1039 ipsius
515 1009 524 1040 ,
554 983 640 1040 quam
667 964 774 1024 habere
793 963 960 1040 possumus,
979 963 1099 1025 historia
1118 964 1206 1024 facile
1223 963 1307 1040 posse
1328 963 1400 1023 alle·

208 1071 276 1150 qui,
303 1090 332 1133 et
354 1075 390 1134 de
421 1092 493 1136 vero
522 1075 586 1152 ejus
616 1076 699 1137 sensu
727 1075 785 1136 esse
806 1091 914 1137 certos.
955 1078 1040 1137 Verae
1062 1076 1138 1136 enim
1159 1075 1281 1151 pietatis
1304 1078 1400 1135 docu-

208 1201 304 1245 menta
341 1186 440 1248 verbis
477 1187 660 1249 usitatisilmis
700 1189 919 1263 exprimuntur,
958 1189 1198 1266 quandoquidem
1237 1190 1401 1249 admodum

207 1297 388 1373 communia,
419 1317 472 1360 nec
504 1299 600 1361 minus
632 1299 771 1376 simplicia
801 1317 833 1362 et
863 1301 1014 1363 intellesiu
1039 1301 1137 1362 facilia
1168 1299 1253 1376 sunt3
1274 1317 1308 1360 et
1330 1301 1401 1377 quia

207 1426 275 1472 vera
303 1409 377 1470 saltu
399 1426 429 1471 et
450 1411 606 1473 beatitudo
628 1413 658 1472 in
680 1430 748 1474 vera
770 1413 857 1473 animi
885 1411 1098 1489 acquiescentia
1119 1411 1265 1486 consistit,
1287 1427 1320 1472 et
1341 1431 1401 1472 nos

208 1519 237 1580 in
269 1519 305 1581 iis
335 1536 450 1583 tantum
482 1541 550 1586 vere
583 1523 810 1601 acquiescimus,
841 1543 907 1601 quae
936 1523 1080 1585 clarissime
1101 1521 1307 1602 intelligimus,
1329 1523 1400 1582 binc

207 1633 415 1696 evidentiffime
444 1633 591 1712 sequitur,
622 1655 677 1697 nos
705 1652 832 1697 mentem
860 1636 1016 1712 Scriptura
1044 1635 1119 1695 circa
1140 1653 1186 1695 res
1207 1634 1347 1694 salutares
1369 1649 1401 1692 et

207 1749 243 1808 ad
274 1747 486 1809 beatitudinem
518 1747 687 1810 necessarias
715 1765 798 1810 certo
827 1747 906 1824 posse
927 1747 1051 1825 assequi;
1074 1765 1162 1824 quare
1184 1766 1244 1808 non
1265 1747 1325 1820 est,
1346 1765 1402 1806 cur

207 1862 243 1920 de
270 1859 388 1936 reliquis
416 1859 502 1921 fimus
530 1862 604 1922 adeo
634 1861 772 1922 solliciti:
794 1861 905 1938 reliqua
927 1861 1020 1936 enim,
1042 1859 1283 1937 quandoquidem
1307 1878 1342 1918 ea
1365 1874 1400 1919 ut

205 1971 359 2047 plurimum
380 1971 511 2033 Ratione
532 1989 561 2034 et
582 1972 731 2035 intellestu
753 1973 908 2050 complesti
926 1991 987 2034 non
1010 1971 1174 2049 possumus,
1192 1974 1258 2048 plus
1275 1970 1399 2032 curiost-

207 2084 278 2144 tatis
300 2102 386 2160 quam
408 2084 546 2145 utilitatis
567 2086 686 2146 habent.

247 2193 302 2254 His
334 2194 466 2255 existimo
494 2215 538 2256 me
559 2215 655 2258 veram
676 2196 847 2257 methodum
868 2197 1044 2274 scripturam
1065 2197 1276 2272 interpretandi
1297 2197 1398 2256 osten-

207 2304 291 2380 dille,
320 2324 469 2383 meamque
497 2309 534 2368 de
563 2309 663 2368 eadem
684 2307 856 2369 sententiam
878 2308 948 2369 satis
968 2307 1133 2384 explicasse.
1167 2309 1309 2368 Praeterea
1333 2327 1397 2368 non

206 2415 328 2494 dubito,
367 2417 438 2494 quin
476 2417 675 2497 unusquisque
711 2419 771 2497 jam
810 2419 931 2497 videat,
964 2420 1039 2481 hanc
1073 2419 1245 2481 methodum
1281 2421 1397 2481 nttllum

206 2530 318 2589 Lumen
350 2546 454 2605 praeter
484 2530 578 2607 ipsum
606 2534 748 2593 Naturale
768 2533 894 2611 erigere.
935 2532 1033 2609 Hujus
1055 2532 1131 2592 enim
1152 2531 1270 2593 luminis
1290 2549 1397 2593 natura

205 2658 236 2703 ct
256 2642 350 2705 virtus
378 2642 408 2703 iu
435 2644 492 2705 hoc
521 2644 694 2720 potiisrmum
724 2645 871 2721 consistit,
892 2648 974 2722 quod
995 2664 1040 2706 res
1061 2644 1171 2705 scilicet
1194 2645 1333 2706 obscuras
1355 2665 1395 2706 ex

206 2756 302 2831 notis,
323 2770 374 2817 aut
395 2771 532 2833 tanquam
554 2756 635 2818 notis
656 2758 749 2833 datis,
770 2758 908 2837 legitimis
926 2757 1144 2835 consequentiis
1164 2761 1290 2821 deducat
1303 2776 1396 2836 atque

206 2869 380 2943 concludat;
402 2888 456 2929 nec
477 2868 556 2930 aliud
577 2870 618 2930 est
640 2873 720 2947 quod
743 2871 806 2930 haec
827 2870 923 2931 nostra
943 2870 1100 2931 methodus
1120 2871 1231 2950 exigit:
1249 2887 1395 2948 etquam-

206 2982 252 3043 vis
283 2984 495 3058 concedamus,
526 2985 647 3044 eandem
680 3001 741 3043 non
773 2982 905 3045 sufficere
936 2985 974 3043 ad
1004 2983 1118 3058 omnia,
1145 3002 1212 3059 qua
1242 2982 1273 3042 in
1292 2982 1396 3043 Bibliis

207 3108 382 3169 occurrunt,
413 3108 494 3154 certo
527 3094 777 3173 investigandum,
807 3093 838 3155 id
870 3108 967 3154 tamen
999 3112 1060 3154 non
1091 3113 1127 3154 ex
1158 3094 1248 3169 ipsius
1277 3096 1396 3155 deseblu

207 3204 316 3280 oritur,
338 3204 385 3265 sed
407 3224 444 3265 ex
466 3224 520 3280 eo,
541 3208 622 3282 quod
645 3206 708 3282 via,
730 3225 816 3282 quam
837 3224 935 3267 veram
957 3221 987 3265 et
1008 3208 1113 3266 restam
1135 3203 1191 3264 esse
1201 3208 1291 3266 docet
1298 3224 1394 3281 ,nun-

207 3335 293 3392 quam
321 3316 408 3376 fucrit
437 3318 532 3392 culta,
560 3334 615 3376 nec
644 3318 679 3375 ab
707 3317 877 3378 hominibus
905 3317 994 3392 trita,
1019 3320 1153 3393 adeoque
1175 3316 1303 3377 succcllu
1322 3333 1394 3377 tem-

209 3428 291 3505 poris
313 3430 469 3489 admodum
491 3429 578 3488 ardua
600 3444 631 3488 et
650 3429 710 3489 fere
732 3428 813 3491 invia
834 3431 907 3490 sada
930 3430 1025 3505 srt3ut
1036 3448 1073 3489 ex
1085 3428 1152 3505 ipsis
1163 3429 1395 3505 difficultatibus

207 3559 280 3616 quas
301 3539 404 3615 retuli,
425 3539 569 3600 clarissime
591 3541 722 3601 constare
744 3557 831 3617 puto.

246 3652 382 3728 Superest
408 3652 484 3728 jam,
516 3650 741 3727 discrepantium
773 3674 790 3713 a
821 3654 907 3714 nobis
939 3654 1098 3715 sententias
1125 3654 1298 3715 examinare.
1319 3657 1391 3736 Quae

204 3762 252 3823 hic
284 3763 405 3838 primum
437 3762 627 3823 examinanda
660 3764 759 3840 venit,
790 3782 891 3825 eorum
913 3765 953 3824 est
975 3765 1137 3840 sententia,
1170 3766 1221 3841 qui
1243 3767 1391 3842 statuunt,

205 3875 319 3934 Lumen
340 3875 481 3935 Naturale
504 3892 564 3934 non
585 3874 692 3935 habere
713 3876 773 3937 vim
795 3878 832 3937 ad
852 3876 1031 3952 Scripturam
1058 3878 1324 3956 interpretandum,
1345 3881 1390 3941 sed

206 3989 243 4048 ad
263 3988 321 4048 hoc
342 3988 464 4048 maxime
486 3986 592 4064 requiri
613 3988 726 4048 Lumen
748 3989 990 4066 Supematurale;
1011 3989 1082 4066 quid
1104 4006 1201 4051 autem
1221 3993 1280 4052 hoc
1298 3995 1390 4054 lumen

206 4117 311 4176 praeter
343 4099 472 4160 naturale
504 4099 556 4174 sit,
587 4098 655 4175 iphs
686 4100 892 4177 explicandum
922 4101 1066 4180 relinquo.
1107 4103 1173 4183 Ego
1204 4104 1303 4165 saltem
1324 4108 1391 4166 nihil

206 4212 284 4272 aliud
306 4210 418 4286 possum
447 4210 609 4287 conjicere,
632 4230 717 4288 quam
740 4216 823 4289 quod
843 4213 896 4289 ipsr
918 4213 1136 4276 obscurioribus
1157 4216 1288 4277 terminis
1309 4218 1391 4277 etiam

205 4324 364 4390 voluerunt
394 4320 497 4396 fateri,
524 4321 553 4381 se
575 4325 610 4383 de
634 4342 705 4387 vero
727 4324 884 4404 Scripturae
906 4325 990 4387 sensu
1011 4342 1044 4387 ut
1066 4326 1219 4402 plurimum
1241 4326 1390 4403 dubitare;
