2934 4900
478 260 534 325 De
564 259 832 324 Affectibus.
1193 281 1249 343 179

501 454 809 500 exutrcarro

90 545 246 606 Caeterum
279 548 315 607 de
346 546 462 609 Invidia
492 548 561 610 vide
591 549 690 611 schol.
717 552 806 627 Prop.
828 568 875 631 24.
906 568 936 613 et
967 552 1065 613 Schol.
1088 552 1175 629 Prop.
1198 570 1245 629 32.

50 656 148 733 hujus.
192 659 301 735 Atque
330 658 362 719 hi
394 659 515 721 effecius
546 662 674 723 Laetitiae
700 680 730 723 ct
756 662 895 724 Tristitiae
916 662 1000 739 sunt,
1022 682 1098 740 quot
1119 665 1182 725 idea
1205 666 1246 726 rei

51 784 181 830 externae
204 772 368 832 comitatur
387 787 525 848 tanquam
554 773 638 834 causa
660 793 713 850 per
732 775 761 835 sc
784 775 831 836 vel
853 792 903 851 per
924 775 1069 837 accidens.
1111 776 1188 837 Hinc
1211 778 1247 837 ad

53 882 126 942 alios
147 884 286 960 transeo,
307 904 384 961 quos
405 884 469 947 idea
490 885 531 946 rei
552 884 673 946 internae
696 886 853 955 comitatur
874 903 1011 965 tanquam
1033 887 1126 949 causa.

606 1028 701 1091 XXV.

92 1137 322 1216 Aequiescentia
348 1144 380 1199 in
401 1142 437 1218 se
463 1140 525 1220 ipso
553 1141 594 1200 est
621 1141 739 1202 Laetitia
769 1156 832 1202 orta
863 1160 900 1201 ex
928 1160 983 1216 eo,
1004 1144 1086 1218 quod
1106 1141 1196 1201 homo
1219 1141 1246 1202 le

56 1248 145 1323 ipsum
168 1250 314 1328 suamque
335 1252 440 1331 agendi
461 1252 626 1329 potentiam
647 1254 870 1329 contemplatur.

598 1396 708 1456 XXVI.

93 1506 263 1567 Humilitas
289 1508 330 1567 eli
358 1507 489 1569 Tristitia
511 1525 575 1569 orta
597 1527 635 1569 ex
656 1526 711 1585 eo,
733 1510 815 1585 quod
834 1509 924 1569 homo
947 1506 1023 1569 suam
1045 1507 1247 1584 impotentiam

56 1616 111 1677 live
132 1619 367 1681 imbecillitatem
388 1622 615 1697 contemplatur.

498 1783 810 1827 extricatio

94 1878 326 1953 Atquiescentia
347 1878 377 1939 in
398 1878 428 1939 se
449 1877 513 1956 ipso
535 1877 704 1939 Humilitati
725 1877 903 1955 opponitur,
936 1894 1082 1955 quatenus
1103 1897 1156 1955 per
1177 1896 1244 1939 ean·

61 1988 122 2045 dem
142 1988 336 2069 intelligimus
364 1989 530 2065 Laetitiam,
558 2009 624 2066 quae
646 2009 683 2051 ex
704 2009 741 2052 eo
764 1990 873 2063 oritur,
894 1993 976 2067 quod
997 1989 1120 2051 nostram
1142 1991 1246 2069 agendi

61 2101 224 2171 potentiam
253 2104 497 2178 contemplamur;
525 2102 574 2163 sed
600 2119 746 2181 quatenus
768 2122 819 2179 per
839 2103 928 2180 ipsam
951 2102 1037 2163 etiam
1060 2102 1246 2182 intelligimus

63 2210 209 2275 Latitiam
241 2215 461 2278 concomitante
491 2215 557 2277 idea
588 2215 712 2293 alicujus
745 2215 832 2291 falli,
867 2218 948 2293 quod
980 2234 1035 2277 not
1065 2234 1102 2275 ex
1133 2216 1246 2278 Mentis

62 2320 150 2383 libero
178 2329 302 2388 decreto
331 2327 426 2389 fecille
454 2328 613 2405 credimus,
641 2342 703 2389 tum
730 2326 915 2387 Poenitentiae
942 2327 1122 2404 opponitur,
1143 2346 1245 2403 quaea

64 2435 145 2498 nobis
165 2437 204 2500 iic
226 2441 374 2503 delinitur.

595 2538 718 2598 XXVll.

100 2645 274 2710 Poem'tentt‘a
291 2650 332 2710 est
352 2649 482 2711 Tristitia
503 2649 722 2711 concomitante
744 2650 808 2710 idea
830 2649 953 2726 alicujus
974 2650 1060 2726 fatti,
1088 2652 1169 2726 quod
1191 2667 1246 2712 nos

66 2771 99 2812 er
116 2757 210 2822 libero
232 2762 346 2823 Mentis
367 2765 488 2824 decreto
510 2761 606 2822 fecisse
627 2762 781 2823 credimus.

504 2936 813 2979 nauticarum

103 3031 212 3094 llorum
236 3032 390 3095 affeiiuum
412 3033 512 3094 causas
540 3032 718 3094 ostendimus
739 3031 768 3092 in
790 3031 888 3093 Schol.
909 3032 996 3106 Prop.
1020 3042 1068 3104 51.
1090 3027 1194 3106 liujus,
1215 3043 1245 3090 et

69 3137 147 3216 Prop.
167 3157 225 3222 53,
246 3159 303 3225 54,
320 3161 350 3206 et
369 3155 420 3220 55.
438 3144 528 3221 hujus
535 3191 545 3220 ‚
566 3143 686 3222 ejusque
708 3145 806 3205 Schol.
828 3147 874 3204 De
896 3143 988 3204 libero
1010 3159 1107 3204 autem
1132 3141 1245 3204 Mentis

69 3253 180 3317 decreto
200 3259 270 3319 vide
290 3259 389 3320 schol.
410 3258 497 3334 Prop.
520 3269 567 3334 35.
589 3277 619 3332 p.
641 3275 669 3318 o.
698 3259 755 3319 Sed
778 3257 825 3316 hic
847 3271 987 3333 preterea
1009 3259 1170 3318 notandum
1193 3273 1244 3316 ve·

72 3362 122 3440 nit,
140 3369 241 3433 mirum
262 3389 322 3432 non
344 3370 413 3447 elle,
432 3373 516 3446 quod
533 3387 636 3430 omnes
654 3368 775 3429 omnino
794 3371 890 3444 acius,
908 3368 959 3444 qui
978 3387 1015 3428 ex
1033 3366 1245 3430 consuetudine

67 3488 151 3552 pravi
178 3501 342 3561 vocantur,
372 3484 511 3560 sequatur
542 3482 694 3556 Tristitia,
725 3498 755 3541 et
787 3481 873 3557 illos,
905 3480 955 3558 qui
988 3481 1059 3541 retii
1089 3479 1245 3553 dicuntur,

73 3587 188 3658 latitia.
209 3600 285 3658 Nam
305 3596 364 3656 hoc
386 3598 422 3655 ab
444 3595 621 3656 educatione
643 3595 817 3670 potillrmum
841 3595 983 3670 pendere,
1004 3594 1088 3654 facile
1107 3611 1143 3653 ex
1161 3593 1245 3669 supra

72 3700 147 3764 <liciis
172 3708 370 3786 intelligimus.
411 3708 548 3769 Parentes
576 3706 727 3782 nimirum,
749 3707 816 3767 illos
838 3709 1062 3784 exprobrando,
1081 3704 1245 3782 liberosque

73 3829 182 3890 lfOpter
201 3819 318 3882 eosdem
340 3819 415 3896 sape
436 3817 641 3898 objurgando,
661 3818 718 3879 hoe
740 3834 842 3878 contra
865 3818 1014 3880 suadendo
1033 3832 1063 3879 et
1081 3817 1246 3890 laudand0,

74 3925 236 4008 effecerunt,
257 3947 289 3992 ut
308 3931 446 3993 Tristitia·
468 3931 684 3993 commotiones
705 3930 776 4004 illis,
795 3929 921 3992 Latitiae
940 3949 1011 3993 vero
1028 3929 1075 3990 his
1088 3929 1245 4007 jungeren-

74 4048 121 4097 1111·
158 4044 248 4126 Quod
268 4043 328 4120 ipsa
349 4043 436 4105 etiam
458 4043 639 4119 experientia
660 4045 877 4118 comprobatur.
910 4043 986 4102 Nam
1007 4040 1192 4102 consuetudo
1213 4055 1244 4100 et

68 4145 179 4244 ‚Religio
207 4175 267 4217 non
296 4155 336 4216 est
357 4155 494 4216 omnibus
516 4159 634 4230 eadem,
656 4155 705 4216 sed
728 4170 847 4230 contra,
869 4174 934 4230 quae
957 4155 1035 4230 apud
1056 4153 1131 4213 alios
1151 4152 1245 4227 sacra,

76 4265 143 4332 alud
167 4267 239 4329 alios
265 4269 405 4344 profana,
432 4285 463 4328 et
492 4287 557 4346 quae
586 4271 665 4344 apud
695 4267 770 4328 alios
797 4267 933 4343 honella,
955 4269 1033 4344 apud
1055 4264 1128 4326 alios
1150 4263 1246 4340 turpia
