2934 4900
649 335 929 400 Ethices‘l'ars
950 338 973 399 1.

615 528 1011 601 DQMONSTRATIQ

255 637 310 698 Per
329 638 506 700 intellectum
525 640 602 700 enim
623 639 669 722 (ur
684 660 742 718 per
761 661 790 700 sc
809 638 918 721 notum)
939 658 999 700 non
1025 636 1215 716 intelligimus
1243 637 1411 698 absolutam

215 750 443 829 cogitationem,
470 751 518 813 sed
546 765 656 813 certum
684 766 798 812 tantum
826 753 945 812 modum
973 747 1140 828 cogitandi,
1167 747 1218 825 qui
1239 750 1348 809 modus
1369 750 1409 807 ab

214 860 294 935 aliis,
314 860 425 921 scilicet
446 860 626 937 cupiditate,
652 879 768 938 amore,
788 876 844 927 etc.
866 860 979 937 differt,
1000 863 1135 938 adeoque
1156 858 1228 941 (per
1246 861 1343 941 Defin
1365 858 1412 939 5.)

214 991 266 1047 per
284 972 445 1034 absolutam
467 973 677 1053 cogitationem
700 974 819 1051 concipi
839 976 945 1051 debet,
972 992 1076 1050 nempe
1105 972 1177 1054 (per
1197 975 1286 1049 Prop.
1311 983 1359 1047 ις.
1381 986 1412 1031 er

212 1084 315 1165 Defin.
335 1083 380 1165 6.)
406 1102 457 1161 per
483 1084 604 1162 aliquod
631 1085 688 1147 Dei
716 1084 908 1162 attributum,
936 1088 1018 1163 quod
1046 1100 1183 1146 aetemam
1210 1100 1242 1145 er
1263 1083 1410 1144 infinitam

213 1196 405 1274 cogitationis
431 1196 576 1259 ellenriam
602 1198 757 1274 exprimit,
784 1198 825 1260 ita
854 1198 971 1275 concipi
998 1199 1103 1272 debet,
1130 1212 1164 1257 ut
1185 1196 1244 1256 stne
1264 1193 1331 1273 ipso
1353 1214 1411 1255 nec

212 1306 267 1369 elie
289 1328 342 1370 nec
363 1310 480 1387 concipi
502 1312 603 1388 poliit;
624 1331 657 1373 ac
678 1328 832 1389 propterea
854 1308 922 1392 (per
939 1309 1030 1371 Schol.
1052 1312 1142 1388 Prop.
1166 1309 1229 1390 29.)
1250 1311 1287 1370 ad
1307 1309 1410 1369 Natu-

211 1438 270 1481 ram
287 1423 477 1500 Naturatam,
500 1443 560 1485 non
582 1442 653 1487 vero
674 1426 868 1487 Naturantem
888 1422 986 1485 referri
1007 1425 1113 1499 debet,
1136 1436 1169 1483 ut
1191 1419 1278 1482 etiam
1302 1420 1408 1496 reliqui

212 1533 292 1594 modi
312 1533 472 1614 cogitandi.
502 1536 536 1613 Q.
559 1536 595 1598 E.
618 1536 661 1597 D.

678 1664 937 1709 senorium.

251 1775 360 1851 Ratio,
388 1793 441 1835 cnr
463 1774 511 1835 hic
536 1775 641 1851 loquar
668 1776 704 1835 de
725 1775 874 1837 intellectu
895 1776 977 1849 adiu,
1003 1772 1137 1849 nonest,
1158 1772 1226 1849 quia
1249 1774 1407 1843 concedo,

210 1888 299 1949 ullum
320 1886 380 1949 dari
401 1886 579 1950 intellectum
601 1886 764 1963 protentid3
785 1886 852 1961 sed,
873 1885 942 1962 qnia
957 1904 1072 1946 omnem
1091 1883 1292 1946 confusionem
1309 1883 1407 1946 vitare

210 1996 317 2073 cupio,
348 1995 430 2058 nolui
464 1996 564 2073 loqui,
592 1996 643 2057 nist
673 1998 708 2057 de
736 2014 765 2056 re
795 1994 883 2055 nobis
911 2012 997 2070 quam
1024 1993 1167 2055 clarilitme
1189 2007 1346 2070 percepta,
1368 1994 1408 2052 de

209 2109 269 2185 ipsa
298 2108 407 2171 scilicet
438 2107 653 2186 intelledlione,
685 2127 743 2185 qua
772 2107 844 2168 nihil
869 2108 957 2169 nobis
985 2107 1091 2168 clarius
1119 2107 1289 2183 percipitur.
1320 2106 1407 2167 Nihil

208 2220 284 2281 enirn
316 2220 476 2300 intelligere
508 2219 675 2297 possumus,
700 2223 783 2297 quod
811 2223 848 2281 ad
871 2219 1072 2296 perfectiorem
1099 2217 1309 2281 intelletiionis
1330 2238 1403 2297 cog-

209 2332 351 2393 nitionem
373 2351 433 2394 non
456 2336 614 2396 conducat.

563 2509 893 2573 PROPOSITIO
922 2509 1044 2570 XXXII.

250 2639 391 2700 Voluntas
410 2659 465 2699 non
482 2639 572 2718 potest
592 2644 696 2700 vocari
715 2639 805 2715 caasa
825 2638 929 2714 libero,
943 2638 1002 2715 sed
1018 2650 1131 2698 rantum
1152 2635 1316 2715 neceffnrr'a.

607 2817 1003 2863 namonsnnatto

249 2927 396 2988 Voluntas
427 2943 524 2990 certus
556 2943 669 2990 tantum
700 2928 851 3007 cogitandi
883 2932 988 2990 modus
1017 2929 1075 3004 est,
1107 2927 1190 2990 sicuti
1218 2927 1404 3004 intelledius3

208 3040 342 3115 adeoque
372 3037 438 3120 (ner
468 3043 558 3118 Prop.
588 3041 650 3122 od.)
683 3060 867 3118 unaquaque
899 3041 1006 3104 volirio
1039 3028 1099 3102 non
1132 3041 1228 3119 potest
1259 3039 1404 3117 existere,

208 3169 303 3229 neque
331 3153 367 3213 ad
396 3154 575 3228 operandum
607 3153 807 3228 determinari,
836 3153 887 3214 nist
918 3156 955 3215 ab
983 3153 1036 3215 alia
1065 3157 1150 3215 causa
1176 3153 1405 3229 detemtinerur‚

207 3279 237 3324 et
265 3265 327 3324 haec
355 3263 450 3326 rursus
479 3269 516 3326 ab
545 3265 620 3340 alia,
648 3281 678 3326 et
703 3265 742 3326 stc
769 3283 858 3341 porro
880 3265 910 3326 in
932 3265 1086 3328 inlinitum.
1108 3266 1240 3349 Quodsi
1261 3267 1405 3330 voluntas

207 3375 320 3438 infinita
343 3376 541 3454 supponatur,
570 3379 658 3440 debet
681 3377 768 3440 eriam
790 3380 827 3439 ad
848 3378 1029 3441 existendum
1050 3398 1080 3441 et
1102 3383 1281 3456 operandum
1303 3383 1401 3442 deter-

207 3487 308 3548 minari
327 3507 342 3549 a
360 3490 444 3564 ileu,
466 3508 526 3550 non
549 3506 695 3568 quatenus
718 3490 875 3552 substantia
897 3491 1030 3553 absolute
1049 3492 1163 3554 insrnita
1181 3491 1240 3568 est,
1257 3493 1309 3553 sed
1327 3511 1401 3569 qua·

207 3615 293 3660 tenus
315 3599 488 3662 attributum
510 3601 617 3680 habet,
638 3604 720 3679 quod
739 3599 880 3662 infinitam
898 3615 928 3661 et
948 3617 1081 3663 aeternam
1099 3603 1293 3684 cogitationis
1307 3603 1402 3666 elien·

205 3710 275 3772 tiam
306 3712 443 3788 exprimit
468 3713 535 3797 (prr
561 3717 650 3791 Prop.
677 3712 749 3793 aa).
778 3713 976 3794 Quocumque
997 3713 1086 3794 igitur
1105 3717 1216 3792 modo,
1236 3717 1295 3780 live
1316 3717 1404 3778 finita

205 3824 264 3888 srve
290 3825 421 3904 inlinita,
450 3825 651 3902 concipiatur,
680 3823 794 3886 causam
823 3825 961 3901 requirit,
987 3845 1003 3887 a
1030 3845 1087 3902 qua
1108 3829 1145 3888 ad
1165 3826 1348 3888 existendum
1370 3844 1401 3887 et

206 3941 385 4014 operandum
417 3938 640 4013 determinetur;
671 3940 807 4015 adeoque
838 3935 905 4019 quer
929 3938 1034 4020 Destn.
1055 3935 1098 4019 7.)
1124 3957 1185 4000 non
1213 3939 1311 4016 potest
1341 3939 1400 4000 dici

205 4050 289 4112 causa
311 4051 416 4129 libera,
437 4051 486 4112 sed
509 4067 622 4112 tantum
645 4047 796 4111 necessaria
819 4050 866 4112 vel
887 4052 997 4112 coatia.
1021 4053 1054 4127 Q.
1076 4053 1114 4112 E.
1134 4054 1178 4114 D.
1253 4027 1255 4029 Ι

596 4210 951 4257 conottantum
985 4195 1006 4256 t

247 4323 324 4382 ilinc
346 4322 476 4400 sequitur
496 4325 548 4399 1⁰„
569 4325 665 4384 Deum
688 4341 749 4382 non
771 4321 884 4397 operari
906 4341 943 4382 ex
964 4324 1099 4387 libertate
1121 4325 1297 4387 voluntatis.
