<?xml version="1.0" encoding="UTF-8"?>
<!DOCTYPE html PUBLIC "-//W3C//DTD XHTML 1.0 Transitional//EN"
    "http://www.w3.org/TR/xhtml1/DTD/xhtml1-transitional.dtd">
<html xmlns="http://www.w3.org/1999/xhtml" xml:lang="en" lang="en">
 <head>
  <title>
</title>
<meta http-equiv="Content-Type" content="text/html;charset=utf-8" />
  <meta name='ocr-system' content='tesseract 3.04.00' />
  <meta name='ocr-capabilities' content='ocr_page ocr_carea ocr_par ocr_line ocrx_word'/>
</head>
<body>
  <div class='ocr_page' id='page_1' title='image "benedictidespin02landgoog_0023.png"; bbox 0 0 2934 4900; ppageno 0'>
   <div class='ocr_carea' id='block_1_1' title="bbox 1220 401 1259 458">
    <p class='ocr_par' dir='ltr' id='par_1_1' title="bbox 1220 401 1259 458">
     <span class='ocr_line' id='line_1_1' title="bbox 1220 401 1259 458; baseline -0.051 0"><span class='ocrx_word' id='word_1_1' title='bbox 1220 401 1259 458; x_wconf 70' lang='lat' dir='ltr'>xi</span> 
     </span>
    </p>
   </div>
   <div class='ocr_carea' id='block_1_2' title="bbox 73 570 1265 3327">
    <p class='ocr_par' dir='ltr' id='par_1_2' title="bbox 73 570 1259 1029">
     <span class='ocr_line' id='line_1_2' title="bbox 76 570 1259 665; baseline 0 -22"><span class='ocrx_word' id='word_1_2' title='bbox 76 572 315 661; x_wconf 78' lang='lat' dir='ltr'>Supeiieffilem</span> <span class='ocrx_word' id='word_1_3' title='bbox 354 570 530 641; x_wconf 76' lang='lat' dir='ltr'>literarium</span> <span class='ocrx_word' id='word_1_4' title='bbox 570 572 810 659; x_wconf 86' lang='lat' dir='ltr'>Spinozanam,</span> <span class='ocrx_word' id='word_1_5' title='bbox 843 592 941 658; x_wconf 85' lang='lat' dir='ltr'>qoam</span> <span class='ocrx_word' id='word_1_6' title='bbox 974 574 1053 641; x_wconf 90' lang='lat' dir='ltr'>olim</span> <span class='ocrx_word' id='word_1_7' title='bbox 1086 576 1259 665; x_wconf 78' lang='lat' dir='ltr'>collegerat</span> 
     </span>
     <span class='ocr_line' id='line_1_3' title="bbox 74 693 1258 787; baseline -0.002 -20"><span class='ocrx_word' id='word_1_8' title='bbox 74 698 244 767; x_wconf 76' lang='lat' dir='ltr'>Antonius</span> <span class='ocrx_word' id='word_1_9' title='bbox 274 716 341 767; x_wconf 83' lang='lat' dir='ltr'>van</span> <span class='ocrx_word' id='word_1_10' title='bbox 371 698 429 766; x_wconf 93' lang='lat' dir='ltr'>der</span> <span class='ocrx_word' id='word_1_11' title='bbox 457 695 583 781; x_wconf 84' lang='lat' dir='ltr'>Linde,</span> <span class='ocrx_word' id='word_1_12' title='bbox 607 716 629 763; x_wconf 55' lang='lat' dir='ltr'>‘e</span> <span class='ocrx_word' id='word_1_13' title='bbox 651 694 855 763; x_wconf 78' lang='lat' dir='ltr'>Bibliotheca</span> <span class='ocrx_word' id='word_1_14' title='bbox 876 693 981 787; x_wconf 83' lang='lat' dir='ltr'>Regia</span> <span class='ocrx_word' id='word_1_15' title='bbox 1006 695 1142 787; x_wconf 82' lang='lat' dir='ltr'>Hagtna</span> <span class='ocrx_word' id='word_1_16' title='bbox 1164 696 1258 765; x_wconf 83' lang='lat' dir='ltr'>nobit</span> 
     </span>
     <span class='ocr_line' id='line_1_4' title="bbox 73 815 1259 907; baseline 0 -19"><span class='ocrx_word' id='word_1_17' title='bbox 73 819 295 907; x_wconf 72' lang='lat' dir='ltr'>suppeditavit</span> <span class='ocrx_word' id='word_1_18' title='bbox 336 820 434 907; x_wconf 83' lang='lat' dir='ltr'>hujus</span> <span class='ocrx_word' id='word_1_19' title='bbox 474 816 642 907; x_wconf 72' lang='lat' dir='ltr'>prefectus</span> <span class='ocrx_word' id='word_1_20' title='bbox 680 819 802 887; x_wconf 76' lang='lat' dir='ltr'>amieos</span> <span class='ocrx_word' id='word_1_21' title='bbox 834 815 942 887; x_wconf 79' lang='lat' dir='ltr'>noster</span> <span class='ocrx_word' id='word_1_22' title='bbox 974 817 1028 888; x_wconf 83' lang='grc' dir='ltr'>Μ.</span> <span class='ocrx_word' id='word_1_23' title='bbox 1062 818 1101 887; x_wconf 78' lang='lat' dir='ltr'>F.</span> <span class='ocrx_word' id='word_1_24' title='bbox 1133 818 1180 888; x_wconf 84' lang='grc' dir='ltr'>Δ.</span> <span class='ocrx_word' id='word_1_25' title='bbox 1214 817 1259 888; x_wconf 89' lang='lat' dir='ltr'>G.</span> 
     </span>
     <span class='ocr_line' id='line_1_5' title="bbox 74 942 262 1029; baseline 0 -18"><span class='ocrx_word' id='word_1_26' title='bbox 74 942 262 1029; x_wconf 85' lang='lat' dir='ltr'>Campbell.</span> 
     </span>
    </p>

    <p class='ocr_par' dir='ltr' id='par_1_3' title="bbox 74 1058 1265 2705">
     <span class='ocr_line' id='line_1_6' title="bbox 120 1058 1260 1153; baseline 0.001 -23"><span class='ocrx_word' id='word_1_27' title='bbox 120 1062 243 1150; x_wconf 81' lang='lat' dir='ltr'>Operis</span> <span class='ocrx_word' id='word_1_28' title='bbox 284 1059 431 1130; x_wconf 86' lang='lat' dir='ltr'>subsidiis</span> <span class='ocrx_word' id='word_1_29' title='bbox 469 1064 533 1130; x_wconf 92' lang='lat' dir='ltr'>hoc</span> <span class='ocrx_word' id='word_1_30' title='bbox 563 1061 663 1130; x_wconf 92' lang='lat' dir='ltr'>modo</span> <span class='ocrx_word' id='word_1_31' title='bbox 696 1059 909 1147; x_wconf 79' lang='lat' dir='ltr'>conquisitis,</span> <span class='ocrx_word' id='word_1_32' title='bbox 945 1058 1069 1153; x_wconf 82' lang='lat' dir='ltr'>singula</span> <span class='ocrx_word' id='word_1_33' title='bbox 1109 1059 1260 1149; x_wconf 84' lang='lat' dir='ltr'>sapientis</span> 
     </span>
     <span class='ocr_line' id='line_1_7' title="bbox 74 1182 1261 1273; baseline -0.002 -21"><span class='ocrx_word' id='word_1_34' title='bbox 74 1184 198 1270; x_wconf 87' lang='lat' dir='ltr'>scripta</span> <span class='ocrx_word' id='word_1_35' title='bbox 226 1184 261 1251; x_wconf 88' lang='lat' dir='ltr'>in</span> <span class='ocrx_word' id='word_1_36' title='bbox 292 1182 512 1267; x_wconf 84' lang='lat' dir='ltr'>antiquissimis</span> <span class='ocrx_word' id='word_1_37' title='bbox 541 1203 613 1268; x_wconf 84' lang='lat' dir='ltr'>quae</span> <span class='ocrx_word' id='word_1_38' title='bbox 643 1182 777 1251; x_wconf 88' lang='lat' dir='ltr'>aderant</span> <span class='ocrx_word' id='word_1_39' title='bbox 798 1184 952 1268; x_wconf 80' lang='lat' dir='ltr'>exemplis</span> <span class='ocrx_word' id='word_1_40' title='bbox 975 1200 1099 1251; x_wconf 85' lang='lat' dir='ltr'>attente</span> <span class='ocrx_word' id='word_1_41' title='bbox 1122 1183 1261 1273; x_wconf 85' lang='lat' dir='ltr'>perlegi·</span> 
     </span>
     <span class='ocr_line' id='line_1_8' title="bbox 76 1299 1261 1387; baseline -0.001 -17"><span class='ocrx_word' id='word_1_42' title='bbox 76 1324 170 1386; x_wconf 85' lang='lat' dir='ltr'>mus,</span> <span class='ocrx_word' id='word_1_43' title='bbox 191 1304 282 1370; x_wconf 81' lang='lat' dir='ltr'>iocor</span> <span class='ocrx_word' id='word_1_44' title='bbox 305 1319 476 1386; x_wconf 80' lang='lat' dir='ltr'>corruptos</span> <span class='ocrx_word' id='word_1_45' title='bbox 498 1302 552 1369; x_wconf 87' lang='lat' dir='ltr'>vel</span> <span class='ocrx_word' id='word_1_46' title='bbox 570 1300 687 1369; x_wconf 89' lang='lat' dir='ltr'>dubios</span> <span class='ocrx_word' id='word_1_47' title='bbox 707 1322 748 1369; x_wconf 85' lang='lat' dir='ltr'>ex</span> <span class='ocrx_word' id='word_1_48' title='bbox 766 1299 864 1387; x_wconf 75' lang='lat' dir='ltr'>ipsius</span> <span class='ocrx_word' id='word_1_49' title='bbox 883 1299 1042 1369; x_wconf 89' lang='lat' dir='ltr'>sentiendi</span> <span class='ocrx_word' id='word_1_50' title='bbox 1062 1322 1095 1370; x_wconf 94' lang='lat' dir='ltr'>et</span> <span class='ocrx_word' id='word_1_51' title='bbox 1105 1302 1261 1387; x_wconf 90' lang='lat' dir='ltr'>loquendi</span> 
     </span>
     <span class='ocr_line' id='line_1_9' title="bbox 76 1421 1263 1516; baseline 0.003 -27"><span class='ocrx_word' id='word_1_52' title='bbox 76 1424 206 1491; x_wconf 89' lang='lat' dir='ltr'>ratione</span> <span class='ocrx_word' id='word_1_53' title='bbox 239 1424 399 1510; x_wconf 83' lang='lat' dir='ltr'>corrigere</span> <span class='ocrx_word' id='word_1_54' title='bbox 433 1424 542 1491; x_wconf 90' lang='lat' dir='ltr'>conati</span> <span class='ocrx_word' id='word_1_55' title='bbox 575 1421 703 1506; x_wconf 89' lang='lat' dir='ltr'>sumus,</span> <span class='ocrx_word' id='word_1_56' title='bbox 737 1444 775 1490; x_wconf 85' lang='lat' dir='ltr'>ea</span> <span class='ocrx_word' id='word_1_57' title='bbox 809 1444 916 1492; x_wconf 89' lang='lat' dir='ltr'>tamen</span> <span class='ocrx_word' id='word_1_58' title='bbox 948 1427 1038 1516; x_wconf 87' lang='lat' dir='ltr'>lege,</span> <span class='ocrx_word' id='word_1_59' title='bbox 1071 1442 1112 1493; x_wconf 89' lang='lat' dir='ltr'>ut</span> <span class='ocrx_word' id='word_1_60' title='bbox 1144 1444 1263 1511; x_wconf 85' lang='lat' dir='ltr'>praeter</span> 
     </span>
     <span class='ocr_line' id='line_1_10' title="bbox 76 1542 1263 1632; baseline 0.001 -21"><span class='ocrx_word' id='word_1_61' title='bbox 76 1564 186 1611; x_wconf 81' lang='lat' dir='ltr'>meros</span> <span class='ocrx_word' id='word_1_62' title='bbox 203 1542 362 1611; x_wconf 85' lang='lat' dir='ltr'>scribendi</span> <span class='ocrx_word' id='word_1_63' title='bbox 381 1564 505 1612; x_wconf 80' lang='lat' dir='ltr'>errores</span> <span class='ocrx_word' id='word_1_64' title='bbox 523 1564 653 1613; x_wconf 90' lang='lat' dir='ltr'>omnem</span> <span class='ocrx_word' id='word_1_65' title='bbox 670 1547 704 1611; x_wconf 92' lang='lat' dir='ltr'>in</span> <span class='ocrx_word' id='word_1_66' title='bbox 724 1543 873 1613; x_wconf 77' lang='lat' dir='ltr'>fontibus</span> <span class='ocrx_word' id='word_1_67' title='bbox 891 1545 1099 1632; x_wconf 77' lang='lat' dir='ltr'>conspicuam</span> <span class='ocrx_word' id='word_1_68' title='bbox 1116 1547 1263 1615; x_wconf 69' lang='lat' dir='ltr'>leetionia</span> 
     </span>
     <span class='ocr_line' id='line_1_11' title="bbox 77 1666 1261 1752; baseline 0.003 -20"><span class='ocrx_word' id='word_1_69' title='bbox 77 1666 290 1749; x_wconf 79' lang='lat' dir='ltr'>varietatem,</span> <span class='ocrx_word' id='word_1_70' title='bbox 323 1682 358 1733; x_wconf 91' lang='lat' dir='ltr'>et</span> <span class='ocrx_word' id='word_1_71' title='bbox 389 1668 565 1752; x_wconf 75' lang='lat' dir='ltr'>precipuae</span> <span class='ocrx_word' id='word_1_72' title='bbox 598 1668 747 1735; x_wconf 89' lang='lat' dir='ltr'>virorum</span> <span class='ocrx_word' id='word_1_73' title='bbox 780 1666 950 1736; x_wconf 74' lang='lat' dir='ltr'>dodorum</span> <span class='ocrx_word' id='word_1_74' title='bbox 984 1666 1183 1752; x_wconf 82' lang='lat' dir='ltr'>sententiae,</span> <span class='ocrx_word' id='word_1_75' title='bbox 1226 1668 1261 1735; x_wconf 91' lang='lat' dir='ltr'>in</span> 
     </span>
     <span class='ocr_line' id='line_1_12' title="bbox 76 1784 1263 1875; baseline 0.003 -22"><span class='ocrx_word' id='word_1_76' title='bbox 76 1788 222 1875; x_wconf 82' lang='lat' dir='ltr'>margine</span> <span class='ocrx_word' id='word_1_77' title='bbox 255 1784 452 1855; x_wconf 80' lang='lat' dir='ltr'>afferremus.</span> <span class='ocrx_word' id='word_1_78' title='bbox 486 1785 803 1873; x_wconf 72' lang='lat' dir='ltr'>Interpunstionem,</span> <span class='ocrx_word' id='word_1_79' title='bbox 845 1808 906 1873; x_wconf 91' lang='lat' dir='ltr'>pro</span> <span class='ocrx_word' id='word_1_80' title='bbox 939 1786 1048 1855; x_wconf 85' lang='lat' dir='ltr'>nostra</span> <span class='ocrx_word' id='word_1_81' title='bbox 1081 1786 1263 1857; x_wconf 78' lang='lat' dir='ltr'>necessitate</span> 
     </span>
     <span class='ocr_line' id='line_1_13' title="bbox 77 1906 1264 1996; baseline 0.004 -22"><span class='ocrx_word' id='word_1_82' title='bbox 77 1909 187 1975; x_wconf 80' lang='lat' dir='ltr'>minua</span> <span class='ocrx_word' id='word_1_83' title='bbox 210 1906 379 1991; x_wconf 78' lang='lat' dir='ltr'>idoneam,</span> <span class='ocrx_word' id='word_1_84' title='bbox 401 1909 468 1975; x_wconf 92' lang='lat' dir='ltr'>imo</span> <span class='ocrx_word' id='word_1_85' title='bbox 489 1906 733 1994; x_wconf 73' lang='lat' dir='ltr'>praeposteram,</span> <span class='ocrx_word' id='word_1_86' title='bbox 763 1929 830 1977; x_wconf 90' lang='lat' dir='ltr'>non</span> <span class='ocrx_word' id='word_1_87' title='bbox 861 1909 900 1977; x_wconf 90' lang='lat' dir='ltr'>ad</span> <span class='ocrx_word' id='word_1_88' title='bbox 919 1909 1114 1979; x_wconf 88' lang='lat' dir='ltr'>hodiernum</span> <span class='ocrx_word' id='word_1_89' title='bbox 1131 1910 1264 1996; x_wconf 89' lang='lat' dir='ltr'>quidem</span> 
     </span>
     <span class='ocr_line' id='line_1_14' title="bbox 76 2027 1265 2118; baseline 0.005 -24"><span class='ocrx_word' id='word_1_90' title='bbox 76 2046 203 2095; x_wconf 89' lang='lat' dir='ltr'>morem</span> <span class='ocrx_word' id='word_1_91' title='bbox 233 2030 379 2118; x_wconf 81' lang='lat' dir='ltr'>exigere,</span> <span class='ocrx_word' id='word_1_92' title='bbox 408 2027 463 2095; x_wconf 87' lang='lat' dir='ltr'>sed</span> <span class='ocrx_word' id='word_1_93' title='bbox 485 2048 647 2096; x_wconf 90' lang='lat' dir='ltr'>unacum</span> <span class='ocrx_word' id='word_1_94' title='bbox 669 2030 839 2099; x_wconf 88' lang='lat' dir='ltr'>literarum</span> <span class='ocrx_word' id='word_1_95' title='bbox 858 2032 1110 2117; x_wconf 74' lang='lat' dir='ltr'>maiuscularum</span> <span class='ocrx_word' id='word_1_96' title='bbox 1133 2030 1193 2099; x_wconf 85' lang='lat' dir='ltr'>usu</span> <span class='ocrx_word' id='word_1_97' title='bbox 1217 2034 1265 2101; x_wconf 85' lang='lat' dir='ltr'>ita</span> 
     </span>
     <span class='ocr_line' id='line_1_15' title="bbox 78 2148 1264 2232; baseline 0.003 -15"><span class='ocrx_word' id='word_1_98' title='bbox 78 2148 257 2217; x_wconf 84' lang='lat' dir='ltr'>reformare</span> <span class='ocrx_word' id='word_1_99' title='bbox 291 2150 507 2232; x_wconf 82' lang='lat' dir='ltr'>tentavimus,</span> <span class='ocrx_word' id='word_1_100' title='bbox 541 2170 580 2218; x_wconf 93' lang='lat' dir='ltr'>ut</span> <span class='ocrx_word' id='word_1_101' title='bbox 606 2152 783 2220; x_wconf 87' lang='lat' dir='ltr'>verborum</span> <span class='ocrx_word' id='word_1_102' title='bbox 805 2169 979 2220; x_wconf 81' lang='lat' dir='ltr'>contextus</span> <span class='ocrx_word' id='word_1_103' title='bbox 1002 2171 1036 2221; x_wconf 88' lang='lat' dir='ltr'>et</span> <span class='ocrx_word' id='word_1_104' title='bbox 1058 2155 1264 2230; x_wconf 87' lang='lat' dir='ltr'>continuatio</span> 
     </span>
     <span class='ocr_line' id='line_1_16' title="bbox 77 2270 1262 2365; baseline 0.005 -28"><span class='ocrx_word' id='word_1_105' title='bbox 77 2270 247 2339; x_wconf 80' lang='lat' dir='ltr'>hodiernis</span> <span class='ocrx_word' id='word_1_106' title='bbox 277 2272 452 2339; x_wconf 69' lang='lat' dir='ltr'>lectoribus</span> <span class='ocrx_word' id='word_1_107' title='bbox 480 2292 577 2356; x_wconf 93' lang='lat' dir='ltr'>quam</span> <span class='ocrx_word' id='word_1_108' title='bbox 607 2272 774 2341; x_wconf 76' lang='lat' dir='ltr'>certisime</span> <span class='ocrx_word' id='word_1_109' title='bbox 800 2292 977 2360; x_wconf 86' lang='lat' dir='ltr'>appareret.</span> <span class='ocrx_word' id='word_1_110' title='bbox 1013 2273 1262 2365; x_wconf 82' lang='lat' dir='ltr'>Orthographiae</span> 
     </span>
     <span class='ocr_line' id='line_1_17' title="bbox 79 2366 1262 2481; baseline 0.006 -23"><span class='ocrx_word' id='word_1_111' title='bbox 79 2389 241 2460; x_wconf 71' lang='lat' dir='ltr'>universa</span> <span class='ocrx_word' id='word_1_112' title='bbox 260 2366 492 2475; x_wconf 82' lang='lat' dir='ltr'>constantiam,</span> <span class='ocrx_word' id='word_1_113' title='bbox 511 2392 635 2460; x_wconf 86' lang='lat' dir='ltr'>Graecae</span> <span class='ocrx_word' id='word_1_114' title='bbox 655 2391 840 2478; x_wconf 84' lang='lat' dir='ltr'>scientiam,</span> <span class='ocrx_word' id='word_1_115' title='bbox 864 2396 895 2462; x_wconf 90' lang='lat' dir='ltr'>ei</span> <span class='ocrx_word' id='word_1_116' title='bbox 917 2394 1066 2481; x_wconf 90' lang='lat' dir='ltr'>scriptori</span> <span class='ocrx_word' id='word_1_117' title='bbox 1088 2395 1262 2465; x_wconf 87' lang='lat' dir='ltr'>obtrudere</span> 
     </span>
     <span class='ocr_line' id='line_1_18' title="bbox 80 2511 1262 2608; baseline 0.006 -29"><span class='ocrx_word' id='word_1_118' title='bbox 80 2515 266 2596; x_wconf 74' lang='lat' dir='ltr'>noluimus,</span> <span class='ocrx_word' id='word_1_119' title='bbox 287 2516 341 2581; x_wconf 90' lang='lat' dir='ltr'>cui</span> <span class='ocrx_word' id='word_1_120' title='bbox 363 2514 404 2580; x_wconf 90' lang='lat' dir='ltr'>ad</span> <span class='ocrx_word' id='word_1_121' title='bbox 427 2515 510 2582; x_wconf 76' lang='lat' dir='ltr'>redte</span> <span class='ocrx_word' id='word_1_122' title='bbox 532 2511 736 2582; x_wconf 88' lang='lat' dir='ltr'>scribendum</span> <span class='ocrx_word' id='word_1_123' title='bbox 758 2515 845 2583; x_wconf 88' lang='lat' dir='ltr'>haud</span> <span class='ocrx_word' id='word_1_124' title='bbox 867 2513 941 2584; x_wconf 88' lang='lat' dir='ltr'>sane</span> <span class='ocrx_word' id='word_1_125' title='bbox 962 2519 1083 2608; x_wconf 87' lang='lat' dir='ltr'>ingenii</span> <span class='ocrx_word' id='word_1_126' title='bbox 1105 2516 1262 2600; x_wconf 86' lang='lat' dir='ltr'>facultas,</span> 
     </span>
     <span class='ocr_line' id='line_1_19' title="bbox 79 2631 908 2705; baseline 0.007 -6"><span class='ocrx_word' id='word_1_127' title='bbox 79 2631 133 2699; x_wconf 88' lang='lat' dir='ltr'>sed</span> <span class='ocrx_word' id='word_1_128' title='bbox 154 2631 322 2702; x_wconf 88' lang='lat' dir='ltr'>institutio</span> <span class='ocrx_word' id='word_1_129' title='bbox 344 2631 529 2702; x_wconf 85' lang='lat' dir='ltr'>scholastica</span> <span class='ocrx_word' id='word_1_130' title='bbox 546 2637 738 2704; x_wconf 88' lang='lat' dir='ltr'>continuata</span> <span class='ocrx_word' id='word_1_131' title='bbox 755 2635 908 2705; x_wconf 83' lang='lat' dir='ltr'>defuerit.</span> 
     </span>
    </p>

    <p class='ocr_par' dir='ltr' id='par_1_4' title="bbox 79 2752 1264 3327">
     <span class='ocr_line' id='line_1_20' title="bbox 124 2752 1262 2844; baseline 0.005 -22"><span class='ocrx_word' id='word_1_132' title='bbox 124 2752 431 2822; x_wconf 83' lang='lat' dir='ltr'>Observatiunculis</span> <span class='ocrx_word' id='word_1_133' title='bbox 452 2755 572 2822; x_wconf 77' lang='lat' dir='ltr'>criticis</span> <span class='ocrx_word' id='word_1_134' title='bbox 595 2753 790 2840; x_wconf 77' lang='lat' dir='ltr'>procidimus</span> <span class='ocrx_word' id='word_1_135' title='bbox 813 2757 1013 2842; x_wconf 76' lang='lat' dir='ltr'>addidimus,</span> <span class='ocrx_word' id='word_1_136' title='bbox 1038 2779 1089 2827; x_wconf 83' lang='lat' dir='ltr'>ree</span> <span class='ocrx_word' id='word_1_137' title='bbox 1110 2757 1262 2844; x_wconf 85' lang='lat' dir='ltr'>quasdam</span> 
     </span>
     <span class='ocr_line' id='line_1_21' title="bbox 79 2873 1263 2971; baseline 0.006 -30"><span class='ocrx_word' id='word_1_138' title='bbox 79 2873 275 2960; x_wconf 72' lang='lat' dir='ltr'>spedantes,</span> <span class='ocrx_word' id='word_1_139' title='bbox 297 2896 380 2958; x_wconf 88' lang='lat' dir='ltr'>quae</span> <span class='ocrx_word' id='word_1_140' title='bbox 402 2878 516 2961; x_wconf 90' lang='lat' dir='ltr'>procul</span> <span class='ocrx_word' id='word_1_141' title='bbox 540 2895 559 2942; x_wconf 86' lang='lat' dir='ltr'>a</span> <span class='ocrx_word' id='word_1_142' title='bbox 580 2878 685 2962; x_wconf 87' lang='lat' dir='ltr'>patria</span> <span class='ocrx_word' id='word_1_143' title='bbox 707 2875 816 2946; x_wconf 81' lang='lat' dir='ltr'>nostre</span> <span class='ocrx_word' id='word_1_144' title='bbox 834 2878 996 2947; x_wconf 86' lang='lat' dir='ltr'>difficilius</span> <span class='ocrx_word' id='word_1_145' title='bbox 1015 2879 1263 2971; x_wconf 80' lang='lat' dir='ltr'>cognoscuntur.</span> 
     </span>
     <span class='ocr_line' id='line_1_22' title="bbox 81 2995 1264 3095; baseline 0.008 -33"><span class='ocrx_word' id='word_1_146' title='bbox 81 2995 250 3066; x_wconf 68' lang='lat' dir='ltr'>Ceterum</span> <span class='ocrx_word' id='word_1_147' title='bbox 280 2997 431 3083; x_wconf 85' lang='lat' dir='ltr'>Spinozae</span> <span class='ocrx_word' id='word_1_148' title='bbox 454 3018 552 3085; x_wconf 88' lang='lat' dir='ltr'>opera</span> <span class='ocrx_word' id='word_1_149' title='bbox 574 3019 639 3066; x_wconf 91' lang='lat' dir='ltr'>non</span> <span class='ocrx_word' id='word_1_150' title='bbox 659 3001 885 3086; x_wconf 87' lang='lat' dir='ltr'>interpretari,</span> <span class='ocrx_word' id='word_1_151' title='bbox 904 3001 959 3069; x_wconf 88' lang='lat' dir='ltr'>sod</span> <span class='ocrx_word' id='word_1_152' title='bbox 977 3023 1075 3087; x_wconf 86' lang='lat' dir='ltr'>quam</span> <span class='ocrx_word' id='word_1_153' title='bbox 1096 3004 1264 3095; x_wconf 76' lang='lat' dir='ltr'>integerri-</span> 
     </span>
     <span class='ocr_line' id='line_1_23' title="bbox 80 3119 1264 3209; baseline 0.003 -21"><span class='ocrx_word' id='word_1_154' title='bbox 80 3139 132 3188; x_wconf 87' lang='lat' dir='ltr'>ma</span> <span class='ocrx_word' id='word_1_155' title='bbox 150 3119 248 3188; x_wconf 88' lang='lat' dir='ltr'>edere</span> <span class='ocrx_word' id='word_1_156' title='bbox 267 3121 376 3188; x_wconf 87' lang='lat' dir='ltr'>animo</span> <span class='ocrx_word' id='word_1_157' title='bbox 394 3119 682 3208; x_wconf 85' lang='lat' dir='ltr'>proposueramue;</span> <span class='ocrx_word' id='word_1_158' title='bbox 701 3123 792 3209; x_wconf 90' lang='lat' dir='ltr'>quod</span> <span class='ocrx_word' id='word_1_159' title='bbox 807 3140 968 3208; x_wconf 80' lang='lat' dir='ltr'>quatenus</span> <span class='ocrx_word' id='word_1_160' title='bbox 978 3122 1146 3193; x_wconf 87' lang='lat' dir='ltr'>consecuti</span> <span class='ocrx_word' id='word_1_161' title='bbox 1156 3121 1264 3208; x_wconf 79' lang='lat' dir='ltr'>fimua,</span> 
     </span>
     <span class='ocr_line' id='line_1_24' title="bbox 80 3239 476 3327; baseline 0.01 -19"><span class='ocrx_word' id='word_1_162' title='bbox 80 3240 165 3324; x_wconf 83' lang='lat' dir='ltr'>equi</span> <span class='ocrx_word' id='word_1_163' title='bbox 183 3239 310 3327; x_wconf 77' lang='lat' dir='ltr'>iudicet</span> <span class='ocrx_word' id='word_1_164' title='bbox 331 3241 476 3312; x_wconf 81' lang='lat' dir='ltr'>videant.</span> 
     </span>
    </p>
   </div>
   <div class='ocr_carea' id='block_1_3' title="bbox 0 0 1482 4900">
    <p class='ocr_par' dir='ltr' id='par_1_5' title="bbox 0 0 1482 4900">
     <span class='ocr_line' id='line_1_25' title="bbox 0 0 1482 4900; baseline 0 0"><span class='ocrx_word' id='word_1_165' title='bbox 0 0 1482 4900; x_wconf 95' lang='lat' dir='ltr'> </span> 
     </span>
    </p>
   </div>
  </div>
 </body>
</html>
