2934 4900
251 315 307 377 160
667 310 848 378 Ethices
876 315 944 379 Part
963 315 1015 380 lli.

247 490 356 551 illarum
387 493 500 566 retum,
530 510 596 568 quae
626 491 714 569 hujus
748 492 930 554 existentiam
959 494 1134 570 secludunt,
1154 495 1205 558 sed
1226 513 1286 557 non
1309 496 1444 556 tollitur:

249 619 337 676 atque
359 605 433 666 adeo
454 605 545 666 homo
566 619 688 668 eatenus
709 621 824 666 tantum
844 607 978 685 laetatur,
998 622 1146 684 quatenus
1157 607 1219 668 lraec
1231 607 1442 670 determinatio

249 721 417 793 coercetur;
438 733 467 778 et
488 717 556 778 hinc
577 719 627 796 lit,
648 734 682 780 ut
702 718 765 780 lraec
787 718 928 795 LaetItIa,
955 739 1021 796 quae
1043 738 1081 782 er
1101 720 1163 797 rei,
1191 738 1278 798 quam
1299 719 1442 793 odimus,

248 830 324 889 malo
346 828 457 905 oritur,
478 829 570 890 toties
590 845 761 906 repetatur,
781 830 902 907 quoties
922 830 1050 907 ejusdem
1073 832 1115 893 rei
1133 836 1326 895 recordamur.
1347 835 1444 907 Nam,

247 939 292 1001 uti
321 939 467 1014 diximus,
499 943 618 1018 quando
648 941 778 1018 ejusdem
806 942 846 1002 rei
867 942 963 1022 imago
985 943 1153 1020 excitatur,
1174 944 1243 1026 quia
1266 945 1328 1004 ltaec
1349 942 1445 1020 ipsius

246 1053 287 1114 rei
315 1053 496 1115 existentiam
528 1053 677 1132 involvit,
706 1055 852 1116 hominem
885 1056 1058 1118 determinat
1089 1061 1126 1118 ad
1158 1075 1217 1117 tem
1245 1075 1311 1118 cum
1337 1061 1444 1118 eadem

248 1165 379 1228 Tristitia
400 1168 676 1244 contemplandum,
698 1186 757 1244 qua
778 1170 898 1229 eandem
920 1169 1113 1244 contemplari
1133 1169 1267 1245 solebat,
1290 1188 1357 1230 cum
1379 1170 1445 1245 ipsa

248 1279 392 1342 existeret.
419 1281 480 1356 ¹Sed
512 1281 579 1356 quia
611 1279 738 1356 ejusdem
772 1281 812 1341 rei
844 1281 962 1360 imagini
991 1282 1060 1342 alias
1077 1281 1200 1358 junxit,
1221 1301 1286 1358 quae
1309 1281 1443 1358 ejusdem

247 1393 429 1454 existentiam
460 1393 633 1470 secludunt,
664 1394 733 1455 ideo
765 1393 827 1454 haec
860 1397 896 1456 nd
927 1393 1088 1454 Tristitiam
1112 1392 1318 1455 determinatio
1340 1394 1443 1454 statim

247 1513 418 1583 coercetur,
444 1520 472 1566 et
498 1507 588 1567 lromo
616 1508 651 1567 de
678 1524 761 1569 novo
787 1509 923 1582 laetatur,
947 1523 978 1566 et
1003 1506 1061 1565 hoc
1088 1505 1200 1581 toties,
1229 1505 1349 1582 quoties
1377 1506 1446 1565 haee

248 1620 388 1695 repetitio
417 1620 459 1680 iit.
491 1618 593 1696 Atque
624 1619 687 1680 haec
719 1623 820 1681 eadem
852 1620 893 1680 est
917 1619 1023 1694 causa,
1051 1637 1102 1680 cur
1127 1619 1261 1680 homines
1281 1618 1445 1692 laetantur,

248 1729 367 1807 quoties
399 1730 522 1807 alicujus
549 1729 609 1807 jam
642 1729 781 1806 praeteriti
808 1731 874 1791 mali
899 1732 1108 1805 recordantur,
1129 1746 1159 1790 et
1181 1749 1233 1792 cur
1252 1729 1444 1805 pericula,a

248 1843 356 1918 quibus
382 1841 497 1902 liberati
523 1841 609 1918 sunt,
634 1859 747 1903 narrare
774 1844 930 1920 gaudeant.
961 1844 1036 1903 Nam
1063 1841 1113 1903 ubi
1135 1841 1255 1918 aliquod
1276 1840 1444 1915 periculum

246 1953 463 2032 imaginantur,
494 1953 570 2015 idem
602 1954 696 2017 veluti
728 1954 823 2016 adhuc
855 1956 987 2016 fututum
1016 1956 1268 2030 contemplantur,
1296 1957 1388 2014 etad
1413 1954 1444 2014 id

246 2068 433 2128 metuendum
455 2065 705 2141 determinantur;
726 2086 792 2143 quae
814 2067 1019 2129 determinatio
1041 2071 1077 2129 de
1098 2085 1180 2129 novo
1202 2073 1357 2128 coercetur
1374 2069 1444 2128 idea

244 2177 411 2254 libertatis,
431 2197 518 2256 quam
538 2179 627 2256 huJus
649 2178 771 2254 periculi
793 2180 865 2240 ideae
881 2179 1060 2256 junxerunt,
1076 2199 1143 2240 cum
1160 2182 1195 2239 ab
1207 2182 1312 2241 eodem
1321 2179 1444 2240 liberati

245 2291 330 2367 sunt,
362 2309 487 2368 quaeque
519 2309 572 2353 eos
604 2295 640 2352 de
673 2310 756 2354 novo
788 2267 906 2353 securos
937 2293 1049 2368 reddit;
1077 2307 1167 2368 atque
1195 2295 1270 2354 adeo
1295 2294 1333 2353 de
1356 2311 1445 2354 nouo

244 2403 389 2466 laetantur.

590 2578 920 2639 PROPOSITIO
951 2578 1089 2639 XLVIII.

282 2705 373 2765 Amor
392 2718 421 2765 et
442 2707 545 2767 Odium
564 2726 602 2765 ex
618 2725 668 2781 gr.
690 2724 763 2781 erga
783 2706 904 2765 Petrum
925 2707 1103 2782 destruitur,
1120 2705 1149 2781 fi
1172 2705 1329 2784 Tristitia,
1351 2726 1444 2782 quam

242 2816 311 2894 hoc,
339 2832 367 2877 et
393 2818 531 2892 Laetr'tr'a,
560 2836 645 2895 quam
671 2819 720 2877 ille
746 2819 892 2892 r'm’oltu't,
920 2820 991 2878 r'dea
1010 2819 1134 2877 alterius
1154 2816 1247 2894 causat
1259 2819 1445 2897 fungorum

242 2942 269 2989 et
289 2944 405 2990 eatenus
424 2943 544 3006 uterque
564 2931 757 3003 dimitrur'tur,
775 2943 915 3006 quatenus
925 2933 1128 3011 jmaginamur
1145 2929 1265 2988 Petrum
1281 2930 1444 3005 nonsolum

247 3040 337 3120 fur'fflr
356 3043 530 3102 alterutrius
549 3040 675 3117 causam.

638 3233 1024 3278 ozmoms'rnnuto

281 3362 365 3423 patet
397 3365 435 3408 ex
466 3345 525 3407 sola
556 3345 675 3406 Amoris
704 3360 733 3405 et
762 3344 832 3406 Odii
860 3345 1053 3421 definitione;
1080 3363 1167 3422 quam
1195 3344 1264 3407 uide
1285 3344 1316 3404 im
1337 3346 1446 3407 Schol.

242 3458 328 3535 Prop.
354 3476 398 3536 13.
419 3458 518 3535 hujus.
549 3459 624 3519 Nam
655 3472 777 3535 propter
807 3458 865 3518 hoe
897 3456 990 3519 solum
1022 3457 1141 3519 Latina
1170 3473 1295 3520 vocatur
1323 3460 1450 3531 Amor,

241 3587 270 3631 et
292 3570 423 3631 Tristitia
446 3570 554 3631 Odium
576 3589 641 3649 erga
663 3570 801 3645 Petrum,
830 3568 900 3645 quia
922 3570 1032 3630 scilicet
1054 3570 1157 3631 Petrus
1178 3568 1267 3645 hujus
1287 3570 1339 3630 vel
1361 3570 1446 3633 illius

243 3683 364 3745 effecius
394 3682 479 3743 causa
510 3680 565 3743 etse
596 3679 805 3742 consideratur.
836 3682 904 3742 Hoc
923 3682 1036 3759 ,itaque
1065 3681 1182 3758 prorsus
1209 3682 1258 3743 uel
1284 3699 1324 3740 ex
1354 3701 1446 3758 parte

242 3794 379 3871 sublato,
400 3795 521 3857 affedus
542 3810 662 3871 quoque
683 3810 750 3871 erga
771 3792 887 3853 Petrum
907 3793 1025 3869 prorsus
1042 3795 1090 3855 vel
1107 3810 1145 3853 ex
1156 3806 1239 3868 parte
1250 3792 1446 3856 diminuitur.

245 3908 397 3987 nau.

603 4079 932 4143 nnorosruro
962 4080 1069 4143 xttx.

283 4206 374 4273 Amor
393 4224 420 4272 er
443 4212 546 4271 Odium
565 4230 638 4287 erga
658 4228 740 4287 reru,
760 4228 845 4287 quam
865 4210 988 4270 liberam
1006 4209 1058 4288 effe
1072 4211 1281 4285 imaginamur,
1291 4212 1443 4288 majorca
1461 4196 1463 4199 ’

238 4330 312 4404 part·
331 4325 421 4401 causa
441 4338 561 4401 uterque
581 4322 661 4384 debet
683 4322 735 4401 effe
741 4367 751 4398 ,
771 4340 857 4399 quam
877 4341 950 4399 erga
969 4322 1161 4401 neceffarr'am.
