2934 4900
455 333 509 394 De
548 331 819 394 dilectibus.
1172 347 1228 406 129

39 509 181 582 aptiorem
204 508 265 570 effe
285 513 322 571 ad
344 510 402 570 hoc
425 510 472 572 nel
494 508 565 571 illud
586 508 733 586 objecium
757 508 1023 584 contemplandum.
1048 507 1091 567 At
1112 505 1229 581 dicent,

39 639 73 679 cs
94 620 165 682 solis
186 622 307 700 legibus
328 637 457 697 natutae,
477 637 624 698 quatenus
644 639 787 698 corporea
807 637 922 682 tantum
940 619 1151 694 confideratur,
1169 619 1230 680 heri

42 749 97 792 non
120 733 225 809 polie,
253 751 288 796 ut
309 733 402 796 causae
424 732 628 808 edificiorum,
656 733 850 809 piiiurartnu,
871 751 1023 808 rerumque
1044 731 1231 808 hujusmodi,

43 861 102 917 qua
132 843 198 905 soii
229 845 354 906 humani
376 861 436 906 arte
458 844 549 918 fiunt,
571 845 677 920 poffint
698 844 822 920 deduci,
843 862 897 904 nec
918 843 1035 920 Corpus
1056 844 1230 916 humanum,

43 952 90 1010 nih
111 972 126 1012 a
149 955 260 1016 Mente
292 953 532 1017 determinaretur
563 957 794 1032 docereturque,
825 971 897 1032 pote
929 955 998 1017 elset
1027 958 1063 1017 ad
1092 957 1230 1032 tempium

43 1065 160 1140 aliquod
190 1067 405 1130 aedificandum.
445 1067 555 1128 Verum
584 1083 639 1145 ego
664 1066 722 1142 jam
753 1066 882 1141 ostendi,
911 1067 991 1143 ipsos
1012 1065 1138 1143 nescire,
1159 1065 1229 1142 quid

42 1175 156 1253 Corpus
186 1180 292 1254 ponit,
320 1179 429 1256 quidve
458 1198 495 1240 ex
526 1178 584 1240 sola
612 1177 701 1255 ipsius
728 1193 839 1240 nuturae
867 1179 1118 1256 contemplatione
1145 1179 1229 1255 poilit

43 1288 164 1364 deduci,
186 1289 327 1368 ipsosque
349 1289 470 1366 plurima
499 1289 623 1366 experiri
650 1308 687 1350 ex
709 1289 778 1350 solis
798 1293 919 1350 Naturae
936 1290 1051 1369 legibus
1065 1290 1143 1367 lieri,
1163 1309 1229 1366 quae

42 1417 189 1476 nunquam
223 1401 405 1464 credidissent
435 1401 514 1478 poiie
542 1402 622 1476 fieri,
644 1401 695 1462 nist
717 1420 755 1462 ex
776 1401 888 1463 Mentis
909 1403 1087 1478 direliione3
1109 1418 1142 1464 ut
1163 1403 1231 1464 sunt

42 1531 88 1586 ea,
117 1533 186 1590 quae
219 1515 408 1578 somnambuli
435 1515 467 1576 in
496 1514 604 1575 somnis
633 1529 724 1592 agunt
731 1559 742 1591 ,
763 1532 888 1590 quaeque
910 1514 980 1590 ipsr,
1001 1517 1069 1577 dum
1090 1515 1231 1594 vigilant,

44 1624 233 1688 admirantur.
255 1627 344 1688 Addo
364 1627 412 1686 hic
436 1625 525 1702 ipsam
547 1626 691 1702 Corporis
711 1626 829 1687 humani
850 1626 1005 1703 fabricam,
1023 1645 1088 1702 quae
1107 1625 1230 1687 artificio

43 1736 200 1812 longiiiime
232 1737 347 1815 superat
376 1754 494 1813 omnes,
522 1757 587 1815 quae
615 1738 741 1800 humani
761 1755 822 1800 erre
844 1739 992 1800 fabricatae
1013 1738 1099 1815 sunt,
1118 1754 1152 1800 ut
1170 1738 1229 1814 jam

45 1863 170 1922 taceam,
204 1851 287 1925 quod
317 1848 402 1925 supra
434 1849 624 1923 ostenderim,
655 1869 693 1912 ex
724 1852 856 1927 Natura,
879 1849 932 1912 sub
953 1850 1063 1928 quovis
1084 1850 1229 1912 attributo

45 1959 242 2035 conliderata,
270 1961 382 2022 infinita
411 1961 502 2038 sequi.
543 1963 634 2042 Quod
662 1980 752 2038 porro
782 1965 818 2023 nd
840 1961 996 2038 secundum
1017 1962 1140 2038 attinet,
1162 1962 1228 2023 sane

46 2073 127 2150 longe
157 2073 277 2134 felicius
305 2073 363 2134 sese
392 2092 439 2134 res
464 2074 596 2136 humanae
617 2075 816 2150 haberent,sr
839 2093 922 2151 arque
943 2075 974 2135 in
994 2075 1121 2137 hominis
1142 2092 1228 2152 pore·

47 2181 111 2242 litte
144 2183 217 2244 effer
251 2203 307 2245 tam
338 2200 434 2248 tacere
466 2204 552 2262 quam
584 2186 676 2262 loqui.
717 2189 761 2248 At
793 2186 974 2262 experientia
995 2186 1065 2249 saris
1085 2187 1229 2263 superque

47 2295 146 2369 docet,
177 2296 313 2358 homines
342 2296 412 2356 nihil
441 2297 536 2358 minus
557 2297 587 2358 in
609 2297 755 2373 potestate
775 2298 881 2358 habere
903 2315 989 2374 quam
1009 2298 1153 2376 linguam,
1175 2315 1229 2358 nec

49 2405 135 2467 ninus
159 2407 243 2484 polle
264 2427 350 2485 quam
371 2408 522 2485 appetitus
544 2409 686 2470 moderari
708 2409 791 2484 suos;
812 2409 1229 2486 undefactoro,utp1eriqoe

47 2522 174 2595 credant,
199 2538 253 2581 nos
275 2540 308 2581 ea
329 2536 443 2581 tantum
464 2522 555 2582 libere
575 2539 674 2600 agere,
693 2540 759 2599 quae
777 2520 883 2584 leviter
900 2520 1121 2605 petimus,quia
1133 2538 1229 2581 earum

49 2648 132 2691 rerum
166 2632 319 2709 apperitus
350 2632 435 2693 facile
468 2633 602 2694 contrahi
634 2632 732 2709 potest
762 2632 898 2695 memorii
926 2632 1044 2693 alterius
1065 2631 1106 2692 rei
1114 2677 1124 2707 ,
1145 2629 1229 2706 cujus

50 2743 211 2819 frequenter
242 2746 441 2821 recordaturum
474 2744 522 2807 sed
553 2744 601 2805 illa
631 2744 767 2820 minime,
797 2764 862 2822 quae
895 2760 1000 2822 magno
1030 2762 1095 2805 cum
1123 2742 1229 2803 affectu

52 2855 189 2931 petimus,
210 2872 240 2917 et
261 2856 312 2933 qui
334 2857 452 2917 ulterius
473 2856 513 2917 rei
535 2856 672 2919 memorii
694 2857 786 2919 sedari
814 2856 934 2934 nequin·
968 2855 1228 2917 verumenimvero

51 2964 94 3025 nih
114 2968 232 3044 experti
253 2966 359 3045 edent,
380 2987 436 3029 nos
456 2970 540 3045 plura
561 2986 664 3048 agere,
684 2986 809 3045 quorum
830 2968 931 3045 postea
952 2967 1095 3044 poenitet,
1116 2966 1228 3042 nosque

51 3075 135 3153 sape,
155 3083 278 3157 quando
300 3080 336 3141 sc.
358 3080 512 3141 contrariis
533 3080 685 3143 offetlihus
706 3080 922 3157 conflictamur,
944 3079 1062 3141 meliora
1079 3078 1179 3141 videre
1197 3094 1228 3138 er

50 3190 189 3253 deteriora
218 3190 315 3267 sequi,
342 3190 415 3251 nihil
443 3190 616 3269 impediret,
644 3211 705 3271 quo
735 3190 829 3253 minua
859 3194 1027 3266 crederent,
1054 3209 1110 3251 nos
1131 3188 1228 3252 omnia

50 3298 128 3363 libere
162 3319 256 3381 egere.
296 3303 344 3363 Sic
376 3302 471 3365 inians
500 3304 528 3365 se
558 3306 601 3365 lac
629 3303 719 3366 libere
749 3317 887 3381 appetere
909 3302 1001 3364 credit
1008 3346 1018 3378 ,
1037 3320 1111 3379 puer
1130 3318 1227 3363 autern

50 3408 129 3473 imtus
162 3412 318 3477 vindietam
348 3416 443 3492 velle,
472 3431 503 3475 et
525 3414 645 3478 timidus
665 3417 773 3495 fugam.
813 3414 921 3475 Ebrius
941 3413 1047 3477 deinde
1068 3413 1177 3489 credit,
1199 3413 1227 3473 se

50 3539 81 3580 ea
100 3524 195 3587 libero
217 3524 330 3587 Mentis
348 3528 468 3587 decreto
488 3544 522 3588 ea
540 3526 640 3603 loqui,
658 3544 723 3603 quae
742 3525 842 3601 postea
860 3524 974 3586 sobrius
991 3526 1080 3586 vellet
1098 3506 1233 3585 tacuisse:¹

51 3631 81 3691 fic
100 3636 240 3711 delirans,
261 3637 386 3715 garritio,
406 3654 496 3715 puer,
517 3652 547 3698 et
568 3637 657 3715 huius
678 3636 777 3697 fndnae
800 3635 931 3711 plurimi,
950 3654 987 3696 ex
1004 3634 1098 3697 libero
1115 3635 1228 3697 Mentis
1332 3671 1338 3679 -

50 3747 164 3808 decreto
185 3751 309 3809 credunt
330 3748 429 3825 loqui;
452 3768 518 3811 curn
539 3764 636 3810 tamen
656 3747 797 3825 loquendi
820 3748 979 3824 impeturn,
1000 3765 1086 3823 quem
1103 3747 1227 3823 habent,

52 3861 196 3921 continere
224 3878 389 3939 nequeant,
416 3862 458 3923 ita
488 3878 520 3924 ut
549 3862 610 3938 ipsa
638 3860 819 3937 experientia
848 3879 907 3921 non
929 3860 1024 3921 minus
1044 3861 1119 3921 clare
1140 3879 1225 3937 quam

53 3970 135 4033 llario
155 3974 280 4049 doceat,
297 3977 378 4051 quod
396 3974 528 4036 homines
548 3994 581 4035 ea
600 3973 660 4035 sola
681 3977 716 4035 de
739 3972 823 4033 causa
844 3972 952 4033 liberos
969 3972 998 4032 se
1016 3970 1072 4033 esse
1090 3974 1226 4045 credunt,

53 4082 111 4155 quia
133 4084 247 4145 suarum
274 4084 419 4147 ahionum
449 4086 515 4147 iurat
537 4083 662 4159 conscii,
684 4101 714 4146 et
737 4084 902 4158 causarum,
923 4102 939 4145 a
960 4083 1069 4159 quibus
1089 4084 1224 4145 determi-

54 4210 165 4273 nantur,
194 4196 303 4275 ignari;
331 4212 361 4258 et
392 4212 548 4274 preterea,
576 4199 658 4274 quod
682 4196 795 4258 Mentis
815 4198 933 4257 decreta
953 4195 1026 4256 nihil
1046 4194 1100 4257 snat
1121 4209 1226 4271 praeter

54 4304 122 4382 ipsos
143 4308 314 4387 appetitus,
336 4326 401 4385 quae
424 4324 578 4386 propterea
601 4308 680 4369 varia
702 4309 768 4370 sunt
789 4327 843 4384 pro
865 4307 944 4371 varia
964 4307 1107 4383 Corporis
1126 4306 1224 4383 dispo·

1107 4419 1125 4476 9
