2934 4900
186 318 246 400 μθ
663 318 901 381 Tractatus

187 493 408 572 erat,mysieria
426 494 565 555 coelorum
582 494 717 569 noscere,
738 510 783 555 res
805 508 839 555 ut
860 507 984 554 aeternas
1005 490 1146 554 veritates
1166 486 1291 563 docuit,
1312 503 1380 547 non

187 622 260 669 vero
280 620 315 668 ot
333 606 413 685 leges
433 605 621 684 prescriptit3
641 622 673 668 et
692 606 748 667 stac
769 606 883 667 ratione
894 602 1128 667 eosasersintte
1139 600 1212 680 legis
1220 598 1381 674 liberavit,

187 733 218 780 et
245 717 435 780 nihilominus
462 720 553 799 legem
578 720 637 780 hoc
657 718 749 799 tnagis
777 715 961 780 confirmavit
982 730 1013 777 et
1034 712 1193 788 stabilivit,
1212 728 1380 786 eorumque

188 829 328 892 cordibus
352 830 471 906 penitus
498 830 651 909 inscripsit.
691 832 783 915 Quod
811 830 899 891 etiam
925 828 1033 890 Paulus
1054 824 1229 905 quibusdam
1247 822 1280 885 in
1299 824 1380 883 locis

188 942 316 1004 indicere
336 942 473 1005 videtur:
504 962 609 1020 nempe
636 944 759 1021 Epistol.
788 945 825 1005 ad
846 945 936 1005 Rom.
957 960 1022 1017 cap.
1043 956 1071 1017 7.
1093 940 1136 1005 vs.
1155 942 1185 1001 6.
1206 954 1236 999 et
1257 956 1325 1014 cap.
1348 955 1379 1013 3.

188 1056 231 1118 vs.
259 1056 308 1117 28.
348 1057 489 1119 Attamen
517 1076 572 1118 nec
600 1056 648 1119 ille
669 1056 758 1119 eriant
779 1072 879 1134 aperte
899 1054 983 1132 loqui
1005 1054 1086 1130 uult,
1107 1054 1174 1129 sed,
1194 1066 1229 1114 ut
1249 1050 1313 1127 ipse
1335 1048 1379 1111 ait

188 1186 253 1243 cap.
264 1184 293 1244 3.
313 1167 396 1243 uss.
416 1182 447 1230 et
468 1187 532 1246 cap.
541 1170 572 1229 6.
593 1168 636 1231 vs.
660 1186 706 1247 19.
727 1168 819 1246 ejusd.
840 1166 950 1245 spin,
970 1166 1098 1228 humano
1124 1180 1204 1225 more
1224 1159 1381 1237 loquitur,

188 1282 271 1357 quod
290 1280 418 1357 expresse
445 1280 536 1358 dicit,
562 1299 628 1346 cum
656 1284 753 1345 Deum
778 1282 888 1360 justum
908 1294 1017 1357 vocat;
1038 1294 1069 1341 et
1090 1278 1149 1339 sine
1170 1275 1264 1339 dubio
1285 1274 1380 1335 ctiam

189 1411 311 1471 propter
330 1395 424 1456 carnis
444 1394 674 1457 imbecillitatem
694 1395 763 1457 Deo
784 1393 1026 1470 misericordiam,
1051 1390 1185 1472 matiam,
1208 1388 1296 1463 iram,
1318 1402 1382 1449 etc.

188 1504 318 1585 asdngit,
338 1521 369 1568 et
389 1505 510 1586 ingenio
535 1506 644 1583 plebis,
672 1506 732 1570 live
760 1508 809 1587 (ur
829 1506 890 1584 ipse
918 1506 1006 1567 etiam
1027 1504 1069 1565 sit
1090 1522 1154 1580 cap.
1177 1520 1204 1580 3.
1227 1500 1269 1566 vs.
1294 1517 1326 1576 r,
1348 1518 1381 1561 ι.

189 1618 281 1695 Epist.
305 1635 330 1679 t.
351 1621 389 1681 ad
408 1618 560 1700 Corinth.)
590 1619 743 1682 hominum
773 1618 949 1694 carnalium,
975 1618 1025 1680 sua
1046 1618 1135 1681 verba
1155 1616 1381 1689 accommodat;

189 1748 255 1791 nam
275 1748 340 1807 cap.
361 1750 390 1809 9.
411 1732 453 1794 vs.
468 1730 513 1793 18.
533 1730 625 1809 Epist
647 1734 685 1794 ad
706 1734 794 1793 Rom.
817 1730 949 1792 absolute
970 1732 1059 1791 docet
1065 1773 1076 1805 ,
1096 1728 1155 1791 Dei
1171 1727 1241 1789 iram
1252 1726 1379 1804 ejusque

189 1841 411 1905 misericordiam
438 1862 499 1905 non
527 1844 564 1903 ab
591 1842 728 1906 humanis
750 1842 906 1921 operibus,
927 1843 977 1905 sed
998 1862 1014 1903 a
1036 1840 1096 1902 sola
1117 1839 1174 1902 Dei
1196 1838 1379 1912 vocatione,

189 1954 248 2015 hoc
278 1954 320 2015 est
350 1957 524 2031 voluntate,
554 1956 698 2031 pentem
728 1954 835 2019 deinde
864 1956 946 2031 quod
974 1972 1011 2015 ex
1033 1954 1174 2030 operibus
1194 1950 1267 2031 legis
1288 1968 1378 2012 nemo

189 2066 241 2127 liat
262 2064 375 2142 justus,
400 2066 450 2128 sed
474 2085 512 2127 ex
537 2067 597 2128 sola
622 2068 681 2129 fide
706 2068 791 2147 (vide
817 2068 874 2145 Ep.
901 2069 939 2127 ad
965 2068 1054 2127 Rom.
1082 2084 1145 2142 cap.
1173 2082 1201 2142 3.
1229 2064 1272 2128 vs.
1293 2066 1379 2143 sil),
1448 2109 1449 2157 ι

190 2196 244 2255 per
263 2196 350 2256 quam
371 2178 438 2241 sane
459 2177 532 2240 nillil
552 2178 631 2242 aliud
654 2179 809 2259 inteiligit,
832 2198 918 2257 quam
939 2180 1057 2255 plenum
1078 2177 1165 2239 animi
1187 2174 1377 2251 consensum
1448 2158 1449 2175 ¹

190 2306 221 2352 et
242 2289 388 2367 denique,
408 2292 491 2368 quod
511 2310 598 2353 nemo
619 2293 670 2354 fiat
689 2295 811 2369 beatus,
832 2291 882 2353 nili
904 2306 1030 2353 mentem
1052 2288 1158 2351 Chrilli
1176 2288 1207 2351 in
1223 2286 1252 2351 se
1268 2288 1378 2349 habeat

191 2400 275 2482 (vide
306 2401 397 2481 Epist.
428 2405 465 2465 ad
496 2405 584 2466 Rom.
616 2422 680 2483 cap.
713 2405 741 2466 8.
773 2404 814 2467 vs.
844 2405 888 2484 9.)
896 2450 907 2481 ,
939 2422 997 2482 qua
1026 2402 1138 2466 scilicet
1165 2402 1244 2483 leges
1265 2399 1322 2464 Dei
1344 2416 1381 2464 ut

190 2531 314 2578 eternas
334 2517 475 2579 veritates
496 2517 648 2594 pereipitt.
689 2516 904 2579 Concludimus
923 2516 1041 2594 itaque,
1067 2518 1163 2580 Deum
1184 2535 1246 2578 non
1268 2515 1319 2576 nisi
1340 2534 1379 2576 ex

190 2643 282 2705 captu
306 2627 405 2708 vulgi,
429 2645 461 2692 et
485 2648 524 2690 ex
549 2629 612 2692 solo
639 2631 757 2691 defectu
782 2628 991 2709 cogitationis,
1020 2645 1158 2706 tanquam
1182 2627 1378 2709 legislatorem

190 2755 243 2802 aut
262 2739 424 2818 principem
445 2739 585 2817 describi,
605 2757 635 2802 et
652 2739 778 2818 justum,
799 2739 1029 2819 misericordem,
1050 2757 1107 2802 etc.
1129 2742 1246 2817 vocari3
1267 2741 1377 2802 Deum-

191 2873 250 2930 que
277 2871 376 2918 revera
401 2873 440 2915 ex
460 2853 551 2916 solius
579 2854 636 2916 sut
658 2868 770 2915 nature
789 2871 819 2914 et
845 2852 1033 2929 perfeetionis
1055 2853 1219 2914 neceffirate
1241 2869 1326 2932 agere
1347 2867 1378 2912 et

191 2966 289 3028 omnia
314 2965 453 3046 dirigere,
479 2980 509 3028 et
535 2966 599 3044 ejus
625 2963 753 3044 denique
785 2969 901 3028 decreta
928 2981 958 3026 et
986 2965 1147 3030 volitiones
1173 2979 1295 3032 aeternas
1320 2963 1377 3025 esse

191 3077 349 3154 veritates,
379 3079 549 3156 semperque
576 3055 770 3140 necesitatein
790 3079 964 3154 involvere;
991 3077 1081 3155 idque
1101 3076 1159 3152 est,
1180 3077 1263 3154 quod
1283 3074 1377 3152 p'rimo

190 3190 220 3251 in
241 3191 310 3252 loco
332 3191 478 3267 explicare
498 3209 530 3252 et
550 3191 701 3254 ostendere
722 3191 939 3254 constitueram.

231 3306 280 3366 Ad
295 3306 451 3382 secundum
477 3303 567 3384 igitur
592 3302 787 3380 transeamus,
816 3320 846 3366 et
867 3305 981 3366 Sacram
1003 3303 1141 3384 Paginatn
1162 3321 1378 3380 percurramus,

192 3433 239 3492 et,
256 3415 329 3494 quid
346 3416 408 3493 ipsa
426 3419 463 3478 de
480 3417 605 3478 Lumine
622 3418 757 3479 Naturali
769 3433 799 3479 et
810 3419 875 3497 lege
895 3417 950 3478 hac
972 3415 1072 3480 divina
1094 3419 1199 3491 docet,
1217 3413 1378 3478 videamus.

192 3530 336 3605 Primum,
365 3531 448 3606 quod
479 3528 568 3590 nobis
597 3530 741 3606 occurrit,
774 3529 814 3590 est
836 3529 896 3606 ipsa
919 3529 1001 3605 primi
1022 3529 1150 3590 hominis
1170 3528 1306 3604 historia,
1328 3528 1377 3590 ubi

191 3658 341 3718 narratur,
368 3643 463 3704 Deum
492 3642 609 3702 Adamo
637 3639 818 3718 precepisse,
847 3660 884 3702 ne
906 3643 1072 3704 comederet
1092 3643 1128 3703 de
1149 3641 1245 3702 srustu
1266 3639 1377 3702 arboris

192 3753 374 3834 cognitionis
404 3753 476 3814 boni
507 3769 538 3814 et
568 3753 650 3829 mali;
681 3756 763 3830 quod
795 3753 954 3833 significare
983 3753 1117 3830 videtur,
1145 3755 1240 3816 Deum
1262 3755 1376 3816 Adamo

193 3866 360 3944 precepisse
366 3913 377 3944 ,
394 3869 505 3930 bonum
516 3884 600 3946 agere
610 3883 640 3928 et
651 3885 779 3944 querere
797 3867 849 3928 sub
867 3867 981 3929 ratione
999 3868 1088 3942 boni,
1105 3885 1136 3930 et
1154 3885 1213 3928 non
1232 3883 1377 3944 quatenus

194 3977 371 4040 contrarium
399 3979 441 4040 est
468 3981 562 4054 malo,
590 3979 648 4040 hoc
677 3978 733 4054 est,
762 3994 795 4040 ut
817 3980 928 4041 bonum
950 3998 988 4040 ex
1009 3997 1105 4041 amore
1126 3979 1197 4041 boni
1220 3995 1378 4058 quareret,

192 4109 254 4152 non
286 4107 384 4153 autem
415 4110 452 4152 ex
483 4092 588 4153 timore
622 4091 704 4154 mali:
734 4091 785 4169 qui
807 4091 899 4167 enim,
922 4109 954 4153 ut
972 4091 1031 4169 jan
1053 4091 1244 4168 ostendimus,
1269 4095 1376 4154 bonurn

193 4203 253 4282 agit
285 4223 322 4264 ex
354 4221 422 4266 vcra
454 4204 525 4264 boni
557 4203 732 4282 cognitione
761 4219 791 4265 er
813 4222 927 4280 amore,
949 4203 1038 4266 libere
1060 4221 1090 4266 et
1113 4205 1259 4267 constanti
1280 4206 1375 4268 anino

195 4319 273 4399 agit,
302 4316 352 4396 qui
379 4331 477 4379 auten
505 4335 543 4378 ex
570 4317 675 4381 tinore
699 4317 782 4394 mali,
804 4317 828 4380 is
850 4319 925 4382 nalo
948 4319 1067 4381 coastus
1089 4333 1118 4380 et
1140 4317 1281 4381 serviliter
1302 4319 1375 4398 agit,
