2934 4900
173 328 234 406 ⁶²4
483 327 814 390 Annotationeo
844 325 885 386 in
913 323 1054 387 Tract

237 499 354 564 uidetur,
380 513 442 552 tune
466 501 539 553 locus
563 501 609 552 ille
633 501 716 552 elenu
750 499 854 566 proprie
880 513 907 552 et
934 498 1069 554 secundum
1095 499 1194 552 literrm
1211 496 1248 550 est
1265 497 1363 550 iutelli-

240 584 350 652 genduoe
374 583 416 635 hic
438 599 502 636 vero
528 583 633 651 figurete
659 598 687 636 et
712 581 848 636 secundum
875 583 947 636 illum
975 584 1189 650 interprettndue.
1212 584 1262 634 liu.
1279 597 1318 650 gt.
1337 585 1364 632 s.

239 667 332 718 Literae
361 666 427 718 cure
458 667 681 744 δογματίζουσι,
714 667 795 718 Deum
825 667 870 732 effe
896 683 989 730 unum,
1013 681 1040 718 et
1065 666 1122 719 eliis
1147 667 1175 718 in
1202 665 1267 718 loeis
1293 667 1363 717 Deru

238 761 354 825 loquitur
369 774 475 812 numero
492 761 602 824 plurmi,
627 760 695 812 unde
722 759 792 825 sequi
820 761 937 825 videtur,
954 761 1026 812 illum
1045 775 1096 814 non
1114 759 1161 812 effe
1179 775 1267 812 uuum.
1295 763 1361 812 Cum

238 844 316 911 igitur
340 844 411 908 prius
436 858 469 894 ex
492 842 604 908 prolell'o
630 843 769 906 doceatur,
795 843 920 908 posterius
945 858 1008 896 vero
1034 859 1080 908 per
1104 842 1312 908 consequentiam
1329 858 1362 894 ex

238 927 270 977 iir
286 927 438 988 deducatur,
453 927 480 978 hl
498 939 583 978 textus
600 925 740 992 improprie
758 925 884 989 sumendi,
902 925 1079 979 referundum
1097 927 1174 989 illos,
1191 927 1237 990 qui
1255 927 1361 992 proprie

239 1009 318 1074 tocipl
344 1010 456 1071 debent,
486 1009 633 1074 exponendi
659 1021 743 1060 erunt.
777 1009 899 1061 Similiter
921 1006 1043 1072 jubetur,
1067 1008 1208 1060 cavendum
1234 1007 1305 1070 ell'e,
1331 1023 1362 1058 ne

237 1094 319 1144 Deum
336 1107 487 1158 corporeum
504 1091 686 1160 imagitionum
712 1091 806 1144 dicitur
832 1092 900 1143 enirn
925 1094 1067 1144 Deuteron.
1084 1107 1128 1156 »με
1148 1091 1274 1144 Cauetore
1291 1093 1362 1144 uobis

238 1177 317 1230 uide
333 1176 407 1241 (nem
424 1192 472 1227 non
489 1175 706 1241 animadvertistis
724 1177 806 1226 ullam
827 1175 1033 1240 fimilirudinem,
1051 1174 1115 1240 ere.)
1132 1184 1162 1224 ur
1179 1190 1227 1224 non
1240 1173 1362 1237 faciatis

238 1260 308 1312 nolis
322 1258 460 1326 sculptile,
473 1258 665 1324 finilitudincnt
684 1259 764 1308 ullius
779 1258 942 1324 fimulaclm',
961 1268 1009 1308 etc.
1034 1260 1068 1309 Et
1085 1257 1187 1322 pollere
1206 1259 1235 1308 Si
1250 1258 1362 1322 facietis

235 1342 376 1408 sculptile,
389 1340 579 1406 similitudinem
596 1341 677 1391 ullius
696 1343 756 1404 rei,
774 1351 840 1404 ete„
864 1341 984 1406 contestor
1007 1351 1096 1392 contra
1122 1356 1166 1394 eos
1185 1341 1259 1391 hodie
1276 1341 1361 1390 calum

239 1435 267 1476 er
292 1435 408 1486 terram,
431 1424 492 1488 fore
515 1433 545 1473 ut
568 1425 666 1476 omnino
690 1426 810 1491 pereatis
837 1440 910 1490 quam
935 1426 1068 1475 celerrime
1094 1439 1107 1474 e
1128 1433 1201 1475 terre
1227 1425 1297 1484 illa,
1315 1433 1363 1472 ere.

238 1505 337 1573 Quibus
354 1505 418 1556 locis
434 1506 501 1556 clere
517 1506 638 1568 docetur,
655 1508 738 1557 Deum
757 1504 806 1560 elle
824 1507 1012 1572 incorporeum.
1029 1506 1154 1574 Quocirca
1163 1505 1210 1556 isto
1221 1518 1362 1569 precepto,

238 1601 265 1642 et
289 1603 342 1641 nou
368 1588 466 1640 ratione
489 1588 647 1655 obligamur,
676 1604 766 1641 omnen
792 1602 895 1652 textus,
921 1604 936 1640 e
962 1588 1072 1654 quibus,
1098 1591 1180 1640 Deum
1206 1601 1360 1653 corporeum

239 1671 306 1736 elle,
322 1672 411 1739 colligi
428 1671 498 1736 polle
514 1671 637 1735 videtur,
653 1687 685 1724 ex
702 1675 753 1725 hoc
770 1687 898 1738 precepto
917 1673 1124 1738 interpreteri”.]

717 1869 815 1930 XXIX

653 2009 701 2075 (td
717 2025 776 2076 rat·
793 2010 869 2076 547)-

173 2203 235 2265 LB.
256 2203 411 2280 Interpret.
431 2201 537 2279 script.
557 2220 588 2279 p.
608 2204 657 2278 76.

206 2379 248 2445 [In
258 2378 317 2431 libri
335 2378 412 2430 modo
430 2379 525 2431 leudeti
543 2396 569 2444 p.
577 2379 620 2445 76.
637 2393 694 2431 rum
703 2379 752 2430 alin
761 2391 814 2431 tntu
828 2380 882 2431 htec
898 2377 1017 2432 rdvetl'us
1036 2375 1268 2442 sentenu'ernquttn
1278 2379 1357 2430 modo

236 2463 368 2515 retulimus
392 2461 560 2529 disputantur.
584 2464 664 2528 „Sed
692 2478 756 2516 vero
783 2464 934 2531 largiemur,
959 2463 1057 2527 aliquid
1084 2462 1110 2515 in
1128 2465 1154 2513 s.
1171 2462 1264 2513 Literis
1291 2463 1360 2514 clere

235 2559 311 2611 etque
336 2546 469 2612 perspicue
494 2546 613 2611 exprimi.
645 2549 686 2598 An
713 2546 841 2613 igitur,li
868 2546 1096 2625 δογματίζουσαι
1120 2544 1274 2607 oneremur,
1290 2546 1360 2595 nihil

236 2643 282 2708 ψ
308 2642 426 2709 aliquid,
450 2642 493 2694 vel
519 2642 621 2707 aliquid
639 2642 684 2705 effe
701 2642 788 2703 nihil,
804 2640 880 2691 etiam
898 2640 1020 2705 proprie,
1037 2653 1063 2691 et
1081 2652 1108 2691 ut
1127 2638 1261 2702 sonarent,
1278 2637 1359 2691 ellent

235 2724 426 2793 intelligenda,
442 2724 605 2790 quantumvis
622 2723 698 2775 etium
715 2722 807 2775 nostre
824 2722 929 2774 Rutioni
947 2720 1158 2775 adversarentur?
1176 2725 1239 2775 stne

765 2832 798 2845 *-
816 2806 909 2858 Credet
925 2806 1028 2875 Judeus
1044 2806 1150 2871 Apelle,

530 2892 589 2942 Non
606 2903 671 2957 ego,

235 2988 319 3038 neque
344 2974 411 3026 ullus
427 2972 491 3025 sene
508 2972 617 3037 tuentio,
643 2972 797 3036 nequidem
815 2970 876 3037 ipse.
910 2972 1024 3039 Cogetur
1041 2972 1126 3034 enim,
1151 2986 1208 3023 cum
1226 2971 1356 3035 scriptun

235 3056 279 3108 libi
297 3057 400 3109 videtur
417 3057 604 3119 contradicere,
623 3055 712 3118 interi,
728 3055 838 3107 Ratione
856 3054 896 3107 uti
915 3055 1006 3117 licere,
1023 3067 1052 3106 ut
1070 3052 1183 3121 dignosci
1191 3053 1355 3119 polilt‚qure·

234 3155 292 3192 nrm
317 3141 374 3191 loct
399 3140 517 3205 proprie,
542 3154 656 3204 queneto
682 3138 822 3203 improprie
848 3140 896 3189 lint
922 3152 948 3189 et
976 3136 1081 3205 figurate
1099 3136 1355 3205 intelligendumque

234 3222 432 3287 interpretenda.
466 3223 556 3290 Quolit
582 3222 656 3285 sunt,
681 3222 762 3273 Deum
789 3236 837 3273 non
863 3222 921 3271 duci
943 3222 1110 3287 punitentia,
1127 3222 1204 3272 Num.
1220 3235 1251 3282 2³
1270 3236 1278 3271 t
1296 3234 1356 3283 23„

237 3322 261 3358 r.
276 3308 342 3358 Sem.
361 3320 391 3371 15
408 3322 416 3356 t
434 3322 493 3375 29„
509 3318 559 3359 etc.
582 3318 608 3357 et
635 3307 737 3355 eundem
761 3304 915 3371 punitum,
933 3306 997 3370 quod
1016 3305 1135 3354 hominem
1150 3302 1271 3369 feceret,
1289 3304 1355 3354 Gen.

234 3388 314 3451 626„
331 3401 357 3441 et
375 3388 444 3454 istius
460 3389 614 3456 notamur
627 3388 756 3454 sederem
778 3386 836 3454 [se]
856 3388 964 3439 dixerat
978 3388 1071 3455 populo
1084 3387 1146 3453 suo,
1162 3387 1303 3448 hod-sot
1315 3400 1357 3449 14.

235 3472 268 3521 Et
284 3470 333 3522 eliu
349 3470 376 3521 id
392 3486 471 3539 genus
487 3486 562 3536 quem
579 3471 688 3536 plurime
704 3469 788 3536 prffim
805 3470 919 3537 ouvit”.]

717 3691 802 3753 XXX

658 3852 706 3918 (td
723 3867 781 3920 ott·
799 3850 872 3917 ⁵51)-

170 4008 228 4072 LB.
249 4012 403 4088 Interpret.
424 4012 530 4088 Script.
551 4030 580 4086 p.
605 4026 670 4087 113.

205 4152 247 4219 [ln
265 4151 374 4216 eiusdem
392 4154 450 4207 libri
473 4155 637 4223 puriorque
654 4168 760 4205 numero
781 4167 837 4215 113.
855 4152 891 4204 eli
907 4152 950 4204 etll
968 4164 1025 4204 cum
1042 4150 1141 4215 reliquo
1158 4146 1266 4217 Epilogo
1285 4150 1356 4201 notis

235 4237 404 4287 numeralibus
418 4250 502 4299 curet,
516 4240 570 4288 haee
583 4238 715 4305 leguntur:
730 4272 752 4302 „
762 4235 981 4301 ...(scrupulum)
995 4250 1090 4297 unum,
1104 4232 1255 4297 etquidem,
1264 4232 1355 4285 nolito

232 4312 345 4379 ludldQ
361 4316 418 4369 setis
431 4333 526 4386 magne
540 4320 615 4371 molis
628 4334 748 4372 emovere
764 4318 930 4381 studebimus,
945 4316 1050 4369 firmiter
1063 4315 1223 4381 perintime
1239 4314 1356 4381 subluto,
