2934 4900
353 358 409 434 De
448 359 676 429 Setvitute
716 358 909 425 Humana.
1164 380 1220 429 aar

40 540 108 615 Qec
133 540 228 618 Pup.
247 541 278 599 6.
298 537 400 617 Mus)
426 538 553 616 reliquas
578 539 707 600 hominis
734 540 864 603 titiones
891 540 1024 617 superare
1050 542 1163 619 poteli;
1185 543 1223 605 stc

39 650 123 711 etiam
144 649 323 726 Cupiditas,
350 668 417 727 que
435 668 474 711 ex
494 652 599 712 eodem
621 650 727 713 alfediu
748 651 858 727 oritur,
885 652 1012 729 reliquas
1034 652 1224 729 Cupiditates

40 762 189 837 superare,
208 781 242 823 ac
262 762 386 838 proinde
406 766 530 825 eundem
551 761 695 824 excelsum
715 764 822 825 habere
844 765 969 841 poterit,
992 784 1077 842 quem
1098 767 1128 827 in
1151 786 1223 843 prae-

41 876 155 936 cedenti
175 874 381 952 Proposrtione
401 874 616 937 Titillationem
636 876 743 936 lrabere
765 876 951 939 ostendimus.
994 880 1028 955 Q.
1049 880 1086 940 E.
1107 880 1147 941 D.

507 1037 709 1081 sononru
722 1038 759 1080 tr.

78 1129 239 1207 llilaritas,
266 1148 352 1207 quam
380 1134 487 1193 bonam
517 1130 572 1192 effe
593 1132 672 1209 dixi,
692 1132 860 1211 concipitur
882 1136 995 1198 facilius
1015 1156 1102 1213 quarn
1125 1138 1223 1199 obser-

44 1262 133 1307 vatur.
174 1246 253 1306 Nam
281 1245 418 1319 affeiius,
446 1245 554 1322 quibus
582 1245 717 1322 quotidie
742 1248 956 1325 conflillamur,
977 1250 1140 1311 referuntur
1160 1252 1222 1326 ple·

43 1376 159 1435 rumque
181 1362 219 1419 ad
241 1360 366 1435 aliquam
393 1360 535 1435 Corporis
563 1374 692 1437 partem,
720 1378 785 1436 quae
806 1378 865 1436 prae
886 1360 1005 1436 reliquis
1027 1359 1167 1435 afficitur;
1190 1379 1223 1419 ac

43 1469 161 1544 proinde
195 1470 317 1533 affeeius
345 1487 378 1532 ut
403 1470 556 1547 plurimum
587 1469 732 1533 excess'um
759 1471 886 1546 habent,
907 1487 936 1532 et
958 1472 1090 1531 Mentem
1112 1470 1141 1530 in
1164 1470 1224 1531 sola

44 1582 124 1641 utrius
163 1582 275 1659 objedli
313 1584 564 1659 contemplatione
602 1583 643 1643 ita
681 1583 837 1659 detinent,
868 1598 901 1644 ut
933 1586 969 1645 de
1000 1582 1063 1644 aliis
1094 1582 1224 1661 cogitare

44 1711 183 1771 nequeat;
205 1710 236 1756 et
257 1696 390 1773 quamvis
409 1695 543 1757 homines
564 1688 696 1771 pluribus
717 1695 869 1759 affectibus
891 1696 1015 1757 obnoxii
1036 1694 1109 1771 ssnt,
1134 1710 1223 1771 atque

44 1808 112 1887 adeo
139 1809 197 1869 rari
225 1808 421 1885 reperiantur,
449 1809 501 1887 qui
529 1808 640 1884 semper
660 1827 721 1870 uno
743 1810 905 1885 eodemque
928 1808 1033 1869 affedtu
1054 1808 1223 1869 conflicten-

45 1935 102 1993 tur,
128 1940 193 1984 non
220 1920 327 1983 desunt
354 1936 467 1995 tamen,
495 1922 603 1997 quibus
630 1939 707 1981 unus
733 1920 870 1997 idemque
896 1920 1016 1982 affedius
1038 1920 1225 1996 pertinaciter

45 2032 195 2093 adhaerear.
236 2032 380 2094 Videmus
411 2033 487 2094 enim
516 2032 650 2094 homines
682 2032 840 2108 aliquando
872 2035 907 2093 ab
939 2052 1001 2094 uno
1033 2033 1151 2111 objedlo
1183 2034 1225 2095 ita

46 2142 130 2217 affici,
157 2160 195 2205 ut
216 2144 352 2221 quamvis
373 2146 497 2221 prasens
518 2164 578 2207 non
600 2144 652 2218 srt,
679 2144 771 2221 ipsum
802 2160 897 2205 tamen
919 2163 1015 2206 coram
1036 2146 1142 2206 habere
1164 2164 1225 2206 cre-

46 2262 125 2333 dant;
154 2260 240 2335 quod
269 2260 388 2335 quando
414 2258 526 2320 homini
555 2277 616 2319 non
637 2258 794 2319 dormienti
816 2259 939 2333 accidit,
960 2262 1083 2321 eundern
1105 2260 1224 2321 delirare

47 2369 162 2430 dicimus
195 2372 246 2434 vel
276 2369 419 2446 insanire3
458 2389 511 2431 uec
543 2370 638 2431 minus
669 2370 792 2432 insanire
824 2371 1002 2447 creduntur,
1033 2371 1084 2447 qui
1116 2372 1224 2431 Amore

47 2485 157 2559 ardent,
188 2483 302 2560 quique
332 2487 434 2545 notlea
464 2499 553 2560 atque
585 2482 648 2544 dies
678 2482 768 2544 solam
800 2482 929 2544 amadan
961 2485 1008 2545 vel
1047 2483 1224 2545 meretricem

46 2592 200 2672 somniant,
228 2595 299 2671 quia
325 2595 411 2656 risum
438 2614 556 2659 movere
585 2595 689 2657 solent.
730 2597 773 2656 At
801 2615 866 2658 curn
887 2613 993 2658 avarus
1014 2598 1050 2657 de
1071 2597 1148 2658 nulla
1170 2597 1225 2658 alia

47 2725 87 2780 re,
110 2727 202 2786 quam
221 2711 261 2769 de
278 2710 363 2769 lucro
384 2710 433 2770 vel
453 2710 490 2769 de
511 2708 636 2770 nummis
662 2708 793 2786 cogitet,
814 2725 845 2769 et
865 2706 1035 2769 ambitiosus
1056 2711 1092 2770 de
1113 2709 1226 2787 gloria,

48 2834 112 2892 ern,
139 2819 172 2878 lri
200 2836 263 2878 non
291 2820 450 2880 creduntur
476 2820 595 2880 delirare
602 2865 613 2896 ,
640 2819 708 2896 quia
738 2820 849 2881 molesti
877 2819 971 2880 solent
1000 2819 1072 2896 elle,
1094 2836 1124 2881 et
1145 2823 1225 2884 Odio

46 2927 121 3024 digni
140 2928 329 2990 aestimantur.
370 2931 427 2992 Sed
448 2947 548 2994 revera
570 2930 718 3005 Avaritia,
739 2931 888 3006 Ambitio,
909 2931 1032 3006 Libido,
1054 2947 1111 2992 etc.
1132 2933 1225 2994 delirii

50 3041 150 3114 species
171 3041 257 3118 sunt,
278 3043 411 3119 quamvis
431 3043 509 3105 inter
528 3045 647 3104 morbos
668 3061 729 3103 non
752 3059 946 3104 numerentur.

333 3169 339 3182 Ι
404 3215 731 3277 PROPOSITIO
772 3215 866 3276 XLV.

83 3328 186 3388 Odium
204 3346 350 3406 mtnqnant
365 3329 455 3408 potest
474 3329 527 3407 effe
545 3328 665 3397 bonum.

443 3489 833 3534 nnmonsrnar1o

84 3583 258 3658 Hominem,
279 3602 365 3661 quem
386 3583 519 3659 odimus,
540 3583 683 3645 destmere
705 3601 844 3644 conamur
865 3583 937 3662 (per
957 3583 1046 3661 Prop.
1058 3599 1105 3659 39.
1122 3596 1155 3662 p.
1167 3584 1226 3661 3.)‚

51 3689 100 3750 ltoc
130 3693 173 3754 est
204 3695 276 3774 (per
295 3697 383 3775 Prop.
405 3711 453 3772 37.
475 3693 575 3774 hujus)
607 3693 716 3772 aliquid
747 3711 902 3768 conamur,
933 3695 1014 3770 quod
1043 3694 1146 3753 malum
1168 3693 1225 3771 ell;

51 3801 120 3881 Ergo
140 3821 199 3866 etc.
242 3809 276 3884 Q.
298 3807 335 3869 Ε.
357 3808 396 3869 D.

509 3937 762 3980 scnourum.

85 4031 179 4100 Nota,
200 4047 244 4091 me
264 4031 312 4092 lric
332 4048 363 4093 et
383 4032 414 4092 in
435 4031 515 4110 seqq.
536 4050 587 4108 per
607 4032 714 4093 Odium
736 4031 807 4092 illud
825 4045 938 4091 tantum
956 4028 1131 4107 intelligere,
1143 4027 1225 4103 quod

53 4139 87 4198 eli
104 4160 171 4220 erga
190 4143 333 4205 homines.

432 4273 783 4319 conontnnrutu
814 4255 837 4315 1.

88 4362 218 4444 lnridia,
247 4367 357 4446 nnio,
388 4368 604 4444 Contemptus,
634 4368 694 4444 Ira,
725 4365 881 4444 Vinditia,
912 4378 942 4425 er
962 4361 1066 4440 reliqui
1087 4360 1226 4438 affeiius,
