2934 4900
380 354 434 414 De
474 352 702 415 Libertate
743 354 935 415 Humana.
1192 355 1249 415 261

469 550 863 595 nnuonsnnanro

107 644 180 725 Quo
214 644 289 705 enim
322 643 417 723 imago
448 644 499 705 seu
529 644 650 707 affeuus
681 646 718 706 ad
748 644 846 721 plures
874 662 920 705 res
939 644 1079 719 refertur,
1099 662 1137 705 eo
1158 645 1255 721 plures

69 758 178 817 dantur
199 756 309 833 cause,
331 776 347 817 a
369 756 476 833 quibua
504 756 625 819 excitari
647 772 678 817 et
698 757 795 819 foveri
816 757 929 833 potest,
951 774 1024 834 quas
1045 775 1147 818 omnea
1166 758 1255 818 Mens

68 866 141 945 (per
173 864 348 946 hypothcssn)
379 886 417 929 en
447 867 512 944 ipso
543 868 649 931 affedu
680 867 761 929 ssmul
791 870 1027 945 contemplatum
1058 883 1148 945 atque
1178 870 1254 930 adeo

67 978 191 1041 offellus
211 998 248 1039 eo
270 980 452 1057 frequentior
471 980 528 1056 est,
550 982 600 1043 seu
621 981 726 1057 sepius
748 980 848 1061 viget,
868 996 899 1043 et
920 982 993 1060 (per
1012 983 1101 1060 Prop.
1113 981 1141 1041 8.
1152 978 1253 1059 iujos)

68 1089 203 1149 Mentem
224 1087 314 1167 magis
335 1104 472 1165 occupat.
514 1090 549 1168 Q.
570 1091 607 1151 E.
627 1091 667 1151 D.

444 1257 775 1320 PROPOSITIO
816 1259 882 1320 XII.

105 1370 218 1429 Rerum
243 1372 384 1447 imagines
404 1368 529 1447 facilius
556 1372 748 1447 imaginibus,
770 1390 833 1449 quse
852 1375 895 1432 ad
912 1391 959 1432 res
979 1373 1159 1451 referuntur,
1181 1394 1253 1451 quas

68 1483 144 1541 clare
164 1495 194 1542 et
215 1482 342 1561 distinlie
362 1483 564 1561 intelligimus,
580 1484 759 1560 junguntur,
782 1503 868 1562 quam
888 1486 967 1546 aliis.

471 1660 869 1707 nnuonsnnarro

106 1758 186 1830 Res,
218 1774 292 1832 quas
322 1756 398 1816 clare
425 1770 456 1816 et
484 1755 614 1819 distinete
648 1755 852 1835 intelligimus,
884 1758 932 1819 vel
961 1774 1055 1819 rerum
1084 1774 1253 1818 communes

67 1866 263 1943 proprietates
284 1866 368 1943 sunt,
388 1869 436 1933 vel
458 1887 522 1946 quae
545 1886 582 1929 ex
603 1868 639 1929 iis
661 1871 848 1931 deducuntur
869 1869 951 1948 (vide
969 1871 1107 1930 Rationis
1121 1868 1252 1947 ,definias

68 1997 94 2039 2.
115 1978 209 2041 Scliol.
229 1981 321 2060 Prop.
341 1998 389 2060 40.
406 1995 439 2060 p.
460 1981 519 2059 m),
540 1994 570 2042 et
591 1980 805 2059 consequenter
825 1980 930 2057 saepius
950 1979 1023 2060 (per
1041 1982 1131 2060 Prop.
1147 1981 1251 2060 prae.)

68 2092 95 2151 in
116 2092 206 2153 nobis
233 2092 416 2168 excitantur;
443 2095 577 2171 adeoque
605 2091 722 2153 facilius
743 2091 805 2153 fieri
826 2092 941 2169 potest,
962 2108 995 2153 ut
1016 2110 1061 2154 res
1082 2091 1152 2153 alias
1171 2090 1252 2152 simul

67 2220 130 2262 cum
151 2201 215 2278 his,
236 2222 323 2280 quam
344 2222 409 2265 cum
429 2202 493 2265 aliis
513 2205 761 2279 contemplemur,
782 2218 813 2265 et
834 2202 1048 2280 consequenter
1070 2202 1141 2281 (pes
1160 2203 1250 2280 Prop.

70 2316 113 2373 18.
130 2328 163 2393 p.
184 2315 246 2393 m),
267 2330 301 2377 ut
321 2314 435 2377 facilius
457 2334 522 2376 cum
544 2314 588 2377 his
610 2334 695 2393 quam
716 2334 782 2377 cum
804 2314 868 2375 aliis
885 2314 1056 2395 iungantur.
1099 2315 1133 2392 Q.
1154 2315 1192 2375 E.
1209 2314 1250 2375 D.

433 2487 760 2550 PROPOSITIO
801 2489 881 2548 XIII.

105 2604 165 2680 Quo
184 2607 280 2678 imago
299 2603 400 2680 aliqua
417 2602 553 2682 pluribus
573 2602 643 2661 aliis
656 2601 761 2677 junia
782 2601 837 2679 est,
850 2602 961 2679 sapius
982 2602 1071 2676 viget.

463 2778 862 2823 numonsnnanro

103 2874 196 2950 Nam,
225 2892 287 2950 quo
315 2874 411 2952 imago
441 2873 537 2951 aliqua
566 2872 698 2948 pluribus
727 2872 791 2934 aliis
812 2871 913 2950 junlla
934 2872 990 2947 est,
1010 2890 1047 2933 eo
1070 2872 1141 2950 (per
1161 2873 1250 2951 Psop.

72 2987 113 3046 ru.
129 2999 162 3065 p.
183 2987 228 3065 2.)
250 2987 347 3062 plures
375 2985 468 3048 cause
497 2988 619 3060 dantur,
639 3005 656 3046 a
678 2985 785 3062 quibus
806 2983 927 3045 excitari
947 2984 1055 3060 poteii
1098 2985 1131 3061 Q.
1152 2985 1189 3044 E.
1209 2984 1250 3045 D.

436 3157 766 3220 PROPOSITIO
803 3158 885 3219 xiv.

107 3274 191 3332 Mens
212 3271 319 3347 efficere
335 3271 441 3350 polest,
462 3284 496 3330 ul
516 3289 607 3330 omnes
630 3271 768 3349 Corporis
788 3267 966 3346 effodientes,
987 3271 1042 3346 feu
1062 3287 1159 3329 rerum
1177 3272 1251 3328 ima-

68 3385 160 3458 gines,
180 3383 224 3442 ad
241 3384 299 3443 Dei
318 3385 413 3442 ideam
434 3381 613 3458 referantur.

468 3559 862 3604 nauousnaanro

106 3655 192 3716 Nulla
214 3654 255 3714 est
276 3653 418 3730 Corporis
439 3652 574 3728 effodio,
597 3651 681 3730 cujus
704 3652 825 3729 aliquod
846 3651 1167 3713 clarumetdistinllum
1191 3669 1250 3711 non

72 3768 147 3839 polit
175 3768 263 3827 Mens
292 3767 413 3826 formare
442 3781 620 3841 conceptura
642 3764 714 3844 (per
734 3766 824 3845 Prop.
844 3785 873 3844 4
894 3763 1013 3842 lmjus);
1032 3766 1167 3840 adeoque
1189 3762 1250 3823 effi-

72 3893 128 3954 cere
156 3877 253 3954 potest
282 3877 355 3957 (per
381 3879 469 3957 Prop.
495 3889 539 3952 15.
556 3889 589 3957 p.
614 3877 671 3956 1.)‚
700 3893 735 3938 ut
756 3895 858 3938 omnes
878 3878 915 3938 ad
935 3876 992 3937 Dei
1012 3875 1105 3937 ideam
1125 3877 1251 3936 referan-

73 4002 121 4048 tur.
162 3991 196 4068 Q.
219 3991 256 4050 E.
277 3990 317 4050 D.

443 4115 773 4178 PROPOSITIO
814 4118 881 4177 XV.

111 4233 164 4308 Qui
178 4232 214 4308 se
228 4231 355 4308 suosque
383 4227 501 4306 affeiius
529 4229 608 4289 clare
628 4243 655 4289 el
675 4230 803 4308 ‹listindie
821 4230 976 4306 inlelligit,
996 4230 1089 4293 Deum
1107 4241 1204 4303 amal,
1223 4240 1251 4286 cl

75 4361 99 4400 eo
119 4347 225 4420 magis,
248 4361 302 4422 quo
316 4345 353 4424 se
366 4344 490 4420 suosque
510 4339 628 4420 offellus
648 4347 742 4419 magis
761 4343 908 4420 inlelligit.
