2934 4900
223 370 281 431 342
580 355 820 414 Tractatus
861 350 1049 413 Politici

223 546 269 587 ex.
291 545 332 605 gr.
355 526 467 602 imperii
492 527 557 603 jura
585 530 784 606 promulgare,
814 526 927 587 urbium
957 526 1133 586 munimenta
1164 525 1322 587 secundum
1350 526 1427 602 jura

221 638 372 713 ordinare,
399 634 558 714 diplomata
587 638 697 699 militiae
727 642 812 714 dare,
840 638 951 700 tributa
981 638 1105 699 subditis
1135 637 1283 712 imponere
1316 658 1425 714 eaque

222 750 383 823 collocare,
403 750 531 809 externis
552 750 656 828 legatis
678 751 869 825 respondere,
898 766 946 824 et,
974 770 1035 826 quo
1055 750 1144 827 legati
1165 749 1302 810 mittendi
1327 750 1428 823 sunt,

223 862 385 919 decernere.
427 862 483 920 Sed
516 860 595 935 ipsos
626 862 740 939 legatos
772 861 877 940 eligere
909 859 1032 936 supremi
1063 860 1191 920 Concilii
1213 860 1348 921 osticium
1373 863 1427 922 srt.

223 974 298 1032 Nam
327 973 357 1034 id
385 972 512 1048 apprime
542 973 755 1035 observandum
784 973 841 1048 est,
871 992 906 1033 ne
935 972 1077 1033 Patricius
1099 976 1136 1032 ad
1157 973 1277 1048 aliquod
1297 973 1426 1049 imperii

224 1081 408 1143 ministerium
441 1082 541 1144 vocari
572 1084 673 1158 polsrt,
706 1082 758 1143 nisr
790 1086 826 1143 ab
859 1084 923 1159 ipso
955 1084 1089 1159 supremo
1118 1084 1272 1158 Concilio,
1299 1102 1341 1143 ne
1364 1086 1427 1160 ipsi

223 1193 340 1254 Patricii
372 1195 496 1254 Senatus
527 1193 647 1272 gratiam
680 1194 818 1270 aucupari
850 1195 993 1256 studeant.
1034 1196 1150 1256 Deinde
1179 1195 1227 1255 illa
1256 1196 1358 1255 omnia
1382 1202 1426 1257 ad

225 1306 385 1382 supremum
415 1305 581 1367 Concilium
610 1307 766 1367 deferenda
794 1307 877 1382 sunt,
905 1325 970 1383 quae
999 1306 1168 1382 praesentem
1190 1325 1283 1367 rerum
1305 1308 1423 1368 statum

224 1418 321 1495 aliqua
343 1418 457 1479 ratione
479 1432 609 1492 mutant,
628 1417 671 1479 uti
694 1418 761 1478 sunt
783 1418 851 1478 belli
873 1434 903 1479 et
924 1419 1006 1495 pacis
1028 1422 1159 1494 decreta;
1178 1438 1267 1495 quare
1286 1421 1426 1480 Senatus

226 1532 342 1589 decreta
370 1532 406 1589 de
435 1531 513 1589 bello
543 1544 572 1589 et
600 1548 689 1605 pace,
710 1544 743 1590 ut
765 1545 827 1590 rata
848 1529 921 1606 fint,
943 1530 1067 1607 supremi
1088 1532 1216 1592 Concilii
1237 1532 1426 1593 auctoritate

226 1642 363 1702 firmanda
384 1640 467 1702 sunt:
487 1656 521 1701 et
542 1641 596 1701 hnc
618 1644 654 1701 de
676 1640 760 1701 causa
779 1640 957 1718 judicarem,
976 1645 1012 1702 ad
1034 1642 1126 1703 solum
1147 1641 1310 1718 supremum
1333 1644 1425 1703 Con-

226 1750 340 1826 cilium,
364 1770 422 1813 non
445 1753 482 1812 nd
503 1752 640 1812 Senatum
663 1751 827 1827 pertinere,
849 1772 929 1814 nova
951 1753 1062 1814 tributa
1084 1754 1243 1829 imponere.

268 1862 294 1941 §-
316 1863 408 1922 XXX.
450 1865 498 1923 Ad
528 1864 702 1923 Senatorum
735 1882 884 1923 numerum
916 1863 1166 1926 determinandum
1194 1866 1257 1925 haec
1283 1866 1424 1927 conside-

227 1976 314 2034 randa
344 1973 484 2035 veniunt:
513 1973 624 2049 primo,
653 1989 687 2035 ut
715 1974 852 2035 omnibus
881 1974 1012 2035 Patriciis
1041 1975 1105 2049 spes
1135 1994 1217 2052 aeque
1249 1996 1353 2055 magna
1384 1978 1425 2037 srt

229 2084 361 2144 ordinem
390 2084 573 2146 Senatorium
602 2084 777 2161 recipiendi3
806 2086 929 2159 deinde,
951 2101 985 2146 ut
1005 2085 1195 2147 nihilominus
1215 2085 1303 2148 iidem
1324 2088 1421 2147 Serra-

228 2212 327 2271 tores,
361 2214 484 2272 quorum
515 2212 649 2273 tempus,
681 2196 710 2257 in
742 2200 824 2273 quod
856 2198 938 2258 elesii
968 2199 1100 2271 fuerant,
1128 2200 1255 2274 elapsum
1276 2200 1334 2275 est,
1356 2220 1421 2260 non

231 2326 336 2386 magno
366 2308 430 2383 poll
459 2308 614 2370 intervallo
644 2308 811 2369 continuari
838 2310 964 2384 posint,
991 2326 1025 2370 ut
1053 2310 1091 2370 src
1119 2310 1270 2385 imperium
1299 2332 1316 2371 a
1347 2312 1422 2373 viris

230 2417 332 2493 persen
361 2433 390 2478 et
418 2418 548 2494 expertis
577 2419 686 2496 semper
714 2433 846 2498 regatur;
874 2435 905 2480 et
934 2420 1139 2497 denique,ut
1162 2422 1238 2483 inter
1258 2424 1421 2484 Senatores

230 2532 326 2605 plures
354 2530 534 2606 reperiantur
563 2531 702 2606 sapientia
733 2547 763 2592 et
791 2532 902 2593 virtute
931 2533 1009 2593 clari.
1051 2536 1099 2594 Ad
1124 2534 1176 2596 lras
1197 2551 1295 2596 autem
1315 2556 1420 2597 omnes

231 2642 418 2703 conditiones
440 2642 617 2703 obtinendas
639 2643 710 2703 nihil
731 2642 810 2704 aliud
831 2643 993 2722 excogitari
1015 2646 1127 2722 potest,
1146 2666 1231 2723 quam
1250 2653 1334 2724 quod
1355 2652 1421 2728 lege

231 2753 394 2813 institutum
417 2753 468 2828 srt,
498 2769 530 2814 ut
559 2755 672 2828 nullus,
701 2753 752 2814 nili
773 2755 825 2830 qui
846 2758 882 2816 ad
904 2774 1011 2817 annum
1033 2757 1128 2817 aetatis
1150 2758 1421 2838 quinquagefimuur

230 2866 384 2942 pervenit,
404 2866 433 2926 in
456 2866 585 2927 ordinem
607 2867 791 2928 Senatorium
813 2869 987 2944 recipiatur,
1010 2885 1093 2930 etur
1116 2870 1339 2949 quadringenti,
1362 2875 1419 2933 hoc

231 2979 271 3040 eli
301 2997 334 3040 ut
364 2979 554 3040 Patriciorum
576 2999 633 3040 una
655 2981 770 3040 circiter
799 2981 972 3041 duodecima
994 3001 1076 3057 pars,
1097 2982 1127 3043 iu
1149 3002 1255 3044 annum
1277 2985 1421 3063 eligatur,

232 3111 293 3168 quo
316 3091 413 3167 elapso
436 3091 501 3166 post
522 3091 671 3152 biennium
693 3093 780 3154 iidem
802 3093 969 3154 continuari
989 3095 1093 3154 iterum
1115 3097 1236 3172 pollint;
1257 3097 1316 3157 hoc
1339 3118 1420 3158 narn-

233 3221 290 3279 que
312 3204 401 3263 modo
423 3202 532 3278 semper
552 3203 744 3264 Patriciorum
766 3222 822 3265 una
843 3204 959 3264 circiter
980 3206 1151 3266 duodecima
1174 3225 1257 3282 pars,
1277 3210 1420 3270 brevibus

232 3315 436 3374 tantummodo
466 3313 645 3391 interpositis
673 3314 851 3390 intervallis,
883 3335 988 3377 munus
1016 3318 1199 3378 Senatorium
1220 3319 1347 3394 subibit;
1369 3321 1419 3398 qui

233 3425 299 3484 sane
330 3443 466 3485 numerus
496 3443 551 3485 una
582 3443 647 3486 curn
668 3425 736 3501 illo,
766 3445 852 3502 quern
873 3428 993 3505 Syndici
1015 3427 1192 3503 conficiunt,
1214 3448 1274 3490 non
1296 3433 1419 3492 multum

233 3537 417 3611 superabitur
434 3557 450 3597 a
471 3555 591 3598 numero
609 3537 816 3612 Patriciorum,
834 3539 886 3614 qui
907 3559 1013 3600 annum
1035 3540 1130 3601 aetatis
1151 3541 1418 3620 quinquagesimum

234 3647 411 3726 attigerurrt;
444 3663 533 3723 atque
565 3651 639 3708 adeo
673 3648 809 3708 omnibus
840 3650 972 3710 Patriciis
1004 3669 1105 3729 magna
1138 3651 1248 3727 semper
1276 3654 1332 3713 erit
1354 3655 1417 3730 spes

233 3761 405 3820 Senatorum
428 3775 478 3820 aut
500 3760 693 3837 Syndicorurn
716 3761 847 3822 ordinem
865 3761 1057 3837 adipiscendi,
1076 3778 1105 3822 et
1124 3763 1313 3826 nihilominus
1331 3765 1416 3826 iidem

234 3871 366 3945 Patricii,
395 3871 573 3947 interpositis
604 3877 828 3946 tantummodo,
849 3874 893 3934 uti
915 3874 1058 3948 diximus,
1080 3875 1219 3937 brevibus
1240 3875 1416 3950 intervallis,

234 3983 417 4043 Senatorium
449 3983 578 4044 ordinem
611 3983 720 4060 semper
753 3986 914 4059 tenebunt,
945 4000 975 4044 et
1008 3987 1080 4064 (per
1107 3987 1177 4059 illa,
1207 4005 1269 4062 quae
1299 3995 1369 4048 Art.
1390 4007 1416 4046 2.

235 4094 321 4169 lausus
344 4097 415 4174 Cap.
436 4097 576 4176 diximus)
609 4115 757 4172 nunquam
779 4097 808 4158 in
830 4101 940 4160 Senatu
962 4102 1085 4160 deerunt
1106 4099 1162 4161 viri
1183 4099 1416 4175 praestantiffimi‚

235 4204 286 4280 qui
317 4203 436 4265 confilio
469 4222 499 4267 et
531 4223 591 4267 arte
622 4209 746 4283 pollent.
788 4210 844 4284 Et,
874 4210 943 4287 quia
972 4210 1032 4269 haec
1053 4211 1102 4269 lex
1124 4208 1216 4288 frangi
1236 4228 1298 4271 uon
1320 4211 1413 4286 potest

237 4317 344 4396 absque
365 4337 464 4398 magna
488 4321 643 4382 multorum
663 4322 854 4383 Patriciorum
875 4323 1004 4397 invidia,
1025 4324 1106 4384 nulla
1129 4323 1184 4383 alia
1206 4322 1361 4400 cautione,
1381 4342 1411 4386 ut
