2934 4900
330 323 829 406 Theologico·Politici
855 327 929 406 Cap.
955 329 1038 391 XVI.
1219 334 1276 410 563

86 500 229 576 potestati
252 501 319 578 jure
346 518 494 565 teneretur
521 505 723 580 obtemperare
751 505 782 568 in
803 505 856 584 iis,
877 523 942 583 quae
963 504 1024 583 ipse
1045 507 1082 566 ad
1102 505 1273 585 religionem

86 613 234 687 pertinere
254 628 357 692 putat,
377 629 440 676 tum
456 615 507 693 jus
527 615 659 681 civitatis
679 635 696 677 a
716 616 833 681 diverso
860 616 1088 695 uniuscujusque
1108 617 1225 694 judicio
1247 635 1277 679 et

86 722 197 785 affectu
225 729 374 801 penderet.
414 729 491 789 Nam
522 746 609 790 nemo
631 731 736 791 eodem
757 745 929 806 teneretur,
949 729 1001 807 qui
1022 729 1052 792 id
1074 746 1177 792 contra
1198 730 1278 792 suam

86 836 175 898 fidem
205 852 236 898 et
265 838 498 916 superstitionem
529 841 668 904 statutum
685 841 851 918 judicaret,
870 856 960 920 atque
982 845 1057 904 adeo
1078 842 1277 922 unusquisque

85 947 141 1008 sub
161 948 220 1010 hoc
240 966 388 1026 praetextu
408 951 555 1015 licentiam
576 955 614 1014 ad
635 953 732 1016 omnia
753 953 863 1020 sumere
886 953 991 1031 pollet.
1029 955 1070 1016 Et
1091 955 1277 1033 quandoqui-

87 1063 155 1120 dem
174 1060 229 1121 hac
248 1061 362 1123 ratione
380 1060 430 1140 jue
451 1063 583 1128 civitatis
602 1064 722 1145 prorsus
743 1065 890 1142 violatur,
911 1066 981 1128 hinc
1001 1065 1132 1144 sequitur
1139 1066 1273 1145 ,summae

86 1173 245 1250 potestati,
276 1175 324 1236 cui
353 1174 407 1238 soli
430 1175 497 1253 jura
517 1177 630 1255 imperii
652 1175 825 1240 conservare
846 1193 876 1240 et
897 1179 987 1240 tutari
1009 1194 1068 1240 tam
1085 1178 1151 1258 jure
1172 1179 1276 1243 divino

86 1303 175 1362 quam
196 1287 321 1349 naturali
341 1287 501 1364 incumbit,
518 1288 569 1366 jus
589 1289 728 1352 summurn
740 1306 906 1370 competere
918 1293 955 1352 de
965 1290 1106 1370 religione
1118 1291 1273 1369 statuendi,

86 1398 231 1476 quicquid
247 1398 379 1476 judicat,
399 1416 430 1462 et
450 1419 553 1462 omnes
574 1404 611 1461 ad
632 1401 759 1478 ejusdem
781 1405 818 1465 de
840 1404 940 1465 eadem
952 1405 1069 1464 decreta
1081 1407 1274 1481 etmandata,

86 1529 125 1572 ex
155 1512 213 1572 lide
243 1511 297 1588 ipsr
326 1513 412 1588 data,
442 1531 530 1589 quam
560 1513 644 1573 Deus
674 1514 796 1574 omnino
826 1512 933 1576 servari
949 1512 1054 1590 jubet,
1076 1515 1277 1591 obtemperare

85 1625 190 1686 teneri.
229 1625 323 1707 Quod
341 1624 364 1686 ii
384 1624 422 1702 ii,
442 1625 494 1702 qui
515 1625 655 1686 summum
675 1640 779 1687 tenent
800 1625 968 1703 imperium,
987 1626 1044 1688 srnt
1071 1626 1209 1704 Ethnici,
1228 1629 1278 1690 vel

85 1755 153 1798 cunr
173 1736 211 1798 iio
231 1737 304 1798 nihil
323 1738 572 1814 contrahendum,
592 1736 658 1813 sed,
678 1738 781 1812 potius
802 1755 889 1815 quam
906 1737 956 1814 jus
977 1736 1101 1800 suumin
1113 1755 1167 1799 eos
1182 1753 1276 1800 trans-

86 1851 199 1926 ferant,
220 1864 349 1910 extrema
370 1848 432 1926 pati
452 1848 687 1925 deliberandum
708 1851 771 1925 vel,
791 1849 812 1910 fi
833 1848 1051 1926 contraxerint,
1067 1849 1173 1927 jusque
1194 1850 1276 1912 suum

85 1961 116 2021 in
136 1979 191 2022 eos
217 1959 430 2037 manliulerint,
458 1961 698 2038 quandoquidem
725 1979 762 2022 eo
784 1961 848 2038 ipso
870 1960 899 2022 se
924 1961 1154 2040 religionemque
1175 1963 1275 2024 defen·

84 2071 175 2135 dendi
202 2073 412 2150 privaverunt,
440 2072 476 2133 iia
504 2076 705 2149 obtemperare
736 2089 891 2151 tenentur,
911 2075 1056 2152 fidemque
1078 2074 1207 2152 servare,
1228 2077 1276 2140 vel

87 2185 176 2248 adid
197 2185 284 2266 cogi3
305 2201 434 2261 excepto
455 2203 510 2261 eo,
530 2185 578 2246 cui
605 2187 691 2247 Deus
709 2201 788 2247 certa
809 2185 991 2250 revelatione
1011 2184 1152 2264 [iugulare
1173 2201 1276 2248 contra

86 2297 260 2374 Tyrannum
290 2296 453 2374 promiserit
484 2297 642 2372 auxilium,
672 2299 721 2360 vel
742 2298 757 2332 *
779 2296 950 2358 nominatim
983 2311 1139 2373 exceptum
1169 2297 1275 2361 voluit.

87 2409 136 2471 Sic
165 2408 317 2488 videmus,
349 2428 386 2473 ex
416 2425 465 2472 tot
495 2409 623 2491 Judaeis,
654 2408 706 2487 qui
737 2409 766 2479 in
787 2409 939 2489 Babylone
961 2423 1060 2486 erant,
1081 2423 1139 2472 tter
1160 2423 1274 2473 tantum

83 2522 228 2600 juvence,
249 2523 301 2600 qui
322 2526 358 2585 de
379 2523 436 2584 Dei
457 2523 568 2585 auxilio
590 2540 650 2585 non
671 2522 1146 2599 dubitabant,Nabucad0nozori
1161 2523 1275 2585 obtem·

87 2654 187 2713 perare
219 2635 360 2713 noluiise;
391 2636 496 2714 reliqui
527 2651 625 2697 autem
655 2636 714 2698 fine
748 2636 857 2713 dubio,
878 2652 1007 2713 excepto
1029 2635 1115 2697 etiam
1136 2634 1275 2712 Daniele,

86 2767 175 2825 quem
195 2751 264 2811 Rex
284 2748 346 2825 ipse
367 2751 558 2824 adoraverat,
574 2746 640 2824 jure
661 2747 756 2811 coaiii
775 2750 1071 2824 obtemperaverunt,
1088 2746 1184 2809 animo
1197 2748 1274 2807 forte

85 2877 277 2937 reputantes,
307 2862 336 2923 se
369 2879 407 2922 ex
436 2861 494 2922 Dei
524 2862 645 2923 decreto
676 2859 753 2939 Regi
785 2860 921 2935 deditos,
942 2861 1113 2938 Regemque
1134 2858 1273 2919 summum

85 2973 221 3035 obtinere
242 2973 393 3050 imperium
415 2989 446 3033 et
466 2972 567 3036 divina
588 2972 749 3035 direciione
771 2971 952 3035 conservare.
975 2970 1087 3032 Contra
1099 2970 1272 3043 Eleazarus,

85 3086 181 3147 stante
201 3085 296 3148 adhuc
317 3100 469 3161 utcunque
489 3084 602 3160 Patria,
622 3086 787 3161 exemplum
809 3082 979 3145 constantiae
1000 3080 1060 3143 suis
1080 3083 1148 3145 dare
1159 3079 1273 3157 voluit,

86 3211 122 3258 ut
142 3215 208 3258 eum
228 3196 321 3257 secuti
339 3194 439 3258 onnia
459 3196 562 3273 potius
583 3196 761 3272 tolerarent,
780 3214 866 3273 quam
888 3210 1058 3271 paterentur
1074 3193 1125 3271 jus
1145 3192 1274 3255 suomet

84 3309 262 3385 potestatem
289 3308 319 3370 in
347 3308 469 3369 Graecos
497 3306 662 3383 transferri,
683 3323 714 3367 et
735 3306 833 3367 omnia
853 3306 1070 3383 experirentur,
1091 3323 1127 3367 ne
1148 3305 1178 3366 in
1198 3303 1273 3365 Eth-

85 3421 220 3483 nicorum
246 3422 333 3483 fidem
350 3418 447 3496 jurare
469 3435 661 3497 cogerentur3
682 3418 874 3496 quodetiam
895 3417 1069 3495 quotidiana
1089 3415 1272 3493 experientia

85 3532 283 3593 confirmatur.
324 3530 384 3610 Qui
412 3529 489 3592 enim
515 3529 708 3591 Christianum
729 3529 882 3605 imperium
903 3528 1057 3605 obtinent,
1078 3528 1114 3591 ad
1135 3525 1272 3603 majorem

85 3644 152 3721 ejuo
172 3645 358 3706 securitatem
386 3661 447 3704 non
476 3643 631 3720 dubitant,
659 3644 756 3705 foedus
778 3660 843 3704 cum
864 3639 972 3702 Turris
993 3654 1024 3701 et
1044 3638 1180 3701 Ethnicis
1201 3656 1272 3714 pan-

84 3774 171 3834 gere,
192 3755 385 3832 subditosque
406 3755 494 3831 suos,
515 3754 566 3832 qui
586 3773 625 3816 eo
644 3754 809 3815 habitatum
830 3767 919 3829 eunt,
936 3750 1057 3829 jubere,
1077 3769 1115 3811 ne
1135 3748 1272 3826 majorem

85 3868 252 3930 libertatem
284 3870 321 3929 ad
352 3867 462 3944 aliquid
493 3867 649 3929 humanum
680 3881 731 3928 aut
765 3864 897 3929 divinum
929 3864 1122 3925 exercendum
1142 3861 1272 3938 sumant,

85 4000 174 4058 quam
202 3979 332 4057 expreiie
359 3996 587 4057 contraxerunt,
608 3979 657 4043 vel
678 3978 751 4040 iilud
772 3977 922 4059 imperium
943 3974 1091 4037 concedit.
1123 3976 1168 4036 Ut
1190 3989 1273 4051 patet

85 4116 125 4158 ex
146 4098 299 4158 contradiu
318 4096 469 4173 Belgarum
490 4112 556 4157 cum
576 4090 808 4174 Japoneniibue,
830 4094 948 4167 dequo
970 4089 1054 4166 supra
1075 4086 1212 4151 diximus.

119 4345 133 4373 ⁸
167 4340 287 4395 omissum
305 4340 342 4393 eli
358 4353 500 4405 pronomen
519 4354 604 4405 quem
621 4337 655 4390 ci.
671 4350 755 4391 autern
773 4336 846 4403 supra
864 4350 921 4403 pag.
938 4336 997 4399 ⁵³8·
1013 4348 1072 4387 ann·
