2934 4900
215 348 276 401 210
632 326 813 400 Ethices
840 328 908 399 Pars
929 328 972 399 IV

610 527 1003 572 DEMONSTRATIO.

256 625 423 687 Affesiuurn
443 640 546 686 natura
566 623 617 685 seu
637 622 756 685 essentia
778 640 838 685 non
860 622 957 699 potest
977 639 1029 697 per
1049 620 1137 682 solarn
1164 621 1289 682 nostram
1311 619 1409 681 essen-

214 738 284 799 tiam
304 738 356 800 seu
375 752 507 799 naturam
527 735 667 812 explicari
688 735 762 814 (per
781 734 876 813 Defin.
901 750 926 795 r.
947 746 975 793 et
995 752 1024 794 2.
1041 747 1073 813 p.
1096 734 1156 813 3.);
1178 733 1227 794 sed
1249 734 1409 809 potentii,

214 850 272 911 hoc
303 850 343 910 est
374 848 447 931 (per
476 850 566 928 Prop.
586 863 613 924 7.
639 860 671 928 p.
694 848 737 927 3.)
769 849 889 922 naturi,
920 846 1070 909 causarum
1102 862 1302 920 externarum,
1335 864 1408 905 cunr

215 960 311 1022 nostra
332 962 514 1036 comparati,
534 958 648 1020 definiri
670 959 774 1032 deber;
795 960 873 1018 unde
894 957 941 1032 fit,
962 972 997 1017 ut
1024 955 1251 1033 uniuscujusque
1279 954 1409 1017 effeetus

215 1089 264 1134 tot
285 1073 396 1149 species
416 1076 536 1149 dentur,
556 1086 633 1148 quot
654 1071 721 1133 sunt
743 1070 853 1147 species
876 1070 1074 1147 objesiorum‚
1097 1070 1239 1147 aquibus
1260 1070 1409 1131 afficimur

216 1184 297 1262 (vide
316 1184 406 1263 Prop.
426 1186 475 1259 56.
491 1198 524 1264 p.
545 1183 606 1261 3.);
637 1199 668 1243 et
698 1198 733 1244 ut
764 1182 897 1243 homines
929 1184 964 1243 nb
997 1201 1058 1243 uno
1090 1184 1253 1258 eodemque
1281 1180 1408 1257 objeno

215 1296 406 1359 diverfimode
433 1296 596 1357 afficiantur
623 1294 705 1373 (vide
723 1297 813 1373 Prop.
834 1307 883 1370 51.
900 1309 932 1374 p.
954 1296 1016 1375 3.),
1043 1309 1132 1371 atque
1154 1310 1277 1356 eatenus
1297 1310 1408 1355 natura

214 1407 394 1484 discrepent;
423 1407 551 1483 denique
578 1422 613 1468 ut
639 1424 717 1467 unus
744 1406 879 1481 idemque
900 1407 989 1467 homo
1012 1405 1085 1483 (per
1105 1407 1220 1466 eandem
1240 1408 1330 1485 Prop.
1354 1418 1406 1478 51.

212 1536 242 1603 p.
264 1524 306 1602 3.)
333 1541 400 1602 erga
427 1522 502 1584 idem
523 1523 670 1599 objenun
691 1520 883 1584 diversimode
906 1520 1064 1597 afficiatur,
1087 1536 1175 1597 atque
1197 1536 1322 1581 eatenus
1347 1538 1401 1582 vn-

213 1636 274 1696 rius
295 1634 345 1711 sit,
366 1651 423 1696 etc.
466 1636 500 1711 Q.
521 1634 558 1695 Ε.
579 1634 620 1694 D.

557 1806 887 1868 PROPOSITIO
918 1805 1055 1866 XXXIV.

255 1942 401 2017 Quatenus
437 1936 561 1997 homines
597 1931 766 2011 affedsbus,
804 1939 855 2011 qui
886 1934 1031 2013 paffs'ones
1060 1932 1154 2009 sunt,
1184 1932 1404 2009 conficiantur,

209 2053 324 2133 possunt
343 2056 466 2111 invicem
485 2050 537 2129 effe
557 2053 710 2109 contraris.

611 2210 1006 2253 nenonsrnnrrn

253 2308 353 2369 Homo
385 2326 431 2368 ex.
452 2325 493 2385 gr.
514 2307 618 2367 Petrus
651 2305 749 2381 potest
778 2303 834 2365 esse
865 2303 967 2380 causa,
998 2320 1032 2365 ut
1063 2304 1169 2365 Paulus
1199 2304 1406 2370 contristetur.

214 2436 369 2498 propterea
400 2419 481 2496 quod
513 2416 623 2494 aliquid
654 2417 744 2478 habet
775 2416 863 2478 simile
893 2417 953 2493 rei,
981 2434 1067 2495 qnam
1096 2416 1203 2478 Penius
1235 2416 1300 2480 odit
1330 2416 1406 2497 (per
1456 2410 1457 2414 ’

214 2531 304 2609 Prop.
328 2531 373 2589 16.
389 2543 422 2607 p.
444 2530 505 2608 3.);
526 2531 574 2590 vei
593 2544 750 2606 propterea
771 2533 853 2606 quod
874 2529 977 2591 Petrus
998 2529 1077 2590 solus
1098 2548 1127 2590 re
1149 2530 1245 2606 aliqua
1266 2529 1402 2604 potitur,

213 2660 300 2719 quarn
332 2640 392 2716 ipse
423 2639 529 2701 Paulus
560 2640 649 2700 etiam
680 2657 756 2700 amat
789 2641 870 2720 (vide
896 2643 986 2720 Prop.
1009 2657 1056 2716 32.
1073 2654 1106 2720 p.
1129 2657 1155 2716 3.
1184 2659 1246 2700 cum
1276 2641 1403 2718 ejusdem

213 2751 336 2831 Schol.),
364 2754 411 2814 vel
440 2753 479 2812 ob
509 2753 579 2812 alias
606 2752 706 2814 causas
734 2751 855 2830 (Irarum
871 2758 1037 2833 praecspuas
1057 2755 1124 2812 vide
1143 2757 1175 2812 sn
1199 2751 1289 2812 Schos.
1312 2753 1404 2830 Prop.

214 2875 262 2938 55.
282 2876 310 2943 p.
333 2864 393 2942 3.);
422 2878 511 2940 atque
541 2867 616 2926 adeo
644 2865 712 2924 inde
741 2865 791 2926 siet
822 2864 895 2944 (per
914 2865 1009 2944 Defin.
1032 2881 1059 2940 7.
1083 2863 1219 2941 Affers),
1240 2879 1272 2925 ut
1294 2864 1405 2924 Paulus

213 2977 329 3036 Petrum
351 2975 422 3035 odio
443 2975 567 3051 habeat;
589 2991 620 3035 et
641 2975 855 3052 consequenter
875 2976 959 3036 facile
980 2977 1030 3036 fiet
1053 2977 1067 3054 (
1071 2989 1128 3054 per
1148 2976 1236 3055 Prop.
1258 2994 1307 3054 40.
1323 2990 1356 3054 p.
1376 2993 1404 3051 3.

214 3106 274 3170 cunr
295 3087 356 3162 ejus
376 3084 501 3166 Solios),
529 3104 563 3148 ut
584 3087 688 3148 Petrus
710 3089 829 3148 Paulum
851 3103 953 3148 contra
976 3087 1047 3147 odio
1070 3087 1192 3162 habeat,
1214 3102 1303 3164 atque
1327 3090 1404 3148 adeo

214 3201 289 3279 (per
308 3199 397 3278 Prop.
419 3216 466 3276 39.
483 3212 515 3278 p.
539 3200 596 3290 3.)
616 3215 649 3260 ut
677 3199 803 3262 invicem
833 3201 936 3262 malurn
965 3199 1070 3260 inserre
1098 3216 1261 3274 conentur,
1282 3199 1341 3261 hoc
1364 3199 1405 3261 esi

214 3311 288 3389 (per
307 3312 397 3388 Prop.
419 3327 467 3386 30.
489 3308 590 3389 liujus)
602 3356 612 3387 ,
634 3326 668 3370 ut
690 3310 817 3373 invicem
839 3311 893 3371 sent
915 3313 1063 3384 contrarii.
1094 3314 1137 3373 At
1158 3313 1279 3374 affesius
1300 3313 1404 3372 Tristi-

214 3423 263 3482 tiae
284 3423 395 3498 semper
414 3423 502 3498 passio
523 3421 564 3482 esi
586 3423 659 3501 (per
679 3424 769 3502 Prop.
791 3435 838 3500 59.
855 3437 887 3502 p.
909 3425 969 3503 3.);
992 3429 1061 3502 ergo
1082 3425 1233 3498 homines,
1254 3441 1404 3501 quatenus

214 3535 419 3598 conflisiantur
438 3535 604 3611 affesiibus,
625 3535 677 3612 qui
699 3536 841 3611 passiones
864 3535 946 3611 sunt,
965 3535 1083 3613 possunt
1105 3537 1229 3600 invicem
1252 3537 1309 3598 esse
1332 3556 1404 3599 con-

213 3647 303 3707 trarii.
347 3648 380 3723 Q.
401 3649 438 3708 E.
459 3648 499 3708 D.

680 3777 885 3820 senoeru
898 3777 935 3821 Μ.

254 3886 340 3962 Dixi,
358 3889 440 3963 quod
456 3887 564 3947 Paulus
581 3885 654 3948 odio
673 3888 789 3948 Petrum
807 3888 928 3963 habent,
947 3889 1016 3964 quin
1034 3889 1215 3968 imaginatur,
1231 3888 1261 3949 id
1277 3891 1404 3950 eundem

214 3999 371 4076 poffidere,
399 4001 480 4074 quod
508 3997 569 4074 ipse
596 3999 704 4060 Paulus
727 3998 813 4059 etiam
836 4015 929 4074 anrnt;
951 4003 1028 4060 unde
1051 4000 1140 4075 prirnn
1163 4000 1261 4061 fronte
1284 4003 1405 4062 videtur

214 4109 314 4185 sequi,
341 4112 424 4186 quod
452 4109 482 4169 hi
510 4113 572 4170 duo
600 4129 638 4170 ex
668 4127 720 4187 ee,
743 4113 823 4186 qnod
845 4109 920 4170 idem
944 4127 1057 4186 amant,
1078 4126 1108 4171 er
1130 4110 1346 4187 consequenter
1367 4131 1403 4173 er

216 4241 270 4297 eo,
297 4224 380 4298 quod
400 4237 502 4282 natura
523 4222 724 4297 conveniunt,
752 4221 804 4282 fibi
831 4222 956 4286 invicem
978 4225 1085 4284 damno
1105 4221 1178 4299 srnt;
1198 4239 1287 4299 atque
1309 4226 1404 4297 aden,

216 4332 322 4393 sihoc
350 4350 450 4395 verum
479 4333 537 4409 esi,
567 4333 645 4394 fassae
675 4332 766 4394 essent
796 4334 961 4410 Proposrtio
992 4333 1271 4410 30.e131.hujus
1298 4335 1403 4398 Partis.
