2934 4900
212 315 271 386 540
686 306 927 367 Tractatua

211 481 339 542 umbram
360 479 493 542 veritatis
513 480 638 558 habent3
658 482 819 544 dummodo
839 495 937 541 tamen
954 479 993 556 ia,
1010 478 1063 558 qui
1080 481 1180 544 eadem
1200 477 1397 554 anpteetimr,

211 595 311 654 eadem
342 592 411 654 falsa
440 591 494 654 elle
525 593 657 672 ignoret,
689 593 761 656 aliae
791 592 906 654 rebellia
935 590 1092 654 necessario
1113 589 1191 652 esset.
1231 592 1396 673 Quomodo

210 703 286 766 enim
312 703 374 765 fieri
401 702 512 782 posset,
540 719 575 766 ut
601 704 724 783 aliquia,
752 703 804 782 qui
831 702 976 785 Juiiitiam
1003 721 1097 766 amare
1124 717 1155 764 et
1182 703 1249 765 Deo
1270 701 1396 779 obsequi

207 815 319 891 studet,
339 831 477 894 tanquam
498 816 630 880 divinum
657 819 760 880 adoret
766 820 881 895 ,quod
902 835 919 877 a
939 814 1040 878 divina
1071 829 1173 878 natura
1193 815 1321 876 alienum
1342 811 1395 875 scit

208 927 283 988 elle:
312 943 341 990 at
362 928 448 990 animi
476 927 659 1006 implicitate
687 945 781 990 errare
802 927 923 1005 poliunt
940 928 1092 1005 homines,
1111 943 1143 990 et
1161 927 1313 1004 Scriptura
1333 945 1394 988 non

208 1040 419 1120 ignorantiam,
448 1041 497 1104 sed
526 1041 616 1104 solam
647 1040 878 1118 contumaciam,
909 1055 943 1102 ut
959 1040 1019 1118 jam
1040 1039 1236 1116 ostendimur,
1257 1041 1396 1112 damnat;

208 1151 268 1214 imo
295 1169 333 1213 ex
363 1151 423 1214 sola
443 1151 524 1214 Fidei
555 1152 726 1214 definitione
758 1152 818 1214 hoc
837 1149 994 1214 necessario
1015 1150 1163 1229 sequitur,
1183 1149 1269 1228 cujus
1290 1167 1395 1211 omnes

210 1279 308 1340 panea
327 1283 365 1324 ex
385 1262 540 1326 universali
556 1262 616 1340 jam
645 1262 761 1325 ostenso
788 1264 998 1339 fiandamento,
1018 1279 1049 1325 et
1076 1263 1166 1326 unico
1192 1263 1290 1325 totius
1317 1261 1395 1323 Scri·

211 1391 304 1452 ptutae
324 1375 519 1452 intento,nisr
542 1375 637 1436 nostra
657 1376 765 1452 placita
785 1374 941 1437 admiscere
961 1377 1062 1452 lubet,
1081 1375 1144 1453 peti
1165 1377 1292 1450 debent;
1308 1373 1395 1451 atqui

209 1490 272 1550 hac
293 1507 353 1550 non
381 1487 508 1566 expresse
537 1487 629 1568 exigit
657 1506 743 1565 vera,
764 1487 814 1550 sed
833 1489 903 1550 talia
931 1490 1083 1568 dogmata,
1105 1506 1171 1565 que
1190 1488 1228 1549 ad
1248 1484 1394 1547 obedien·

208 1601 278 1664 tiam
298 1600 450 1662 necessaria
477 1600 561 1678 sunt;
589 1619 655 1678 quae
684 1600 796 1662 scilicet
822 1601 949 1663 animum
969 1601 1000 1662 in
1019 1619 1118 1664 amore
1138 1617 1205 1679 erga
1225 1597 1396 1675 proximum

208 1713 396 1789 confinalem,
432 1711 518 1790 cujus
556 1726 670 1774 tantum
709 1712 824 1775 tatione
859 1713 1058 1790 unusquisque
1087 1712 1118 1776 in
1147 1713 1215 1773 Deo
1245 1711 1295 1789 (ut
1326 1727 1396 1772 cum

207 1825 342 1907 Johanne
372 1827 507 1906 loquat),
538 1841 569 1888 et
598 1829 681 1888 Deua
712 1825 744 1887 in
772 1844 956 1904 unoquoque
983 1826 1034 1888 est.
1073 1826 1149 1888 Cum
1169 1824 1272 1902 itaque
1291 1821 1395 1884 unius-
1459 1892 1460 1909 χ

209 1935 350 2014 cujusque
380 1937 454 2000 fides
484 1937 598 2000 ratione
629 1936 808 1999 obedientiae
838 1940 888 2000 vei
918 1936 1110 2000 contumacia
1130 1951 1262 2012 tantum,
1282 1952 1313 1997 et
1332 1952 1397 1996 non

209 2047 323 2110 ratione
355 2049 488 2113 venratio
519 2067 570 2112 aut
601 2047 751 2124 falsitatis,
782 2049 832 2125 pia
852 2051 900 2112 uel
920 2049 1008 2143 impia
1028 2048 1064 2111 sit
1083 2050 1233 2125 habenda,
1252 2063 1284 2109 et
1302 2067 1396 2110 nemo

207 2159 341 2237 dubitet,
371 2179 523 2222 commune
553 2160 703 2223 hominum
734 2159 882 2241 ingenium
913 2162 1025 2224 varium
1055 2164 1211 2228 admodum
1242 2161 1316 2238 eil'e,
1337 2181 1395 2224 nec

208 2289 310 2332 omnes
341 2271 370 2332 in
402 2271 538 2334 omnibun
569 2291 652 2350 aeque
684 2271 884 2351 acquiescere,
914 2272 963 2336 sed
984 2273 1142 2350 opiniones
1162 2273 1278 2338 diverso
1298 2277 1395 2336 modo

1457 2270 1461 2363 l

207 2382 339 2444 hominen
359 2400 475 2463 tegete,
499 2383 610 2463 quippe
631 2403 697 2463 quae
718 2385 798 2446 hunc
818 2388 856 2447 ad
885 2385 1093 2463 devotionem,
1114 2403 1156 2446 ca
1177 2385 1246 2463 ipste
1267 2387 1394 2449 alterum
1458 2430 1459 2435 η

208 2497 244 2556 ad
265 2494 351 2557 risum
372 2511 402 2557 et
424 2512 605 2559 contemtum
626 2513 765 2576 movent3
781 2498 852 2560 hinc
873 2498 1020 2577 sequitur,
1040 2502 1078 2561 ad
1095 2500 1195 2563 Fidem
1205 2500 1394 2561 Catholicam

206 2606 266 2670 stre
286 2606 475 2671 universalem
504 2610 582 2671 nulla
609 2612 747 2689 dogmata
774 2610 939 2687 pertinere,
966 2613 1004 2672 de
1025 2610 1134 2689 quibua
1154 2612 1230 2674 inter
1249 2612 1394 2674 honestos

1454 2455 1460 2506 i

206 2718 303 2795 potest
323 2719 384 2780 dari
404 2721 611 2785 controverfia.
633 2724 709 2805 Qua
730 2721 807 2783 enim
828 2722 893 2800 ejua
912 2738 1024 2785 naturae
1045 2723 1130 2801 sunt,
1149 2724 1281 2801 tespesiu
1301 2725 1394 2787 unius
1457 2733 1458 2736 ’

207 2830 273 2909 pia,
300 2848 330 2893 et
358 2832 489 2909 respoiiu
517 2834 636 2895 alteriue
656 2830 746 2912 impia
766 2834 822 2897 elle
843 2834 978 2912 pollunt3
1000 2836 1240 2914 quandoquidem
1260 2854 1299 2897 ex
1321 2836 1394 2898 solis

207 2944 345 3019 operibus
371 2942 438 3005 sunt
454 2944 623 3023 judicanda.
664 2948 713 3008 Ad
735 2946 835 3008 Fidem
855 2964 926 3027 ergo
946 2948 1130 3015 Catholicam
1151 2967 1186 3010 ea
1205 2949 1394 3011 solummodo

206 3057 342 3135 dogmata
375 3056 541 3134 pertinent,
572 3076 637 3135 quae
669 3076 736 3138 erga
766 3060 862 3122 Deum
889 3060 1061 3122 obedientia
1082 3059 1215 3123 absolute
1235 3060 1343 3137 ponit,
1362 3078 1394 3122 et

204 3165 312 3243 quibua
342 3166 500 3247 ignoratis,
531 3168 699 3231 obedientia
731 3169 772 3231 est
802 3170 936 3233 absolute
966 3171 1167 3248 impossbilia
1199 3174 1236 3235 dc
1267 3171 1393 3249 reliquis
1454 3162 1456 3169 ’

1456 3013 1458 3074 l

204 3293 319 3356 autem,
348 3296 437 3355 prout
465 3280 682 3359 unusquisque,
710 3281 779 3360 quia
800 3282 944 3360 seipsum
964 3284 1068 3346 melius
1088 3284 1192 3360 novit,
1211 3283 1280 3359 sthi,
1301 3288 1341 3345 ad
1363 3284 1391 3343 se
1455 3321 1456 3342 ι

204 3388 234 3450 in
256 3407 353 3451 amore
379 3390 504 3471 Justitiae
536 3394 781 3471 confirmandum,
807 3394 910 3456 melius
937 3394 992 3457 elle
1013 3395 1138 3472 uiderit,
1164 3395 1269 3457 sentite
1290 3396 1390 3457 debet.

204 3500 244 3562 Et
264 3502 318 3563 hac
339 3501 453 3564 ratione
475 3519 550 3580 puto
572 3506 681 3567 nullum
702 3506 800 3567 locum
827 3506 1034 3570 controuersiis
1055 3508 1085 3569 in
1105 3507 1233 3569 Ecclesia
1253 3508 1390 3585 relinqui
1454 3505 1455 3572 ζ

244 3613 307 3673 Nec
330 3612 390 3690 jaro
420 3616 544 3677 verebor
572 3615 653 3677 Fidei
681 3616 863 3681 Universalis
889 3621 1043 3698 dogmata,
1071 3620 1130 3683 save
1150 3619 1293 3682 universae
1310 3620 1389 3681 Scri·

206 3735 300 3799 ptura
321 3722 428 3783 intenti
451 3724 696 3803 fundamentalia,
716 3745 900 3804 enumerare,
920 3749 985 3806 qua
1005 3731 1054 3808 (ut
1073 3750 1111 3791 ex
1132 3730 1185 3806 iia,
1204 3750 1272 3808 quae
1292 3731 1324 3792 in
1344 3732 1390 3792 his
1453 3757 1454 3802 ι

204 3836 325 3897 duobus
336 3833 494 3911 Capitibus
514 3836 691 3899 ostendimus
701 3884 711 3915 ,
732 3839 941 3903 evidentissime
960 3840 1104 3923 sequitur)
1125 3842 1223 3903 omnia
1242 3843 1301 3905 hoe
1323 3859 1389 3904 ten-

204 3949 273 4008 dere
301 3949 428 4025 debent,
455 3967 559 4026 nempe
587 3950 648 4011 dati
676 3950 739 4011 Ena
765 3950 945 4029 supremum,
967 3956 1049 4029 quod
1066 3953 1212 4035 Juilitiam
1234 3967 1264 4015 et
1285 3953 1388 4015 Chari-

203 4074 294 4123 taten
323 4076 416 4138 amat,
436 4060 543 4139 cuique
564 4080 680 4140 omnes,
708 4080 742 4126 ut
763 4063 835 4128 salvi
854 4065 929 4141 lint,
947 4067 1068 4129 obedite
1088 4083 1241 4144 tenentur,
1261 4087 1387 4147 eumque

205 4172 288 4233 cultu
307 4171 430 4253 Justitiae
452 4190 482 4235 et
503 4174 653 4237 Charitate
675 4193 742 4255 erga
762 4176 926 4253 proximum
947 4181 1082 4256 adorare;
1102 4196 1191 4258 atque
1210 4182 1281 4243 hinc
1301 4184 1386 4245 sacile

205 4281 302 4342 omnia
329 4282 573 4361 determinantur,
600 4304 726 4363 quaque
752 4290 827 4349 adeo
849 4291 926 4352 nulla
948 4292 1134 4367 praeterhac
1154 4294 1233 4355 sunt.
1273 4296 1386 4358 Videli-
