2934 4900
346 343 401 403 De
442 341 667 403 Servitute
708 341 901 399 Humana.
1157 352 1218 411 219

44 536 76 575 ex
94 536 129 575 eo
148 515 348 591 convaluerit,
368 514 470 576 mansit
490 530 587 575 tamen
609 514 766 591 preterita
787 512 844 575 sttae
866 512 936 574 vitae
958 527 1017 573 tant
1038 511 1166 586 oblitus,
1185 525 1219 571 ut

45 630 156 689 Fabuias
184 644 216 689 et
245 628 434 706 Tragcedias,
465 646 538 703 quas
570 629 696 700 fecerat,
727 625 794 687 suas
822 644 882 687 non
912 623 1067 687 crediderit
1093 622 1166 697 eise;
1188 637 1218 683 et

46 739 103 798 sane
128 758 181 815 pro
208 739 323 801 infante
350 741 453 800 adulto
479 738 580 799 haberi
602 736 758 814 potuisset,
779 738 800 799 st
822 737 984 800 ventaculae
1005 736 1093 798 etiam
1112 736 1218 815 linguae

46 850 133 911 initiet
161 853 283 912 obiitus.
322 852 363 911 Et
391 850 411 910 ir
441 851 499 911 iaoc
531 848 700 911 incredibile
731 849 867 923 videtur,
895 847 966 925 quid
993 851 1029 910 de
1057 848 1220 909 infantibus

46 963 186 1023 dicemus?
226 965 360 1045 Quorum
382 978 513 1023 naturam
534 963 624 1024 homo
648 964 794 1038 provediae
817 961 913 1022 atatis
935 980 952 1020 a
973 961 1021 1022 sua
1044 976 1102 1023 tam
1124 960 1219 1024 diver·

48 1075 94 1133 sant
113 1074 167 1136 eise
187 1075 295 1151 credit,
316 1090 349 1137 ut
370 1075 535 1151 persuaderi
556 1094 618 1136 non
638 1073 747 1151 podet,
766 1075 794 1136 se
813 1093 940 1151 unquam
961 1074 1102 1136 infantem
1124 1072 1219 1149 fuisse,

47 1186 88 1244 nist
108 1204 142 1245 ex
163 1186 226 1248 aliis
246 1190 283 1264 de
305 1188 333 1247 se
354 1187 550 1264 conjediuram
573 1189 691 1247 faceret.
712 1187 771 1248 Sed
792 1205 828 1247 ne
850 1184 1054 1263 superstitiosis
1073 1184 1219 1245 materiam

47 1298 215 1374 suppeditern
237 1300 376 1362 movendi
397 1318 491 1361 novas
513 1299 704 1377 questiones,
722 1300 798 1359 malo
817 1298 878 1359 haec
891 1297 920 1357 in
932 1296 1029 1357 medio
1048 1296 1220 1373 relinquere.

411 1466 744 1527 PROPOSITIO
785 1465 849 1525 XL.

81 1596 142 1670 Ωιι
160 1596 203 1654 ad
221 1593 363 1653 hommem
382 1612 547 1653 communem
567 1596 732 1654 Societatem
750 1595 920 1669 conducunt,
932 1592 994 1669 five
1005 1609 1067 1668 que
1082 1590 1219 1666 efficiunt,

48 1720 74 1760 ut
95 1703 215 1764 tamnes
242 1708 418 1765 concorditer
445 1709 569 1780 vitant,
589 1707 677 1765 utt'lia
690 1705 782 1781 sunt,
803 1718 831 1763 et
850 1707 903 1764 illa
924 1718 1024 1763 contra
1043 1704 1137 1778 mala,
1159 1720 1220 1781 quae

50 1817 206 1889 dascordt'am
226 1822 259 1877 t'n
281 1818 438 1878 Civitatem
458 1820 604 1877 deducunt.

433 1976 828 2020 nemonsrnnrro

83 2072 150 2130 Nam
171 2092 238 2149 quae
260 2072 407 2147 efficiunt,
428 2086 461 2132 ut
482 2069 615 2131 homines
637 2069 824 2131 concorditer
842 2068 961 2145 vivant,
979 2068 1059 2128 simul
1075 2068 1223 2143 efficiunt,

55 2198 81 2241 ut
106 2203 140 2243 ex
170 2188 261 2248 ductu
292 2183 431 2246 Rationis
462 2183 566 2246 vivant
598 2184 669 2261 (per
697 2183 787 2261 Prop.
810 2193 857 2259 35.
879 2180 995 2259 husus),
1027 2196 1116 2257 atque
1147 2182 1221 2239 adeo

55 2296 114 2371 {per
132 2298 220 2377 Prop.
243 2301 291 2358 26.
311 2312 339 2356 et
360 2314 409 2371 αῖ.
430 2296 531 2375 ltujits)
563 2297 642 2355 bona
670 2294 754 2370 sunt,
782 2309 812 2354 et
842 2294 913 2373 (per
932 2294 1047 2352 eandem
1068 2292 1221 2369 rationem)

56 2404 91 2465 iila
109 2424 205 2471 contra
228 2410 300 2471 nala
322 2408 407 2486 saint,
428 2426 493 2484 que
516 2407 675 2470 discordias
697 2406 859 2468 concitant.
903 2408 936 2484 Q.
957 2408 994 2468 E.
1016 2408 1055 2468 D.

406 2569 733 2629 PROPOSITIO
775 2571 852 2630 XLI.

86 2695 194 2757 letitia
224 2699 331 2757 diredie
360 2698 437 2756 mala
467 2717 521 2755 non
551 2698 606 2774 est,
630 2699 690 2774 sed
722 2697 813 2770 bona;
847 2699 981 2776 Trt'stitm
1008 2712 1103 2758 autem
1123 2713 1223 2758 contra

57 2807 141 2867 diretie
159 2811 196 2888 est
217 2811 306 2869 mala.

430 2908 829 2953 DEMONSTRATIO.

88 2999 194 3064 Laetitia
216 3003 289 3082 (per
308 3003 397 3082 Prop.
422 3019 467 3064 ιι.
485 3018 517 3083 p.
540 3022 567 3080 3.
589 3022 651 3063 cum
671 3005 794 3080 ejusdem
814 3003 919 3082 Schol.)
941 3005 982 3064 est
1002 3005 1142 3079 affedtus‚
1163 3023 1224 3080 quo

60 3111 171 3184 corporis
190 3114 297 3193 agendi
318 3115 454 3191 potentia
474 3131 599 3195 augetur
621 3117 669 3177 vel
686 3115 825 3192 juvatur;
853 3115 984 3176 Tristitia
1005 3131 1101 3176 autern
1122 3129 1225 3176 contra

61 3217 90 3276 tii
115 3223 250 3300 affeiius,
281 3244 342 3301 quo
373 3226 507 3303 corporis
538 3227 644 3305 agendi
673 3227 809 3303 potentia
831 3227 970 3290 minuitur
991 3230 1038 3291 vel
1059 3233 1225 3302 co‘e'rcetur;

61 3331 172 3410 adeoque
194 3337 268 3416 (per
288 3339 377 3416 Prop.
390 3337 550 3416 38.l1u1its)
573 3337 692 3399 Laetitia
713 3339 820 3400 diredia
841 3341 919 3400 bona
941 3339 1066 3413 est,etc.
1091 3339 1124 3415 Q.
1135 3340 1172 3399 E.
1182 3339 1224 3400 D.

403 3497 733 3559 PROPOSITIO
774 3499 866 3560 XLIL

92 3621 232 3686 Hilaritas
260 3626 394 3704 exeeffum
423 3624 529 3686 ltabere
558 3631 674 3704 nequit,
695 3628 753 3703 sed
772 3630 888 3706 semper
908 3628 981 3688 bona
1000 3629 1057 3706 est‚·
1075 3642 1104 3687 et
1123 3643 1225 3688 contra

65 3729 238 3797 dicianeltolt'a
253 3739 371 3818 semper
390 3739 477 3798 mala.

442 3900 837 3945 ormonsrnarro
1075 3941 1077 3948 ,

95 3990 221 4058 Hiiatitas
252 3997 333 4073 (vide
360 3995 420 4070 ejus
441 3993 536 4073 Defin.
557 3999 589 4054 in
609 3993 700 4054 Sclrol.
721 3996 811 4073 Prop.
836 4011 881 4054 ιι.
898 4007 930 4073 p.
953 3995 994 4072 3.)
1026 3992 1067 4054 est
1090 3991 1227 4067 Laetitia,

66 4115 131 4175 qua,
155 4122 299 4182 quatenus
327 4108 365 4171 ad
390 4105 509 4181 Corpus
528 4107 668 4182 refertur,
689 4105 719 4166 in
739 4107 798 4167 hoc
819 4103 962 4180 consistit,
983 4107 1064 4180 quod
1086 4102 1227 4178 Corporis

68 4225 150 4274 onnes
168 4234 264 4293 partes
283 4216 392 4294 pariter
412 4215 468 4278 sint
488 4217 616 4292 affetiae3
636 4217 695 4278 hoc
716 4217 758 4277 esi
780 4217 851 4296 (per
872 4217 960 4296 Prop.
976 4231 1020 4275 ιι.
1036 4227 1068 4294 p.
1081 4215 1122 4292 3.)
1145 4215 1226 4290 quod

68 4319 188 4400 Corporis
217 4329 323 4411 agendi
352 4328 490 4406 potentia
520 4343 645 4408 augetur
675 4330 724 4391 vel
752 4329 892 4404 juvatur,
918 4327 959 4388 ita
988 4342 1020 4387 ut
1042 4344 1144 4388 omnes
1165 4324 1228 4405 ejus
