2934 4900
336 297 827 377 'theologico-Politici
867 296 942 374 Cap.
964 298 1017 359 IX.
1212 308 1269 376 503

78 475 212 537 statuere
238 474 404 551 possumus,
435 473 523 536 unius
549 474 609 536 loci
638 492 698 536 non
727 475 825 551 plures
854 492 940 552 quam
962 477 1035 536 duas
1054 474 1195 536 lectiones
1215 493 1270 536 un-

80 605 175 664 quam
202 585 294 648 fuisse.
333 589 474 650 Attamen
501 586 586 648 facile
614 589 766 663 concedo,
794 587 854 649 imo
882 589 987 664 credo,
1008 587 1096 649 unius
1115 586 1175 649 loci
1195 607 1270 650 nun-

81 718 176 776 quam
196 701 294 775 plures
315 717 400 776 quam
422 702 495 762 duas
515 697 656 762 leuiores
683 715 814 777 repertas
839 698 940 776 suisse3
961 700 1050 778 idque
1071 701 1111 762 ob
1132 700 1206 761 duas
1225 717 1270 761 ra·

80 811 196 872 tiones.
236 813 351 887 Nempe
382 813 406 872 l.
437 811 506 888 quia
537 811 639 887 causa,
672 813 751 872 unde
781 813 882 874 harum
911 809 1069 874 lectionum
1100 809 1272 873 varietatem

82 941 181 987 ortam
213 923 268 986 asse
299 923 493 1001 ostendimus,
524 941 585 986 non
615 926 714 1001 plures
745 941 832 1002 quarn
862 925 936 986 duas
965 925 1127 986 concedere
1157 921 1271 999 potest:

82 1035 267 1098 ostendimur
286 1035 380 1112 enim,
400 1055 449 1097 eas
469 1036 644 1113 potifflmum
665 1055 703 1098 ex
724 1035 909 1098 similitudine
930 1038 1109 1113 quarundam
1125 1033 1271 1096 literarum

82 1163 167 1210 ortas
188 1146 282 1210 suilla.
303 1149 401 1232 Quare
422 1133 626 1212 dubium'fere
647 1135 759 1225 semper
779 1149 837 1210 huc
858 1150 976 1210 tandem
994 1148 1122 1224 redibat,
1131 1145 1271 1209 videlicet

82 1276 152 1322 utra
164 1279 201 1322 ex
213 1262 327 1322 duabus
337 1259 429 1322 literis
439 1261 510 1322 esset
522 1261 715 1338 scribenda,2
729 1261 805 1322 Beth
825 1280 861 1323 an
882 1260 994 1336 21taf,
1014 1261 1096 1339 tJod
1117 1259 1271 1335 antVau,

81 1395 105 1449 'l
136 1379 224 1440 Dalet
251 1396 288 1440 an
316 1379 437 1453 aRes,
465 1392 538 1454 etc„
566 1395 688 1454 quatum
715 1378 785 1440 usus
812 1376 1054 1455 frequentissimus
1073 1375 1131 1452 est;
1151 1390 1182 1437 et
1202 1375 1271 1436 ideo

83 1497 163 1570 saepe
193 1493 364 1574 contingere
394 1509 533 1571 poterat,
564 1509 598 1554 ut
629 1509 754 1572 utraque
793 1493 905 1554 sensum
936 1492 1117 1553 tolerabilem
1148 1504 1271 1567 pareret.

83 1606 221 1682 Deinde,
246 1621 342 1668 utrum
370 1605 478 1684 syllaba
506 1607 594 1685 longa
624 1620 674 1667 aut
696 1605 796 1668 brevis
816 1603 902 1681 esser,
924 1623 1044 1682 quarum
1065 1602 1214 1682 quantitas
1235 1603 1272 1663 iir

82 1718 196 1795 literis,
226 1737 299 1796 quas
325 1717 518 1800 Quiescentes
539 1717 731 1795 vocavimus,
752 1719 971 1780 determinatur.
1001 1717 1057 1779 His
1077 1719 1168 1794 adde,
1189 1718 1271 1794 quod

83 1851 148 1894 non
176 1849 277 1894 omnes
305 1846 385 1893 notae
413 1829 511 1892 dubiae
540 1829 607 1892 sunt
635 1831 794 1907 lectionem
821 1832 927 1892 multas
947 1830 1025 1892 enim
1044 1828 1193 1906 appofitas
1213 1828 1270 1888 elle

85 1943 215 2006 diximus
242 1943 404 2006 honestatis
431 1943 532 2019 causa,
561 1959 596 2004 ut
623 1943 710 2004 etiam
738 1959 772 2004 ut
799 1944 889 2006 verba
916 1942 1049 2004 obsoleta
1068 1959 1099 2004 et
1119 1941 1272 2019 antiquata

85 2057 277 2133 explicarent.
318 2057 357 2117 ll.
371 2054 478 2140 matio,
507 2074 557 2117 cur
584 2055 653 2116 mihi
680 2056 860 2133 persuadeo,
889 2056 976 2118 unius
1000 2055 1059 2116 loci
1088 2073 1149 2116 non
1173 2054 1271 2130 plures

85 2188 173 2246 quam
194 2172 267 2232 duaa
287 2167 428 2231 lectiones
448 2167 581 2244 reperiri,
602 2167 643 2230 est
661 2167 730 2246 quia
748 2172 853 2244 credo,
870 2167 986 2230 Scribas
1003 2186 1097 2244 pauca
1115 2168 1270 2228 admodum

86 2280 261 2358 exemplaria
281 2277 430 2356 reperisse,
452 2282 528 2342 sorte
549 2299 610 2342 non
631 2283 713 2358 plura
736 2300 823 2360 quam
843 2285 904 2344 duo
925 2284 974 2345 vel
994 2281 1060 2342 tria.
1092 2283 1125 2342 ln
1146 2281 1271 2341 mactatu

84 2392 248 2455 Scribarum
269 2409 395 2469 0³5le
416 2411 480 2470 cap.
491 2395 522 2454 6.
543 2411 603 2455 non
624 2393 675 2456 nist
697 2396 733 2457 de
754 2393 850 2456 tribur
870 2395 905 2455 lit
924 2393 1051 2470 mentio,
1069 2410 1135 2471 quae
1155 2393 1271 2473 fingunt

85 2524 218 2586 ternpore
249 2510 354 2571 Hezrae
381 2510 502 2572 inventa
533 2508 632 2587 fuisse,
663 2510 733 2588 quia
763 2512 937 2587 venditant,
966 2511 1019 2572 har
1040 2525 1127 2571 notas
1147 2512 1183 2571 ab
1205 2509 1269 2585 ipso

86 2624 183 2684 chra
204 2622 351 2700 appositas
372 2620 464 2683 fuisse.
495 2620 647 2705 Quicquid
668 2620 721 2699 dt,
741 2622 762 2683 li
783 2621 839 2684 tria
859 2623 1043 2698 habuerunt,
1063 2623 1147 2683 facile
1169 2620 1269 2683 conci·

87 2753 156 2812 pere
186 2735 355 2811 possumus,
384 2737 445 2796 duo
476 2733 587 2810 semper
618 2734 648 2795 in
679 2738 784 2797 eodem
810 2737 880 2796 loco
908 2734 1093 2811 convenisse,
1119 2734 1191 2812 quin
1211 2734 1270 2794 imo

88 2846 285 2925 unusquisque
313 2847 407 2907 mirari
435 2845 502 2909 sane
530 2846 687 2923 potuisset,
708 2846 729 2907 st
749 2847 780 2908 in
802 2847 896 2909 tribus
925 2861 1037 2907 tantum
1059 2846 1271 2921 exemplaribus

86 2974 147 3021 tres
167 2958 286 3021 diversae
308 2958 395 3021 unius
415 2958 601 3037 ejusdemque
622 2959 680 3020 loci
701 2959 843 3022 lectiones
864 2958 1066 3035 reperirentur.
1086 2960 1156 3041 Quo
1172 2974 1270 3020 autem

87 3073 151 3133 fato
173 3073 279 3133 fastum
300 3071 355 3147 esl,
375 3086 410 3133 ut
429 3072 496 3147 post
516 3071 642 3132 Hezram
663 3086 746 3133 tanta
767 3071 973 3148 exemplarium
989 3070 1111 3148 penuria
1132 3070 1270 3147 suerit,ir

88 3180 180 3241 mirari
209 3180 336 3257 defluet,
364 3180 415 3258 qui
445 3183 492 3245 vel
514 3181 605 3243 solum
626 3202 690 3259 cap.
715 3198 740 3242 1.
760 3183 825 3243 libr.
848 3199 874 3243 1.
895 3183 1132 3244 Machabaeorum
1151 3181 1271 3262 legerit,

88 3295 136 3355 vel
155 3312 219 3369 cap.
240 3295 296 3369 5.*
316 3294 380 3355 libr.
396 3311 440 3355 12.
462 3294 613 3371 Antiquit.
633 3295 764 3375 Josephi.
785 3296 847 3357 lmo
869 3295 1006 3375 prodigio
1027 3294 1117 3357 simile
1137 3294 1269 3370 videtur,

89 3408 169 3484 quod
190 3406 256 3483 post
277 3421 387 3469 tantam
409 3423 528 3485 tamque
549 3406 714 3469 diuturnam
736 3408 969 3484 persecutionem
984 3428 1077 3485 pauca
1087 3408 1135 3470 illa
1145 3380 1269 3470 retineie

89 3518 256 3595 potuerint;
278 3520 315 3579 de
337 3536 398 3596 quo
420 3517 563 3579 neminem
583 3518 716 3579 dubitare
735 3518 860 3596 opinor,
877 3519 928 3595 qui
949 3519 1025 3581 illam
1046 3518 1192 3580 historiam
1209 3536 1268 3579 me-

89 3630 179 3692 diocri
202 3650 267 3693 cum
289 3630 457 3694 attentione
477 3630 589 3711 legerit.
609 3630 718 3692 Causas
729 3631 829 3709 itaque
841 3631 988 3707 videmus,
999 3649 1050 3692 cur
1060 3630 1163 3693 nullibi
1174 3632 1270 3707 plures

89 3762 173 3821 quam
194 3746 260 3805 duae
281 3744 377 3805 dubiae
398 3742 540 3806 lediiones
563 3759 729 3805 occurrunt.
751 3744 939 3826 Quapropter
957 3745 1045 3824 longe
1066 3744 1161 3821 abest,
1181 3758 1215 3804 ut
1232 3759 1270 3805 ex

90 3875 139 3932 eo,
161 3858 243 3933 quod
265 3873 325 3916 non
347 3856 444 3932 plures
467 3857 580 3917 duabus
601 3855 711 3934 ubique
729 3857 849 3933 dentur,
866 3855 1004 3919 concludi
1020 3858 1120 3934 polilt,
1136 3856 1229 3918 Biblia
1239 3856 1270 3917 in

89 3968 159 4029 locis
178 3968 290 4029 notatis
307 3970 375 4029 data
394 3985 482 4044 opera
501 3985 650 4046 perperam
668 3968 775 4045 scripta
794 3968 878 4029 fuisse
889 3971 926 4030 ad
936 3968 1120 4050 significanda
1129 3970 1270 4048 mysteria.

89 4085 176 4165 Quod
198 4096 295 4145 autem
316 4084 353 4143 ad
368 4084 523 4160 secundum
542 4082 574 4119 **
595 4082 719 4160 attinet,
741 4084 822 4160 quod
844 4084 975 4161 quedam
994 4082 1176 4158 reperiantur
1195 4083 1270 4143 adeo

121 4224 133 4253 c
168 4220 215 4273 lid.
232 4222 288 4272 Pur
305 4234 330 4285 7.

121 4304 147 4341 l·
181 4302 229 4361 dd.
246 4304 304 4354 Pur
323 4302 472 4371 secundam·
