<?xml version="1.0" encoding="UTF-8"?>
<!DOCTYPE html PUBLIC "-//W3C//DTD XHTML 1.0 Transitional//EN"
    "http://www.w3.org/TR/xhtml1/DTD/xhtml1-transitional.dtd">
<html xmlns="http://www.w3.org/1999/xhtml" xml:lang="en" lang="en">
 <head>
  <title>
</title>
<meta http-equiv="Content-Type" content="text/html;charset=utf-8" />
  <meta name='ocr-system' content='tesseract 3.04.00' />
  <meta name='ocr-capabilities' content='ocr_page ocr_carea ocr_par ocr_line ocrx_word'/>
</head>
<body>
  <div class='ocr_page' id='page_1' title='image "benedictidespin02landgoog_0132.png"; bbox 0 0 2934 4900; ppageno 0'>
   <div class='ocr_carea' id='block_1_1' title="bbox 212 283 969 354">
    <p class='ocr_par' dir='ltr' id='par_1_1' title="bbox 212 283 969 354">
     <span class='ocr_line' id='line_1_1' title="bbox 212 283 969 354; baseline -0.001 -7"><span class='ocrx_word' id='word_1_1' title='bbox 212 287 267 354; x_wconf 67' lang='lat'>108</span> <span class='ocrx_word' id='word_1_2' title='bbox 631 283 814 346; x_wconf 80' lang='lat' dir='ltr'>Ethicex</span> <span class='ocrx_word' id='word_1_3' title='bbox 843 285 913 347; x_wconf 85' lang='lat' dir='ltr'>Para</span> <span class='ocrx_word' id='word_1_4' title='bbox 931 285 969 346; x_wconf 92' lang='lat'>11.</span> 
     </span>
    </p>
   </div>
   <div class='ocr_carea' id='block_1_2' title="bbox 207 453 1408 860">
    <p class='ocr_par' dir='ltr' id='par_1_2' title="bbox 207 453 1408 860">
     <span class='ocr_line' id='line_1_2' title="bbox 209 453 1408 542; baseline -0.003 -21"><span class='ocrx_word' id='word_1_5' title='bbox 209 460 327 542; x_wconf 76' lang='lat' dir='ltr'>nujus),</span> <span class='ocrx_word' id='word_1_6' title='bbox 348 479 434 538; x_wconf 86' lang='lat' dir='ltr'>quam</span> <span class='ocrx_word' id='word_1_7' title='bbox 456 463 538 539; x_wconf 91' lang='lat' dir='ltr'>quod</span> <span class='ocrx_word' id='word_1_8' title='bbox 558 459 588 522; x_wconf 89' lang='lat' dir='ltr'>in</span> <span class='ocrx_word' id='word_1_9' title='bbox 609 459 674 537; x_wconf 86' lang='lat' dir='ltr'>ipso</span> <span class='ocrx_word' id='word_1_10' title='bbox 696 459 808 523; x_wconf 86' lang='lat' dir='ltr'>Divino</span> <span class='ocrx_word' id='word_1_11' title='bbox 830 459 981 522; x_wconf 70' lang='lat' dir='ltr'>inteilediu</span> <span class='ocrx_word' id='word_1_12' title='bbox 1001 460 1087 520; x_wconf 89' lang='lat' dir='ltr'>detur</span> <span class='ocrx_word' id='word_1_13' title='bbox 1107 459 1187 535; x_wconf 89' lang='lat' dir='ltr'>idea,</span> <span class='ocrx_word' id='word_1_14' title='bbox 1207 458 1293 536; x_wconf 82' lang='lat' dir='ltr'>cujus</span> <span class='ocrx_word' id='word_1_15' title='bbox 1307 453 1408 518; x_wconf 82' lang='lat' dir='ltr'>Deus</span> 
     </span>
     <span class='ocr_line' id='line_1_3' title="bbox 209 570 1406 651; baseline -0.004 -15"><span class='ocrx_word' id='word_1_16' title='bbox 209 574 250 636; x_wconf 87' lang='lat' dir='ltr'>est</span> <span class='ocrx_word' id='word_1_17' title='bbox 270 573 373 649; x_wconf 91' lang='lat' dir='ltr'>causa,</span> <span class='ocrx_word' id='word_1_18' title='bbox 394 591 454 634; x_wconf 90' lang='lat' dir='ltr'>non</span> <span class='ocrx_word' id='word_1_19' title='bbox 476 588 622 651; x_wconf 83' lang='lat' dir='ltr'>quatenus</span> <span class='ocrx_word' id='word_1_20' title='bbox 639 571 773 634; x_wconf 78' lang='lat' dir='ltr'>infinitus</span> <span class='ocrx_word' id='word_1_21' title='bbox 791 572 850 647; x_wconf 86' lang='lat' dir='ltr'>est,</span> <span class='ocrx_word' id='word_1_22' title='bbox 867 589 921 634; x_wconf 85' lang='lat' dir='ltr'>nec</span> <span class='ocrx_word' id='word_1_23' title='bbox 939 586 1086 649; x_wconf 81' lang='lat' dir='ltr'>quatenus</span> <span class='ocrx_word' id='word_1_24' title='bbox 1100 570 1286 648; x_wconf 88' lang='lat' dir='ltr'>plurimarum</span> <span class='ocrx_word' id='word_1_25' title='bbox 1302 589 1406 632; x_wconf 90' lang='lat' dir='ltr'>rerum</span> 
     </span>
     <span class='ocr_line' id='line_1_4' title="bbox 207 683 1407 765; baseline -0.003 -19"><span class='ocrx_word' id='word_1_26' title='bbox 207 683 391 765; x_wconf 74' lang='lat' dir='ltr'>angularium</span> <span class='ocrx_word' id='word_1_27' title='bbox 418 685 492 746; x_wconf 81' lang='lat' dir='ltr'>ideis</span> <span class='ocrx_word' id='word_1_28' title='bbox 512 686 633 748; x_wconf 69' lang='lat' dir='ltr'>affectus</span> <span class='ocrx_word' id='word_1_29' title='bbox 654 684 711 760; x_wconf 84' lang='lat' dir='ltr'>est,</span> <span class='ocrx_word' id='word_1_30' title='bbox 732 683 783 746; x_wconf 86' lang='lat' dir='ltr'>sed</span> <span class='ocrx_word' id='word_1_31' title='bbox 804 699 952 762; x_wconf 82' lang='lat' dir='ltr'>quatenus</span> <span class='ocrx_word' id='word_1_32' title='bbox 980 699 1095 746; x_wconf 87' lang='lat' dir='ltr'>tantum</span> <span class='ocrx_word' id='word_1_33' title='bbox 1123 683 1256 746; x_wconf 81' lang='lat' dir='ltr'>humanae</span> <span class='ocrx_word' id='word_1_34' title='bbox 1284 683 1407 744; x_wconf 81' lang='lat' dir='ltr'>Mentis</span> 
     </span>
     <span class='ocr_line' id='line_1_5' title="bbox 210 795 538 860; baseline -0.006 0"><span class='ocrx_word' id='word_1_35' title='bbox 210 796 356 860; x_wconf 69' lang='lat' dir='ltr'>erientiam</span> <span class='ocrx_word' id='word_1_36' title='bbox 376 795 538 860; x_wconf 85' lang='lat' dir='ltr'>constituit.</span> 
     </span>
    </p>
   </div>
   <div class='ocr_carea' id='block_1_3' title="bbox 178 920 1407 4365">
    <p class='ocr_par' dir='ltr' id='par_1_3' title="bbox 655 920 960 980">
     <span class='ocr_line' id='line_1_6' title="bbox 655 920 960 980; baseline -0.003 -1"><span class='ocrx_word' id='word_1_37' title='bbox 655 935 904 980; x_wconf 77' lang='lat' dir='ltr'>senorium</span> <span class='ocrx_word' id='word_1_38' title='bbox 936 920 960 979; x_wconf 82' lang='lat' dir='ltr'>L</span> 
     </span>
    </p>

    <p class='ocr_par' dir='ltr' id='par_1_4' title="bbox 178 1028 1407 4365">
     <span class='ocr_line' id='line_1_7' title="bbox 251 1028 1407 1108; baseline -0.001 -18"><span class='ocrx_word' id='word_1_39' title='bbox 251 1029 307 1090; x_wconf 89' lang='lat' dir='ltr'>His</span> <span class='ocrx_word' id='word_1_40' title='bbox 324 1029 437 1091; x_wconf 89' lang='lat' dir='ltr'>causam</span> <span class='ocrx_word' id='word_1_41' title='bbox 453 1029 637 1107; x_wconf 91' lang='lat' dir='ltr'>Notionum,</span> <span class='ocrx_word' id='word_1_42' title='bbox 659 1050 724 1108; x_wconf 89' lang='lat' dir='ltr'>quae</span> <span class='ocrx_word' id='word_1_43' title='bbox 748 1031 910 1091; x_wconf 81' lang='lat' dir='ltr'>Communes</span> <span class='ocrx_word' id='word_1_44' title='bbox 929 1045 1092 1106; x_wconf 90' lang='lat' dir='ltr'>vocantur,</span> <span class='ocrx_word' id='word_1_45' title='bbox 1110 1049 1235 1108; x_wconf 84' lang='lat' dir='ltr'>quaque</span> <span class='ocrx_word' id='word_1_46' title='bbox 1252 1028 1407 1091; x_wconf 84' lang='lat' dir='ltr'>ratiocinii</span> 
     </span>
     <span class='ocr_line' id='line_1_8' title="bbox 211 1141 1405 1220; baseline -0.002 -17"><span class='ocrx_word' id='word_1_47' title='bbox 211 1141 300 1203; x_wconf 91' lang='lat' dir='ltr'>nostri</span> <span class='ocrx_word' id='word_1_48' title='bbox 331 1144 518 1205; x_wconf 88' lang='lat' dir='ltr'>fundamenta</span> <span class='ocrx_word' id='word_1_49' title='bbox 550 1142 634 1218; x_wconf 88' lang='lat' dir='ltr'>sunt,</span> <span class='ocrx_word' id='word_1_50' title='bbox 664 1142 802 1220; x_wconf 88' lang='lat' dir='ltr'>explicui.</span> <span class='ocrx_word' id='word_1_51' title='bbox 840 1143 898 1204; x_wconf 87' lang='lat' dir='ltr'>Sed</span> <span class='ocrx_word' id='word_1_52' title='bbox 926 1142 989 1204; x_wconf 78' lang='lat' dir='ltr'>alia</span> <span class='ocrx_word' id='word_1_53' title='bbox 1018 1145 1200 1220; x_wconf 90' lang='lat' dir='ltr'>quorundam</span> <span class='ocrx_word' id='word_1_54' title='bbox 1220 1142 1405 1204; x_wconf 88' lang='lat' dir='ltr'>axiomatum</span> 
     </span>
     <span class='ocr_line' id='line_1_9' title="bbox 211 1254 1403 1333; baseline 0 -19"><span class='ocrx_word' id='word_1_55' title='bbox 211 1254 271 1316; x_wconf 87' lang='lat' dir='ltr'>srve</span> <span class='ocrx_word' id='word_1_56' title='bbox 292 1254 448 1316; x_wconf 92' lang='lat' dir='ltr'>notionum</span> <span class='ocrx_word' id='word_1_57' title='bbox 468 1255 560 1316; x_wconf 85' lang='lat' dir='ltr'>causae</span> <span class='ocrx_word' id='word_1_58' title='bbox 583 1257 704 1333; x_wconf 86' lang='lat' dir='ltr'>dantur,</span> <span class='ocrx_word' id='word_1_59' title='bbox 726 1273 799 1332; x_wconf 87' lang='lat' dir='ltr'>quas</span> <span class='ocrx_word' id='word_1_60' title='bbox 819 1255 874 1316; x_wconf 90' lang='lat' dir='ltr'>hac</span> <span class='ocrx_word' id='word_1_61' title='bbox 896 1256 992 1316; x_wconf 85' lang='lat' dir='ltr'>nostra</span> <span class='ocrx_word' id='word_1_62' title='bbox 1012 1256 1155 1317; x_wconf 88' lang='lat' dir='ltr'>methodo</span> <span class='ocrx_word' id='word_1_63' title='bbox 1170 1254 1316 1332; x_wconf 86' lang='lat' dir='ltr'>explicare</span> <span class='ocrx_word' id='word_1_64' title='bbox 1334 1273 1351 1314; x_wconf 90' lang='lat' dir='ltr'>e</span> <span class='ocrx_word' id='word_1_65' title='bbox 1369 1272 1403 1314; x_wconf 90' lang='lat' dir='ltr'>re</span> 
     </span>
     <span class='ocr_line' id='line_1_10' title="bbox 213 1366 1404 1446; baseline 0.002 -20"><span class='ocrx_word' id='word_1_66' title='bbox 213 1367 304 1443; x_wconf 79' lang='lat' dir='ltr'>foret3</span> <span class='ocrx_word' id='word_1_67' title='bbox 323 1386 360 1428; x_wconf 87' lang='lat' dir='ltr'>ex</span> <span class='ocrx_word' id='word_1_68' title='bbox 377 1367 412 1430; x_wconf 82' lang='lat' dir='ltr'>iis</span> <span class='ocrx_word' id='word_1_69' title='bbox 430 1387 554 1445; x_wconf 89' lang='lat' dir='ltr'>namque</span> <span class='ocrx_word' id='word_1_70' title='bbox 572 1367 727 1444; x_wconf 87' lang='lat' dir='ltr'>constaret,</span> <span class='ocrx_word' id='word_1_71' title='bbox 746 1386 879 1444; x_wconf 76' lang='lat' dir='ltr'>quanam</span> <span class='ocrx_word' id='word_1_72' title='bbox 897 1368 1037 1430; x_wconf 83' lang='lat' dir='ltr'>notiones</span> <span class='ocrx_word' id='word_1_73' title='bbox 1055 1387 1113 1445; x_wconf 84' lang='lat' dir='ltr'>prae</span> <span class='ocrx_word' id='word_1_74' title='bbox 1125 1366 1245 1446; x_wconf 80' lang='lat' dir='ltr'>reliquis</span> <span class='ocrx_word' id='word_1_75' title='bbox 1254 1367 1404 1444; x_wconf 83' lang='lat' dir='ltr'>utiliores,</span> 
     </span>
     <span class='ocr_line' id='line_1_11' title="bbox 214 1481 1403 1559; baseline -0.003 -16"><span class='ocrx_word' id='word_1_76' title='bbox 214 1499 345 1559; x_wconf 87' lang='lat' dir='ltr'>quaenam</span> <span class='ocrx_word' id='word_1_77' title='bbox 374 1501 445 1545; x_wconf 90' lang='lat' dir='ltr'>vero</span> <span class='ocrx_word' id='word_1_78' title='bbox 466 1482 519 1545; x_wconf 86' lang='lat' dir='ltr'>vix</span> <span class='ocrx_word' id='word_1_79' title='bbox 541 1481 628 1544; x_wconf 87' lang='lat' dir='ltr'>ullius</span> <span class='ocrx_word' id='word_1_80' title='bbox 648 1482 717 1544; x_wconf 84' lang='lat' dir='ltr'>usus</span> <span class='ocrx_word' id='word_1_81' title='bbox 739 1481 839 1544; x_wconf 84' lang='lat' dir='ltr'>eisent.</span> <span class='ocrx_word' id='word_1_82' title='bbox 869 1482 984 1545; x_wconf 85' lang='lat' dir='ltr'>Deinde</span> <span class='ocrx_word' id='word_1_83' title='bbox 1006 1500 1138 1559; x_wconf 79' lang='lat' dir='ltr'>quaenam</span> <span class='ocrx_word' id='word_1_84' title='bbox 1159 1498 1347 1554; x_wconf 85' lang='lat' dir='ltr'>communes,</span> <span class='ocrx_word' id='word_1_85' title='bbox 1368 1495 1403 1539; x_wconf 87' lang='lat' dir='ltr'>et</span> 
     </span>
     <span class='ocr_line' id='line_1_12' title="bbox 214 1591 1401 1672; baseline -0.003 -16"><span class='ocrx_word' id='word_1_86' title='bbox 214 1612 345 1672; x_wconf 78' lang='lat' dir='ltr'>quanam</span> <span class='ocrx_word' id='word_1_87' title='bbox 367 1595 402 1656; x_wconf 86' lang='lat' dir='ltr'>iis</span> <span class='ocrx_word' id='word_1_88' title='bbox 423 1610 556 1672; x_wconf 88' lang='lat' dir='ltr'>tantum,</span> <span class='ocrx_word' id='word_1_89' title='bbox 577 1595 627 1672; x_wconf 90' lang='lat' dir='ltr'>qui</span> <span class='ocrx_word' id='word_1_90' title='bbox 647 1594 826 1672; x_wconf 76' lang='lat' dir='ltr'>prejudiciis</span> <span class='ocrx_word' id='word_1_91' title='bbox 846 1613 908 1656; x_wconf 90' lang='lat' dir='ltr'>non</span> <span class='ocrx_word' id='word_1_92' title='bbox 923 1595 1075 1672; x_wconf 88' lang='lat' dir='ltr'>laborant,</span> <span class='ocrx_word' id='word_1_93' title='bbox 1091 1596 1174 1656; x_wconf 85' lang='lat' dir='ltr'>clarae</span> <span class='ocrx_word' id='word_1_94' title='bbox 1192 1609 1224 1655; x_wconf 94' lang='lat' dir='ltr'>et</span> <span class='ocrx_word' id='word_1_95' title='bbox 1240 1591 1401 1666; x_wconf 71' lang='lat' dir='ltr'>distinata,</span> 
     </span>
     <span class='ocr_line' id='line_1_13' title="bbox 214 1705 1401 1784; baseline -0.004 -16"><span class='ocrx_word' id='word_1_96' title='bbox 214 1723 244 1768; x_wconf 88' lang='lat' dir='ltr'>et</span> <span class='ocrx_word' id='word_1_97' title='bbox 275 1725 407 1784; x_wconf 81' lang='lat' dir='ltr'>quaenam</span> <span class='ocrx_word' id='word_1_98' title='bbox 438 1707 565 1784; x_wconf 88' lang='lat' dir='ltr'>denique</span> <span class='ocrx_word' id='word_1_99' title='bbox 596 1707 667 1768; x_wconf 91' lang='lat' dir='ltr'>male</span> <span class='ocrx_word' id='word_1_100' title='bbox 698 1709 829 1770; x_wconf 81' lang='lat' dir='ltr'>fundatae</span> <span class='ocrx_word' id='word_1_101' title='bbox 859 1707 924 1768; x_wconf 83' lang='lat' dir='ltr'>srnt.</span> <span class='ocrx_word' id='word_1_102' title='bbox 963 1709 1103 1768; x_wconf 83' lang='lat' dir='ltr'>Praeterea</span> <span class='ocrx_word' id='word_1_103' title='bbox 1130 1705 1291 1780; x_wconf 85' lang='lat' dir='ltr'>constaret,</span> <span class='ocrx_word' id='word_1_104' title='bbox 1318 1707 1401 1765; x_wconf 89' lang='lat' dir='ltr'>unde</span> 
     </span>
     <span class='ocr_line' id='line_1_14' title="bbox 214 1816 1400 1896; baseline -0.004 -16"><span class='ocrx_word' id='word_1_105' title='bbox 214 1818 355 1880; x_wconf 82' lang='lat' dir='ltr'>notiones</span> <span class='ocrx_word' id='word_1_106' title='bbox 389 1818 463 1895; x_wconf 81' lang='lat' dir='ltr'>ilia,</span> <span class='ocrx_word' id='word_1_107' title='bbox 493 1837 567 1896; x_wconf 82' lang='lat' dir='ltr'>quaa</span> <span class='ocrx_word' id='word_1_108' title='bbox 597 1820 740 1880; x_wconf 80' lang='lat' dir='ltr'><em>Secundus</em></span> <span class='ocrx_word' id='word_1_109' title='bbox 770 1834 898 1895; x_wconf 89' lang='lat' dir='ltr'>vocant,</span> <span class='ocrx_word' id='word_1_110' title='bbox 928 1834 959 1880; x_wconf 89' lang='lat' dir='ltr'>et</span> <span class='ocrx_word' id='word_1_111' title='bbox 990 1819 1203 1896; x_wconf 86' lang='lat' dir='ltr'>consequenter</span> <span class='ocrx_word' id='word_1_112' title='bbox 1233 1816 1400 1892; x_wconf 82' lang='lat' dir='ltr'>axiomata,</span> 
     </span>
     <span class='ocr_line' id='line_1_15' title="bbox 215 1929 1402 2012; baseline -0.003 -18"><span class='ocrx_word' id='word_1_113' title='bbox 215 1949 280 2008; x_wconf 89' lang='lat' dir='ltr'>quae</span> <span class='ocrx_word' id='word_1_114' title='bbox 302 1931 331 1992; x_wconf 89' lang='lat' dir='ltr'>in</span> <span class='ocrx_word' id='word_1_115' title='bbox 352 1931 452 1994; x_wconf 91' lang='lat' dir='ltr'>iisdem</span> <span class='ocrx_word' id='word_1_116' title='bbox 469 1933 646 2008; x_wconf 87' lang='lat' dir='ltr'>fundantur,</span> <span class='ocrx_word' id='word_1_117' title='bbox 664 1933 742 1994; x_wconf 90' lang='lat' dir='ltr'>suam</span> <span class='ocrx_word' id='word_1_118' title='bbox 760 1935 909 1995; x_wconf 86' lang='lat' dir='ltr'>duxerunt</span> <span class='ocrx_word' id='word_1_119' title='bbox 926 1933 1084 2012; x_wconf 81' lang='lat' dir='ltr'>originem,</span> <span class='ocrx_word' id='word_1_120' title='bbox 1101 1948 1131 1993; x_wconf 90' lang='lat' dir='ltr'>et</span> <span class='ocrx_word' id='word_1_121' title='bbox 1148 1932 1221 2007; x_wconf 90' lang='lat' dir='ltr'>alia,</span> <span class='ocrx_word' id='word_1_122' title='bbox 1238 1949 1304 2008; x_wconf 76' lang='lat' dir='ltr'>qua</span> <span class='ocrx_word' id='word_1_123' title='bbox 1321 1929 1402 1991; x_wconf 89' lang='lat' dir='ltr'>circa</span> 
     </span>
     <span class='ocr_line' id='line_1_16' title="bbox 215 2042 1404 2122; baseline -0.002 -18"><span class='ocrx_word' id='word_1_124' title='bbox 215 2043 278 2105; x_wconf 83' lang='lat' dir='ltr'>haec</span> <span class='ocrx_word' id='word_1_125' title='bbox 299 2045 455 2122; x_wconf 86' lang='lat' dir='ltr'>aliquando</span> <span class='ocrx_word' id='word_1_126' title='bbox 478 2045 637 2106; x_wconf 85' lang='lat' dir='ltr'>meditatus</span> <span class='ocrx_word' id='word_1_127' title='bbox 654 2045 724 2106; x_wconf 90' lang='lat' dir='ltr'>sum.</span> <span class='ocrx_word' id='word_1_128' title='bbox 746 2047 804 2106; x_wconf 87' lang='lat' dir='ltr'>Sed</span> <span class='ocrx_word' id='word_1_129' title='bbox 822 2045 960 2122; x_wconf 88' lang='lat' dir='ltr'>quoniam</span> <span class='ocrx_word' id='word_1_130' title='bbox 977 2046 1040 2106; x_wconf 85' lang='lat' dir='ltr'>haec</span> <span class='ocrx_word' id='word_1_131' title='bbox 1057 2044 1106 2106; x_wconf 91' lang='lat' dir='ltr'>alii</span> <span class='ocrx_word' id='word_1_132' title='bbox 1123 2045 1221 2107; x_wconf 85' lang='lat' dir='ltr'>dicavi</span> <span class='ocrx_word' id='word_1_133' title='bbox 1237 2042 1404 2117; x_wconf 71' lang='lat' dir='ltr'>Traeiarui,</span> 
     </span>
     <span class='ocr_line' id='line_1_17' title="bbox 216 2154 1402 2234; baseline 0 -20"><span class='ocrx_word' id='word_1_134' title='bbox 216 2171 246 2215; x_wconf 91' lang='lat' dir='ltr'>et</span> <span class='ocrx_word' id='word_1_135' title='bbox 267 2154 370 2230; x_wconf 82' lang='lat' dir='ltr'>etiam,</span> <span class='ocrx_word' id='word_1_136' title='bbox 391 2175 428 2217; x_wconf 92' lang='lat' dir='ltr'>ne</span> <span class='ocrx_word' id='word_1_137' title='bbox 449 2172 571 2232; x_wconf 89' lang='lat' dir='ltr'>propter</span> <span class='ocrx_word' id='word_1_138' title='bbox 589 2155 704 2219; x_wconf 90' lang='lat' dir='ltr'>nimiam</span> <span class='ocrx_word' id='word_1_139' title='bbox 721 2156 810 2234; x_wconf 85' lang='lat' dir='ltr'>hujus</span> <span class='ocrx_word' id='word_1_140' title='bbox 828 2156 869 2218; x_wconf 90' lang='lat' dir='ltr'>rei</span> <span class='ocrx_word' id='word_1_141' title='bbox 886 2156 1085 2234; x_wconf 84' lang='lat' dir='ltr'>prolixitatem</span> <span class='ocrx_word' id='word_1_142' title='bbox 1103 2155 1247 2217; x_wconf 86' lang='lat' dir='ltr'>fastidium</span> <span class='ocrx_word' id='word_1_143' title='bbox 1266 2171 1402 2228; x_wconf 87' lang='lat' dir='ltr'>crearem,</span> 
     </span>
     <span class='ocr_line' id='line_1_18' title="bbox 215 2265 1402 2346; baseline -0.002 -20"><span class='ocrx_word' id='word_1_144' title='bbox 215 2266 270 2326; x_wconf 89' lang='lat' dir='ltr'>hac</span> <span class='ocrx_word' id='word_1_145' title='bbox 296 2284 326 2327; x_wconf 90' lang='lat' dir='ltr'>re</span> <span class='ocrx_word' id='word_1_146' title='bbox 352 2266 400 2328; x_wconf 91' lang='lat' dir='ltr'>hic</span> <span class='ocrx_word' id='word_1_147' title='bbox 428 2267 611 2344; x_wconf 85' lang='lat' dir='ltr'>supersedere</span> <span class='ocrx_word' id='word_1_148' title='bbox 640 2269 768 2332; x_wconf 85' lang='lat' dir='ltr'>decrevi.</span> <span class='ocrx_word' id='word_1_149' title='bbox 804 2269 944 2330; x_wconf 85' lang='lat' dir='ltr'>Attamen</span> <span class='ocrx_word' id='word_1_150' title='bbox 971 2286 1008 2329; x_wconf 98' lang='lat' dir='ltr'>ne</span> <span class='ocrx_word' id='word_1_151' title='bbox 1033 2267 1105 2346; x_wconf 91' lang='lat' dir='ltr'>quid</span> <span class='ocrx_word' id='word_1_152' title='bbox 1125 2267 1229 2328; x_wconf 89' lang='lat' dir='ltr'>horum</span> <span class='ocrx_word' id='word_1_153' title='bbox 1250 2265 1402 2340; x_wconf 89' lang='lat' dir='ltr'>omittam,</span> 
     </span>
     <span class='ocr_line' id='line_1_19' title="bbox 216 2377 1401 2461; baseline -0.002 -21"><span class='ocrx_word' id='word_1_154' title='bbox 216 2380 298 2456; x_wconf 91' lang='lat' dir='ltr'>quod</span> <span class='ocrx_word' id='word_1_155' title='bbox 318 2378 392 2441; x_wconf 91' lang='lat' dir='ltr'>scitu</span> <span class='ocrx_word' id='word_1_156' title='bbox 415 2380 599 2443; x_wconf 75' lang='lat' dir='ltr'>necessarium</span> <span class='ocrx_word' id='word_1_157' title='bbox 621 2381 672 2458; x_wconf 92' lang='lat' dir='ltr'>srt,</span> <span class='ocrx_word' id='word_1_158' title='bbox 693 2381 793 2442; x_wconf 90' lang='lat' dir='ltr'>causas</span> <span class='ocrx_word' id='word_1_159' title='bbox 813 2381 943 2443; x_wconf 88' lang='lat' dir='ltr'>breviter</span> <span class='ocrx_word' id='word_1_160' title='bbox 963 2382 1082 2461; x_wconf 81' lang='lat' dir='ltr'>addam,</span> <span class='ocrx_word' id='word_1_161' title='bbox 1103 2397 1141 2439; x_wconf 92' lang='lat' dir='ltr'>ex</span> <span class='ocrx_word' id='word_1_162' title='bbox 1159 2379 1267 2457; x_wconf 86' lang='lat' dir='ltr'>quibus</span> <span class='ocrx_word' id='word_1_163' title='bbox 1285 2377 1401 2439; x_wconf 88' lang='lat' dir='ltr'>termini</span> 
     </span>
     <span class='ocr_line' id='line_1_20' title="bbox 223 2491 1402 2573; baseline -0.002 -20"><span class='ocrx_word' id='word_1_164' title='bbox 223 2492 494 2570; x_wconf 80' lang='lat' dir='ltr'>Transcendearaler</span> <span class='ocrx_word' id='word_1_165' title='bbox 510 2494 580 2557; x_wconf 74' lang='lat' dir='ltr'>diui</span> <span class='ocrx_word' id='word_1_166' title='bbox 597 2494 676 2555; x_wconf 90' lang='lat' dir='ltr'>suam</span> <span class='ocrx_word' id='word_1_167' title='bbox 694 2497 842 2556; x_wconf 87' lang='lat' dir='ltr'>duxerunt</span> <span class='ocrx_word' id='word_1_168' title='bbox 858 2494 1013 2573; x_wconf 81' lang='lat' dir='ltr'>originem,</span> <span class='ocrx_word' id='word_1_169' title='bbox 1032 2510 1066 2555; x_wconf 93' lang='lat' dir='ltr'>ut</span> <span class='ocrx_word' id='word_1_170' title='bbox 1081 2494 1158 2568; x_wconf 86' lang='lat' dir='ltr'>Eur,</span> <span class='ocrx_word' id='word_1_171' title='bbox 1175 2496 1252 2567; x_wconf 80' lang='lat' dir='ltr'>Rea,</span> <span class='ocrx_word' id='word_1_172' title='bbox 1268 2491 1402 2567; x_wconf 84' lang='lat' dir='ltr'>Aliquid.</span> 
     </span>
     <span class='ocr_line' id='line_1_21' title="bbox 217 2604 1401 2683; baseline -0.002 -18"><span class='ocrx_word' id='word_1_173' title='bbox 217 2604 257 2665; x_wconf 91' lang='lat' dir='ltr'>Hi</span> <span class='ocrx_word' id='word_1_174' title='bbox 278 2604 391 2665; x_wconf 89' lang='lat' dir='ltr'>termini</span> <span class='ocrx_word' id='word_1_175' title='bbox 412 2622 449 2666; x_wconf 87' lang='lat' dir='ltr'>ex</span> <span class='ocrx_word' id='word_1_176' title='bbox 467 2605 525 2667; x_wconf 86' lang='lat' dir='ltr'>hoc</span> <span class='ocrx_word' id='word_1_177' title='bbox 543 2604 696 2683; x_wconf 88' lang='lat' dir='ltr'>oriuntur,</span> <span class='ocrx_word' id='word_1_178' title='bbox 714 2609 797 2683; x_wconf 86' lang='lat' dir='ltr'>qudd</span> <span class='ocrx_word' id='word_1_179' title='bbox 814 2605 924 2667; x_wconf 88' lang='lat' dir='ltr'>scilicet</span> <span class='ocrx_word' id='word_1_180' title='bbox 941 2607 1098 2669; x_wconf 88' lang='lat' dir='ltr'>humanum</span> <span class='ocrx_word' id='word_1_181' title='bbox 1115 2605 1249 2682; x_wconf 85' lang='lat' dir='ltr'>Corpus,</span> <span class='ocrx_word' id='word_1_182' title='bbox 1267 2606 1401 2681; x_wconf 87' lang='lat' dir='ltr'>quando·</span> 
     </span>
     <span class='ocr_line' id='line_1_22' title="bbox 216 2715 1405 2797; baseline -0.004 -19"><span class='ocrx_word' id='word_1_183' title='bbox 216 2716 334 2793; x_wconf 88' lang='lat' dir='ltr'>quidem</span> <span class='ocrx_word' id='word_1_184' title='bbox 354 2716 508 2780; x_wconf 88' lang='lat' dir='ltr'>limitatum</span> <span class='ocrx_word' id='word_1_185' title='bbox 529 2717 586 2793; x_wconf 84' lang='lat' dir='ltr'>est,</span> <span class='ocrx_word' id='word_1_186' title='bbox 607 2732 721 2780; x_wconf 87' lang='lat' dir='ltr'>tantum</span> <span class='ocrx_word' id='word_1_187' title='bbox 743 2718 784 2779; x_wconf 88' lang='lat' dir='ltr'>est</span> <span class='ocrx_word' id='word_1_188' title='bbox 805 2737 898 2794; x_wconf 83' lang='lat' dir='ltr'>capax</span> <span class='ocrx_word' id='word_1_189' title='bbox 921 2718 993 2779; x_wconf 89' lang='lat' dir='ltr'>cerri</span> <span class='ocrx_word' id='word_1_190' title='bbox 1014 2716 1169 2797; x_wconf 78' lang='lat' dir='ltr'>imaginum</span> <span class='ocrx_word' id='word_1_191' title='bbox 1188 2715 1299 2778; x_wconf 87' lang='lat' dir='ltr'>numeri</span> <span class='ocrx_word' id='word_1_192' title='bbox 1317 2716 1405 2793; x_wconf 80' lang='lat' dir='ltr'>(quid</span> 
     </span>
     <span class='ocr_line' id='line_1_23' title="bbox 215 2828 1402 2908; baseline -0.002 -19"><span class='ocrx_word' id='word_1_193' title='bbox 215 2834 309 2904; x_wconf 79' lang='lat' dir='ltr'>imago</span> <span class='ocrx_word' id='word_1_194' title='bbox 330 2828 370 2906; x_wconf 84' lang='lat' dir='ltr'>fir</span> <span class='ocrx_word' id='word_1_195' title='bbox 395 2831 520 2907; x_wconf 76' lang='lat' dir='ltr'>explicui</span> <span class='ocrx_word' id='word_1_196' title='bbox 546 2834 577 2891; x_wconf 82' lang='lat' dir='ltr'>in</span> <span class='ocrx_word' id='word_1_197' title='bbox 605 2828 696 2891; x_wconf 78' lang='lat' dir='ltr'>Schol.</span> <span class='ocrx_word' id='word_1_198' title='bbox 725 2831 815 2907; x_wconf 78' lang='lat' dir='ltr'>Prop.</span> <span class='ocrx_word' id='word_1_199' title='bbox 845 2845 893 2906; x_wconf 86' lang='lat'>17.</span> <span class='ocrx_word' id='word_1_200' title='bbox 920 2829 1021 2908; x_wconf 80' lang='lat' dir='ltr'>hujus)</span> <span class='ocrx_word' id='word_1_201' title='bbox 1049 2830 1079 2890; x_wconf 90' lang='lat' dir='ltr'>in</span> <span class='ocrx_word' id='word_1_202' title='bbox 1106 2829 1137 2890; x_wconf 87' lang='lat' dir='ltr'>se</span> <span class='ocrx_word' id='word_1_203' title='bbox 1163 2828 1296 2891; x_wconf 67' lang='lat' dir='ltr'>distinere</span> <span class='ocrx_word' id='word_1_204' title='bbox 1320 2828 1402 2889; x_wconf 80' lang='lat' dir='ltr'>simul</span> 
     </span>
     <span class='ocr_line' id='line_1_24' title="bbox 217 2939 1403 3021; baseline -0.002 -20"><span class='ocrx_word' id='word_1_205' title='bbox 217 2940 373 3017; x_wconf 83' lang='lat' dir='ltr'>formandi3</span> <span class='ocrx_word' id='word_1_206' title='bbox 395 2942 446 3018; x_wconf 90' lang='lat' dir='ltr'>qui</span> <span class='ocrx_word' id='word_1_207' title='bbox 466 2942 487 3001; x_wconf 91' lang='lat' dir='ltr'>sr</span> <span class='ocrx_word' id='word_1_208' title='bbox 509 2942 685 3016; x_wconf 83' lang='lat' dir='ltr'>excedatur,</span> <span class='ocrx_word' id='word_1_209' title='bbox 705 2942 750 3003; x_wconf 86' lang='lat' dir='ltr'>hae</span> <span class='ocrx_word' id='word_1_210' title='bbox 771 2941 911 3021; x_wconf 81' lang='lat' dir='ltr'>imagines</span> <span class='ocrx_word' id='word_1_211' title='bbox 932 2940 1075 3003; x_wconf 83' lang='lat' dir='ltr'>confundi</span> <span class='ocrx_word' id='word_1_212' title='bbox 1092 2940 1252 3017; x_wconf 89' lang='lat' dir='ltr'>incipient;</span> <span class='ocrx_word' id='word_1_213' title='bbox 1269 2955 1301 3001; x_wconf 95' lang='lat' dir='ltr'>et</span> <span class='ocrx_word' id='word_1_214' title='bbox 1317 2939 1338 3000; x_wconf 88' lang='lat' dir='ltr'>ss</span> <span class='ocrx_word' id='word_1_215' title='bbox 1356 2939 1403 2999; x_wconf 91' lang='lat' dir='ltr'>hic</span> 
     </span>
     <span class='ocr_line' id='line_1_25' title="bbox 216 3050 1403 3131; baseline 0 -20"><span class='ocrx_word' id='word_1_216' title='bbox 216 3050 371 3131; x_wconf 86' lang='lat' dir='ltr'>imaginum</span> <span class='ocrx_word' id='word_1_217' title='bbox 398 3070 550 3128; x_wconf 82' lang='lat' dir='ltr'>numerus,</span> <span class='ocrx_word' id='word_1_218' title='bbox 577 3070 697 3130; x_wconf 87' lang='lat' dir='ltr'>quarum</span> <span class='ocrx_word' id='word_1_219' title='bbox 726 3053 844 3130; x_wconf 81' lang='lat' dir='ltr'>Corpus</span> <span class='ocrx_word' id='word_1_220' title='bbox 870 3054 912 3113; x_wconf 88' lang='lat' dir='ltr'>est</span> <span class='ocrx_word' id='word_1_221' title='bbox 937 3072 1047 3129; x_wconf 80' lang='lat' dir='ltr'>capax,</span> <span class='ocrx_word' id='word_1_222' title='bbox 1074 3068 1108 3115; x_wconf 92' lang='lat' dir='ltr'>ut</span> <span class='ocrx_word' id='word_1_223' title='bbox 1135 3070 1185 3113; x_wconf 84' lang='lat' dir='ltr'>eas</span> <span class='ocrx_word' id='word_1_224' title='bbox 1212 3052 1242 3112; x_wconf 88' lang='lat' dir='ltr'>in</span> <span class='ocrx_word' id='word_1_225' title='bbox 1269 3050 1298 3111; x_wconf 86' lang='lat' dir='ltr'>se</span> <span class='ocrx_word' id='word_1_226' title='bbox 1324 3050 1403 3111; x_wconf 75' lang='lat' dir='ltr'>semul</span> 
     </span>
     <span class='ocr_line' id='line_1_26' title="bbox 217 3163 1402 3243; baseline 0 -18"><span class='ocrx_word' id='word_1_227' title='bbox 217 3163 348 3225; x_wconf 67' lang='lat' dir='ltr'>distincte</span> <span class='ocrx_word' id='word_1_228' title='bbox 369 3165 492 3240; x_wconf 86' lang='lat' dir='ltr'>formet,</span> <span class='ocrx_word' id='word_1_229' title='bbox 512 3166 600 3243; x_wconf 87' lang='lat' dir='ltr'>longe</span> <span class='ocrx_word' id='word_1_230' title='bbox 619 3168 797 3242; x_wconf 85' lang='lat' dir='ltr'>excedatur,</span> <span class='ocrx_word' id='word_1_231' title='bbox 814 3184 916 3227; x_wconf 81' lang='lat' dir='ltr'>omnes</span> <span class='ocrx_word' id='word_1_232' title='bbox 935 3166 1010 3227; x_wconf 87' lang='lat' dir='ltr'>inter</span> <span class='ocrx_word' id='word_1_233' title='bbox 1026 3166 1055 3227; x_wconf 88' lang='lat' dir='ltr'>se</span> <span class='ocrx_word' id='word_1_234' title='bbox 1072 3167 1159 3243; x_wconf 88' lang='lat' dir='ltr'>plane</span> <span class='ocrx_word' id='word_1_235' title='bbox 1174 3166 1402 3227; x_wconf 82' lang='lat' dir='ltr'>confundentur.</span> 
     </span>
     <span class='ocr_line' id='line_1_27' title="bbox 217 3274 1401 3355; baseline 0.001 -20"><span class='ocrx_word' id='word_1_236' title='bbox 217 3274 291 3337; x_wconf 90' lang='lat' dir='ltr'>Cum</span> <span class='ocrx_word' id='word_1_237' title='bbox 322 3275 378 3335; x_wconf 93' lang='lat' dir='ltr'>hoc</span> <span class='ocrx_word' id='word_1_238' title='bbox 410 3276 450 3337; x_wconf 92' lang='lat' dir='ltr'>ita</span> <span class='ocrx_word' id='word_1_239' title='bbox 482 3276 510 3337; x_wconf 84' lang='lat' dir='ltr'>se</span> <span class='ocrx_word' id='word_1_240' title='bbox 537 3278 663 3353; x_wconf 87' lang='lat' dir='ltr'>habeat,</span> <span class='ocrx_word' id='word_1_241' title='bbox 693 3292 777 3355; x_wconf 87' lang='lat' dir='ltr'>patet</span> <span class='ocrx_word' id='word_1_242' title='bbox 805 3296 841 3339; x_wconf 87' lang='lat' dir='ltr'>ex</span> <span class='ocrx_word' id='word_1_243' title='bbox 870 3279 982 3339; x_wconf 89' lang='lat' dir='ltr'>Coroll.</span> <span class='ocrx_word' id='word_1_244' title='bbox 1010 3279 1096 3355; x_wconf 87' lang='lat' dir='ltr'>Prop.</span> <span class='ocrx_word' id='word_1_245' title='bbox 1128 3294 1173 3355; x_wconf 83' lang='lat'>17.</span> <span class='ocrx_word' id='word_1_246' title='bbox 1194 3294 1225 3339; x_wconf 89' lang='lat' dir='ltr'>et</span> <span class='ocrx_word' id='word_1_247' title='bbox 1245 3280 1332 3354; x_wconf 91' lang='lat' dir='ltr'>Prop.</span> <span class='ocrx_word' id='word_1_248' title='bbox 1356 3278 1401 3337; x_wconf 87' lang='lat'>18.</span> 
     </span>
     <span class='ocr_line' id='line_1_28' title="bbox 216 3386 1401 3471; baseline 0.004 -25"><span class='ocrx_word' id='word_1_249' title='bbox 216 3386 322 3465; x_wconf 86' lang='lat' dir='ltr'>hujus,</span> <span class='ocrx_word' id='word_1_250' title='bbox 359 3392 441 3465; x_wconf 90' lang='lat' dir='ltr'>quod</span> <span class='ocrx_word' id='word_1_251' title='bbox 471 3390 558 3450; x_wconf 87' lang='lat' dir='ltr'>Mens</span> <span class='ocrx_word' id='word_1_252' title='bbox 588 3389 713 3450; x_wconf 88' lang='lat' dir='ltr'>humana</span> <span class='ocrx_word' id='word_1_253' title='bbox 745 3406 794 3451; x_wconf 89' lang='lat' dir='ltr'>tot</span> <span class='ocrx_word' id='word_1_254' title='bbox 825 3409 950 3468; x_wconf 92' lang='lat' dir='ltr'>corpora</span> <span class='ocrx_word' id='word_1_255' title='bbox 980 3391 1112 3454; x_wconf 71' lang='lat' dir='ltr'>distincie</span> <span class='ocrx_word' id='word_1_256' title='bbox 1143 3390 1224 3453; x_wconf 79' lang='lat' dir='ltr'>simul</span> <span class='ocrx_word' id='word_1_257' title='bbox 1254 3390 1401 3471; x_wconf 90' lang='lat' dir='ltr'>imaginari</span> 
     </span>
     <span class='ocr_line' id='line_1_29' title="bbox 217 3498 1401 3582; baseline 0.003 -23"><span class='ocrx_word' id='word_1_258' title='bbox 217 3498 345 3577; x_wconf 91' lang='lat' dir='ltr'>poterit,</span> <span class='ocrx_word' id='word_1_259' title='bbox 373 3515 448 3575; x_wconf 91' lang='lat' dir='ltr'>quot</span> <span class='ocrx_word' id='word_1_260' title='bbox 475 3500 504 3561; x_wconf 87' lang='lat' dir='ltr'>in</span> <span class='ocrx_word' id='word_1_261' title='bbox 526 3499 614 3576; x_wconf 84' lang='lat' dir='ltr'>ipsrus</span> <span class='ocrx_word' id='word_1_262' title='bbox 635 3501 770 3577; x_wconf 90' lang='lat' dir='ltr'>Corpore</span> <span class='ocrx_word' id='word_1_263' title='bbox 797 3502 936 3582; x_wconf 82' lang='lat' dir='ltr'>imagines</span> <span class='ocrx_word' id='word_1_264' title='bbox 963 3503 1081 3580; x_wconf 80' lang='lat' dir='ltr'>poffunt</span> <span class='ocrx_word' id='word_1_265' title='bbox 1102 3503 1182 3564; x_wconf 85' lang='lat' dir='ltr'>srmul</span> <span class='ocrx_word' id='word_1_266' title='bbox 1203 3503 1328 3564; x_wconf 88' lang='lat' dir='ltr'>formari.</span> <span class='ocrx_word' id='word_1_267' title='bbox 1359 3504 1401 3562; x_wconf 85' lang='lat' dir='ltr'>At</span> 
     </span>
     <span class='ocr_line' id='line_1_30' title="bbox 217 3611 1402 3691; baseline -0.002 -17"><span class='ocrx_word' id='word_1_268' title='bbox 217 3612 267 3674; x_wconf 93' lang='lat' dir='ltr'>ubi</span> <span class='ocrx_word' id='word_1_269' title='bbox 298 3612 438 3691; x_wconf 81' lang='lat' dir='ltr'>imagines</span> <span class='ocrx_word' id='word_1_270' title='bbox 468 3611 498 3672; x_wconf 95' lang='lat' dir='ltr'>in</span> <span class='ocrx_word' id='word_1_271' title='bbox 523 3612 657 3689; x_wconf 90' lang='lat' dir='ltr'>Corpore</span> <span class='ocrx_word' id='word_1_272' title='bbox 691 3614 776 3689; x_wconf 90' lang='lat' dir='ltr'>plane</span> <span class='ocrx_word' id='word_1_273' title='bbox 807 3616 1046 3690; x_wconf 90' lang='lat' dir='ltr'>confunduntur,</span> <span class='ocrx_word' id='word_1_274' title='bbox 1076 3615 1164 3674; x_wconf 84' lang='lat' dir='ltr'>Mens</span> <span class='ocrx_word' id='word_1_275' title='bbox 1190 3613 1279 3674; x_wconf 90' lang='lat' dir='ltr'>etiam</span> <span class='ocrx_word' id='word_1_276' title='bbox 1307 3613 1402 3673; x_wconf 88' lang='lat' dir='ltr'>omnia</span> 
     </span>
     <span class='ocr_line' id='line_1_31' title="bbox 217 3723 1401 3805; baseline 0 -20"><span class='ocrx_word' id='word_1_277' title='bbox 217 3742 340 3801; x_wconf 87' lang='lat' dir='ltr'>corpora</span> <span class='ocrx_word' id='word_1_278' title='bbox 368 3723 488 3785; x_wconf 84' lang='lat' dir='ltr'>confuse</span> <span class='ocrx_word' id='word_1_279' title='bbox 509 3724 568 3786; x_wconf 84' lang='lat' dir='ltr'>srne</span> <span class='ocrx_word' id='word_1_280' title='bbox 591 3726 648 3787; x_wconf 84' lang='lat' dir='ltr'>ulla</span> <span class='ocrx_word' id='word_1_281' title='bbox 670 3726 854 3788; x_wconf 66' lang='lat' dir='ltr'>distinetione</span> <span class='ocrx_word' id='word_1_282' title='bbox 876 3725 1096 3805; x_wconf 90' lang='lat' dir='ltr'>imaginabitur,</span> <span class='ocrx_word' id='word_1_283' title='bbox 1117 3740 1148 3786; x_wconf 90' lang='lat' dir='ltr'>et</span> <span class='ocrx_word' id='word_1_284' title='bbox 1168 3725 1248 3802; x_wconf 78' lang='lat' dir='ltr'>quast</span> <span class='ocrx_word' id='word_1_285' title='bbox 1270 3726 1322 3786; x_wconf 84' lang='lat' dir='ltr'>sub</span> <span class='ocrx_word' id='word_1_286' title='bbox 1343 3743 1401 3785; x_wconf 89' lang='lat' dir='ltr'>uno</span> 
     </span>
     <span class='ocr_line' id='line_1_32' title="bbox 217 3834 1403 3914; baseline 0.002 -19"><span class='ocrx_word' id='word_1_287' title='bbox 217 3834 361 3895; x_wconf 86' lang='lat' dir='ltr'>attributo</span> <span class='ocrx_word' id='word_1_288' title='bbox 383 3837 628 3913; x_wconf 85' lang='lat' dir='ltr'>comprehendet,</span> <span class='ocrx_word' id='word_1_289' title='bbox 650 3855 753 3913; x_wconf 90' lang='lat' dir='ltr'>nempe</span> <span class='ocrx_word' id='word_1_290' title='bbox 775 3837 828 3898; x_wconf 89' lang='lat' dir='ltr'>sub</span> <span class='ocrx_word' id='word_1_291' title='bbox 850 3838 994 3898; x_wconf 87' lang='lat' dir='ltr'>attributo</span> <span class='ocrx_word' id='word_1_292' title='bbox 1016 3836 1117 3914; x_wconf 86' lang='lat' dir='ltr'>Entis,</span> <span class='ocrx_word' id='word_1_293' title='bbox 1136 3834 1210 3911; x_wconf 88' lang='lat' dir='ltr'>Rei,</span> <span class='ocrx_word' id='word_1_294' title='bbox 1229 3852 1286 3898; x_wconf 90' lang='lat' dir='ltr'>etc.</span> <span class='ocrx_word' id='word_1_295' title='bbox 1307 3837 1403 3897; x_wconf 88' lang='lat' dir='ltr'>Potest</span> 
     </span>
     <span class='ocr_line' id='line_1_33' title="bbox 216 3946 1404 4039; baseline 0.003 -32"><span class='ocrx_word' id='word_1_296' title='bbox 216 3948 274 4009; x_wconf 89' lang='lat' dir='ltr'>hoc</span> <span class='ocrx_word' id='word_1_297' title='bbox 303 3946 389 4009; x_wconf 87' lang='lat' dir='ltr'>etiam</span> <span class='ocrx_word' id='word_1_298' title='bbox 421 3966 458 4009; x_wconf 85' lang='lat' dir='ltr'>ex</span> <span class='ocrx_word' id='word_1_299' title='bbox 488 3966 524 4009; x_wconf 90' lang='lat' dir='ltr'>eo</span> <span class='ocrx_word' id='word_1_300' title='bbox 547 3950 669 4024; x_wconf 89' lang='lat' dir='ltr'>deduci,</span> <span class='ocrx_word' id='word_1_301' title='bbox 691 3951 773 4026; x_wconf 93' lang='lat' dir='ltr'>quod</span> <span class='ocrx_word' id='word_1_302' title='bbox 793 3948 934 4028; x_wconf 90' lang='lat' dir='ltr'>imagines</span> <span class='ocrx_word' id='word_1_303' title='bbox 954 3968 1014 4010; x_wconf 90' lang='lat' dir='ltr'>non</span> <span class='ocrx_word' id='word_1_304' title='bbox 1035 3947 1145 4025; x_wconf 88' lang='lat' dir='ltr'>semper</span> <span class='ocrx_word' id='word_1_305' title='bbox 1165 3967 1249 4026; x_wconf 84' lang='lat' dir='ltr'>aeque</span> <span class='ocrx_word' id='word_1_306' title='bbox 1267 3947 1404 4039; x_wconf 66' lang='lat' dir='ltr'>vigeant,</span> 
     </span>
     <span class='ocr_line' id='line_1_34' title="bbox 218 4059 1400 4141; baseline -0.001 -19"><span class='ocrx_word' id='word_1_307' title='bbox 218 4077 307 4122; x_wconf 89' lang='lat' dir='ltr'>etex</span> <span class='ocrx_word' id='word_1_308' title='bbox 329 4060 392 4121; x_wconf 88' lang='lat' dir='ltr'>aliis</span> <span class='ocrx_word' id='word_1_309' title='bbox 413 4060 503 4122; x_wconf 79' lang='lat' dir='ltr'>causas</span> <span class='ocrx_word' id='word_1_310' title='bbox 524 4061 569 4121; x_wconf 87' lang='lat' dir='ltr'>his</span> <span class='ocrx_word' id='word_1_311' title='bbox 591 4061 740 4141; x_wconf 86' lang='lat' dir='ltr'>analogis,</span> <span class='ocrx_word' id='word_1_312' title='bbox 760 4080 834 4138; x_wconf 82' lang='lat' dir='ltr'>quaa</span> <span class='ocrx_word' id='word_1_313' title='bbox 854 4062 902 4123; x_wconf 90' lang='lat' dir='ltr'>hic</span> <span class='ocrx_word' id='word_1_314' title='bbox 924 4062 1069 4138; x_wconf 88' lang='lat' dir='ltr'>explicare</span> <span class='ocrx_word' id='word_1_315' title='bbox 1088 4079 1150 4122; x_wconf 94' lang='lat' dir='ltr'>non</span> <span class='ocrx_word' id='word_1_316' title='bbox 1171 4059 1212 4121; x_wconf 89' lang='lat' dir='ltr'>est</span> <span class='ocrx_word' id='word_1_317' title='bbox 1228 4078 1321 4136; x_wconf 84' lang='lat' dir='ltr'>oput;</span> <span class='ocrx_word' id='word_1_318' title='bbox 1339 4079 1400 4122; x_wconf 86' lang='lat' dir='ltr'>nam</span> 
     </span>
     <span class='ocr_line' id='line_1_35' title="bbox 178 4172 1401 4251; baseline -0.002 -17"><span class='ocrx_word' id='word_1_319' title='bbox 178 4175 180 4183; x_wconf 90' lang='lat'>&#39;</span> <span class='ocrx_word' id='word_1_320' title='bbox 218 4174 255 4234; x_wconf 89' lang='lat' dir='ltr'>ad</span> <span class='ocrx_word' id='word_1_321' title='bbox 289 4172 432 4247; x_wconf 85' lang='lat' dir='ltr'>nostrum,</span> <span class='ocrx_word' id='word_1_322' title='bbox 471 4176 507 4235; x_wconf 90' lang='lat' dir='ltr'>ad</span> <span class='ocrx_word' id='word_1_323' title='bbox 538 4191 625 4249; x_wconf 91' lang='lat' dir='ltr'>quem</span> <span class='ocrx_word' id='word_1_324' title='bbox 657 4173 856 4251; x_wconf 82' lang='lat' dir='ltr'>collimamua,</span> <span class='ocrx_word' id='word_1_325' title='bbox 885 4175 1007 4251; x_wconf 88' lang='lat' dir='ltr'>scopum</span> <span class='ocrx_word' id='word_1_326' title='bbox 1036 4191 1123 4235; x_wconf 91' lang='lat' dir='ltr'>unam</span> <span class='ocrx_word' id='word_1_327' title='bbox 1154 4188 1269 4235; x_wconf 82' lang='lat' dir='ltr'>tantum</span> <span class='ocrx_word' id='word_1_328' title='bbox 1298 4172 1401 4234; x_wconf 87' lang='lat' dir='ltr'>sufficit</span> 
     </span>
     <span class='ocr_line' id='line_1_36' title="bbox 218 4283 1399 4365; baseline -0.004 -14"><span class='ocrx_word' id='word_1_329' title='bbox 218 4283 406 4351; x_wconf 70' lang='lat' dir='ltr'>condideram.</span> <span class='ocrx_word' id='word_1_330' title='bbox 426 4286 502 4346; x_wconf 91' lang='lat' dir='ltr'>Nam</span> <span class='ocrx_word' id='word_1_331' title='bbox 520 4302 622 4345; x_wconf 85' lang='lat' dir='ltr'>omnes</span> <span class='ocrx_word' id='word_1_332' title='bbox 640 4284 697 4348; x_wconf 89' lang='lat' dir='ltr'>hue</span> <span class='ocrx_word' id='word_1_333' title='bbox 716 4289 857 4364; x_wconf 90' lang='lat' dir='ltr'>redeunt,</span> <span class='ocrx_word' id='word_1_334' title='bbox 875 4290 958 4363; x_wconf 91' lang='lat' dir='ltr'>quod</span> <span class='ocrx_word' id='word_1_335' title='bbox 973 4285 1005 4347; x_wconf 91' lang='lat' dir='ltr'>hi</span> <span class='ocrx_word' id='word_1_336' title='bbox 1022 4284 1137 4347; x_wconf 91' lang='lat' dir='ltr'>termini</span> <span class='ocrx_word' id='word_1_337' title='bbox 1152 4284 1399 4365; x_wconf 83' lang='lat' dir='ltr'>ideassrgnificent</span> 
     </span>
    </p>
   </div>
   <div class='ocr_carea' id='block_1_4' title="bbox 0 0 1477 4900">
    <p class='ocr_par' dir='ltr' id='par_1_5' title="bbox 0 0 1477 4900">
     <span class='ocr_line' id='line_1_37' title="bbox 0 0 1477 4900; baseline 0 0"><span class='ocrx_word' id='word_1_338' title='bbox 0 0 1477 4900; x_wconf 95' lang='lat' dir='ltr'> </span> 
     </span>
    </p>
   </div>
  </div>
 </body>
</html>
