<?xml version="1.0" encoding="UTF-8"?>
<!DOCTYPE html PUBLIC "-//W3C//DTD XHTML 1.0 Transitional//EN"
    "http://www.w3.org/TR/xhtml1/DTD/xhtml1-transitional.dtd">
<html xmlns="http://www.w3.org/1999/xhtml" xml:lang="en" lang="en">
 <head>
  <title>
</title>
<meta http-equiv="Content-Type" content="text/html;charset=utf-8" />
  <meta name='ocr-system' content='tesseract 3.04.00' />
  <meta name='ocr-capabilities' content='ocr_page ocr_carea ocr_par ocr_line ocrx_word'/>
</head>
<body>
  <div class='ocr_page' id='page_1' title='image "benedictidespin02landgoog_0535.png"; bbox 0 0 2934 4900; ppageno 0'>
   <div class='ocr_carea' id='block_1_1' title="bbox 317 298 1249 392">
    <p class='ocr_par' dir='ltr' id='par_1_1' title="bbox 317 298 1249 392">
     <span class='ocr_line' id='line_1_1' title="bbox 317 298 1249 392; baseline 0 -17"><span class='ocrx_word' id='word_1_1' title='bbox 317 298 814 392; x_wconf 67' lang='lat' dir='ltr'>Theologico-Politici</span> <span class='ocrx_word' id='word_1_2' title='bbox 853 299 985 390; x_wconf 70' lang='lat' dir='ltr'>capri</span> <span class='ocrx_word' id='word_1_3' title='bbox 1192 315 1249 390; x_wconf 68' lang='lat' dir='ltr'>sti</span> 
     </span>
    </p>
   </div>
   <div class='ocr_carea' id='block_1_2' title="bbox 70 487 1259 4383">
    <p class='ocr_par' dir='ltr' id='par_1_2' title="bbox 70 487 1259 4383">
     <span class='ocr_line' id='line_1_2' title="bbox 70 487 1254 570; baseline 0.002 -20"><span class='ocrx_word' id='word_1_4' title='bbox 70 489 177 552; x_wconf 88' lang='lat' dir='ltr'>iterum</span> <span class='ocrx_word' id='word_1_5' title='bbox 203 507 295 569; x_wconf 77' lang='lat' dir='ltr'>aqam.</span> <span class='ocrx_word' id='word_1_6' title='bbox 335 489 466 552; x_wconf 83' lang='lat' dir='ltr'>Transeo</span> <span class='ocrx_word' id='word_1_7' title='bbox 494 487 583 568; x_wconf 84' lang='lat' dir='ltr'>igitur</span> <span class='ocrx_word' id='word_1_8' title='bbox 610 491 647 550; x_wconf 91' lang='lat' dir='ltr'>ad</span> <span class='ocrx_word' id='word_1_9' title='bbox 674 505 723 550; x_wconf 88' lang='lat' dir='ltr'>eas</span> <span class='ocrx_word' id='word_1_10' title='bbox 750 488 955 567; x_wconf 87' lang='lat' dir='ltr'>indicandum,</span> <span class='ocrx_word' id='word_1_11' title='bbox 981 507 1049 568; x_wconf 78' lang='lat' dir='ltr'>quae</span> <span class='ocrx_word' id='word_1_12' title='bbox 1074 489 1106 552; x_wconf 92' lang='lat' dir='ltr'>in</span> <span class='ocrx_word' id='word_1_13' title='bbox 1127 490 1254 570; x_wconf 77' lang='lat' dir='ltr'>margine</span> 
     </span>
     <span class='ocr_line' id='line_1_3' title="bbox 71 599 1255 679; baseline 0 -16"><span class='ocrx_word' id='word_1_14' title='bbox 71 619 133 664; x_wconf 91' lang='lat' dir='ltr'>non</span> <span class='ocrx_word' id='word_1_15' title='bbox 164 617 314 666; x_wconf 86' lang='lat' dir='ltr'>notantur.</span> <span class='ocrx_word' id='word_1_16' title='bbox 355 602 456 679; x_wconf 84' lang='lat' dir='ltr'>Atque</span> <span class='ocrx_word' id='word_1_17' title='bbox 477 602 501 662; x_wconf 94' lang='grc' dir='ltr'>Ι.</span> <span class='ocrx_word' id='word_1_18' title='bbox 529 599 646 676; x_wconf 87' lang='lat' dir='ltr'>nescio,</span> <span class='ocrx_word' id='word_1_19' title='bbox 677 615 754 678; x_wconf 90' lang='lat' dir='ltr'>quot</span> <span class='ocrx_word' id='word_1_20' title='bbox 785 601 878 664; x_wconf 85' lang='lat' dir='ltr'>dicam</span> <span class='ocrx_word' id='word_1_21' title='bbox 909 600 1047 678; x_wconf 70' lang='lat' dir='ltr'>irrepfisst</span> <span class='ocrx_word' id='word_1_22' title='bbox 1079 601 1110 662; x_wconf 90' lang='lat' dir='ltr'>in</span> <span class='ocrx_word' id='word_1_23' title='bbox 1140 619 1205 678; x_wconf 88' lang='lat' dir='ltr'>cap.</span> <span class='ocrx_word' id='word_1_24' title='bbox 1225 619 1255 664; x_wconf 80' lang='lat' dir='ltr'>o.</span> 
     </span>
     <span class='ocr_line' id='line_1_4' title="bbox 72 714 1256 795; baseline 0.002 -21"><span class='ocrx_word' id='word_1_25' title='bbox 72 716 194 790; x_wconf 80' lang='lat' dir='ltr'>Hezrae;</span> <span class='ocrx_word' id='word_1_26' title='bbox 225 733 291 776; x_wconf 84' lang='lat' dir='ltr'>nam</span> <span class='ocrx_word' id='word_1_27' title='bbox 322 714 365 778; x_wconf 88' lang='lat' dir='ltr'>vs.</span> <span class='ocrx_word' id='word_1_28' title='bbox 385 716 435 795; x_wconf 81' lang='lat'>64.</span> <span class='ocrx_word' id='word_1_29' title='bbox 467 714 592 776; x_wconf 83' lang='lat' dir='ltr'>traditur</span> <span class='ocrx_word' id='word_1_30' title='bbox 621 714 728 776; x_wconf 88' lang='lat' dir='ltr'>summa</span> <span class='ocrx_word' id='word_1_31' title='bbox 760 714 862 776; x_wconf 84' lang='lat' dir='ltr'>toralia</span> <span class='ocrx_word' id='word_1_32' title='bbox 893 733 993 778; x_wconf 88' lang='lat' dir='ltr'>eorum</span> <span class='ocrx_word' id='word_1_33' title='bbox 1024 716 1174 792; x_wconf 86' lang='lat' dir='ltr'>omnium,</span> <span class='ocrx_word' id='word_1_34' title='bbox 1203 715 1256 792; x_wconf 92' lang='lat' dir='ltr'>qui</span> 
     </span>
     <span class='ocr_line' id='line_1_5' title="bbox 71 825 1258 904; baseline -0.003 -14"><span class='ocrx_word' id='word_1_35' title='bbox 71 827 257 892; x_wconf 85' lang='lat' dir='ltr'>distributive</span> <span class='ocrx_word' id='word_1_36' title='bbox 285 826 315 888; x_wconf 90' lang='lat' dir='ltr'>in</span> <span class='ocrx_word' id='word_1_37' title='bbox 345 841 414 890; x_wconf 87' lang='lat' dir='ltr'>toto</span> <span class='ocrx_word' id='word_1_38' title='bbox 442 826 539 902; x_wconf 90' lang='lat' dir='ltr'>capite</span> <span class='ocrx_word' id='word_1_39' title='bbox 567 844 770 902; x_wconf 84' lang='lat' dir='ltr'>numerantur,</span> <span class='ocrx_word' id='word_1_40' title='bbox 798 841 888 904; x_wconf 87' lang='lat' dir='ltr'>atque</span> <span class='ocrx_word' id='word_1_41' title='bbox 908 825 995 889; x_wconf 90' lang='lat' dir='ltr'>iidem</span> <span class='ocrx_word' id='word_1_42' title='bbox 1016 826 1156 889; x_wconf 86' lang='lat' dir='ltr'>dicuntur</span> <span class='ocrx_word' id='word_1_43' title='bbox 1174 826 1258 888; x_wconf 87' lang='lat' dir='ltr'>simul</span> 
     </span>
     <span class='ocr_line' id='line_1_6' title="bbox 70 937 1257 1019; baseline 0.001 -19"><span class='ocrx_word' id='word_1_44' title='bbox 70 938 293 1019; x_wconf 80' lang='lat' dir='ltr'>fuilse42360.,</span> <span class='ocrx_word' id='word_1_45' title='bbox 312 953 343 1000; x_wconf 93' lang='lat' dir='ltr'>et</span> <span class='ocrx_word' id='word_1_46' title='bbox 363 953 477 1016; x_wconf 87' lang='lat' dir='ltr'>tamen,</span> <span class='ocrx_word' id='word_1_47' title='bbox 497 938 518 1001; x_wconf 89' lang='lat' dir='ltr'>st</span> <span class='ocrx_word' id='word_1_48' title='bbox 539 938 661 1000; x_wconf 78' lang='lat' dir='ltr'>summas</span> <span class='ocrx_word' id='word_1_49' title='bbox 681 937 819 1016; x_wconf 86' lang='lat' dir='ltr'>partiales</span> <span class='ocrx_word' id='word_1_50' title='bbox 839 941 930 1002; x_wconf 83' lang='lat' dir='ltr'>addas</span> <span class='ocrx_word' id='word_1_51' title='bbox 936 985 947 1016; x_wconf 97' lang='lat'>,</span> <span class='ocrx_word' id='word_1_52' title='bbox 972 957 1032 1001; x_wconf 92' lang='lat' dir='ltr'>non</span> <span class='ocrx_word' id='word_1_53' title='bbox 1055 940 1152 1016; x_wconf 76' lang='lat' dir='ltr'>plures</span> <span class='ocrx_word' id='word_1_54' title='bbox 1173 939 1257 1003; x_wconf 88' lang='lat' dir='ltr'>inve·</span> 
     </span>
     <span class='ocr_line' id='line_1_7' title="bbox 72 1045 1257 1127; baseline 0 -17"><span class='ocrx_word' id='word_1_55' title='bbox 72 1048 136 1110; x_wconf 84' lang='lat' dir='ltr'>nice</span> <span class='ocrx_word' id='word_1_56' title='bbox 156 1067 242 1125; x_wconf 90' lang='lat' dir='ltr'>quam</span> <span class='ocrx_word' id='word_1_57' title='bbox 263 1048 371 1126; x_wconf 79' lang='lat'>29818.</span> <span class='ocrx_word' id='word_1_58' title='bbox 411 1048 500 1110; x_wconf 84' lang='lat' dir='ltr'>Error</span> <span class='ocrx_word' id='word_1_59' title='bbox 520 1045 609 1127; x_wconf 82' lang='lat' dir='ltr'>igitur</span> <span class='ocrx_word' id='word_1_60' title='bbox 628 1047 677 1109; x_wconf 89' lang='lat' dir='ltr'>iric</span> <span class='ocrx_word' id='word_1_61' title='bbox 698 1048 740 1108; x_wconf 87' lang='lat' dir='ltr'>est</span> <span class='ocrx_word' id='word_1_62' title='bbox 760 1049 808 1112; x_wconf 89' lang='lat' dir='ltr'>vel</span> <span class='ocrx_word' id='word_1_63' title='bbox 829 1047 859 1110; x_wconf 94' lang='lat' dir='ltr'>in</span> <span class='ocrx_word' id='word_1_64' title='bbox 881 1048 989 1125; x_wconf 87' lang='lat' dir='ltr'>totali,</span> <span class='ocrx_word' id='word_1_65' title='bbox 1009 1050 1056 1112; x_wconf 86' lang='lat' dir='ltr'>vel</span> <span class='ocrx_word' id='word_1_66' title='bbox 1076 1049 1107 1110; x_wconf 94' lang='lat' dir='ltr'>in</span> <span class='ocrx_word' id='word_1_67' title='bbox 1128 1049 1257 1125; x_wconf 88' lang='lat' dir='ltr'>partiali-</span> 
     </span>
     <span class='ocr_line' id='line_1_8' title="bbox 71 1159 1257 1239; baseline 0.003 -19"><span class='ocrx_word' id='word_1_68' title='bbox 71 1163 128 1224; x_wconf 84' lang='lat' dir='ltr'>bus</span> <span class='ocrx_word' id='word_1_69' title='bbox 149 1161 274 1224; x_wconf 80' lang='lat' dir='ltr'>summio.</span> <span class='ocrx_word' id='word_1_70' title='bbox 304 1161 347 1222; x_wconf 81' lang='lat' dir='ltr'>At</span> <span class='ocrx_word' id='word_1_71' title='bbox 366 1159 468 1222; x_wconf 80' lang='lat' dir='ltr'>totalis</span> <span class='ocrx_word' id='word_1_72' title='bbox 489 1163 632 1224; x_wconf 90' lang='lat' dir='ltr'>credenda</span> <span class='ocrx_word' id='word_1_73' title='bbox 653 1159 772 1224; x_wconf 86' lang='lat' dir='ltr'>videtur</span> <span class='ocrx_word' id='word_1_74' title='bbox 789 1162 866 1224; x_wconf 78' lang='lat' dir='ltr'>redte</span> <span class='ocrx_word' id='word_1_75' title='bbox 887 1160 979 1238; x_wconf 92' lang='lat' dir='ltr'>tradi,</span> <span class='ocrx_word' id='word_1_76' title='bbox 995 1161 1064 1239; x_wconf 89' lang='lat' dir='ltr'>quia</span> <span class='ocrx_word' id='word_1_77' title='bbox 1084 1159 1143 1224; x_wconf 88' lang='lat' dir='ltr'>stne</span> <span class='ocrx_word' id='word_1_78' title='bbox 1164 1162 1257 1224; x_wconf 92' lang='lat' dir='ltr'>dubio</span> 
     </span>
     <span class='ocr_line' id='line_1_9' title="bbox 71 1271 1258 1351; baseline 0.002 -17"><span class='ocrx_word' id='word_1_79' title='bbox 71 1292 135 1335; x_wconf 89' lang='lat' dir='ltr'>eam</span> <span class='ocrx_word' id='word_1_80' title='bbox 163 1272 361 1350; x_wconf 85' lang='lat' dir='ltr'>unusquisque</span> <span class='ocrx_word' id='word_1_81' title='bbox 388 1271 554 1334; x_wconf 83' lang='lat' dir='ltr'>memoriter</span> <span class='ocrx_word' id='word_1_82' title='bbox 578 1273 716 1348; x_wconf 82' lang='lat' dir='ltr'>retinuit,</span> <span class='ocrx_word' id='word_1_83' title='bbox 738 1288 771 1336; x_wconf 91' lang='grc' dir='ltr'>ιιι</span> <span class='ocrx_word' id='word_1_84' title='bbox 791 1290 850 1333; x_wconf 88' lang='lat' dir='ltr'>rem</span> <span class='ocrx_word' id='word_1_85' title='bbox 870 1273 1100 1351; x_wconf 63' lang='lat' dir='ltr'>memorabilem</span> <span class='ocrx_word' id='word_1_86' title='bbox 1121 1273 1258 1349; x_wconf 82' lang='lat' dir='ltr'>partiales</span> 
     </span>
     <span class='ocr_line' id='line_1_10' title="bbox 72 1381 1254 1463; baseline 0.001 -16"><span class='ocrx_word' id='word_1_87' title='bbox 72 1401 171 1448; x_wconf 87' lang='lat' dir='ltr'>nutem</span> <span class='ocrx_word' id='word_1_88' title='bbox 202 1403 263 1447; x_wconf 90' lang='lat' dir='ltr'>non</span> <span class='ocrx_word' id='word_1_89' title='bbox 294 1385 373 1446; x_wconf 89' lang='lat' dir='ltr'>item.</span> <span class='ocrx_word' id='word_1_90' title='bbox 413 1386 580 1462; x_wconf 83' lang='lat' dir='ltr'>Adeoque,</span> <span class='ocrx_word' id='word_1_91' title='bbox 601 1383 620 1444; x_wconf 88' lang='lat' dir='ltr'>li</span> <span class='ocrx_word' id='word_1_92' title='bbox 643 1403 722 1446; x_wconf 92' lang='lat' dir='ltr'>error</span> <span class='ocrx_word' id='word_1_93' title='bbox 743 1385 773 1446; x_wconf 94' lang='lat' dir='ltr'>in</span> <span class='ocrx_word' id='word_1_94' title='bbox 793 1385 916 1446; x_wconf 87' lang='lat' dir='ltr'>totalem</span> <span class='ocrx_word' id='word_1_95' title='bbox 937 1381 1071 1448; x_wconf 82' lang='lat' dir='ltr'>summam</span> <span class='ocrx_word' id='word_1_96' title='bbox 1092 1386 1254 1463; x_wconf 79' lang='lat' dir='ltr'>laberetur,</span> 
     </span>
     <span class='ocr_line' id='line_1_11' title="bbox 72 1497 1257 1577; baseline 0.003 -17"><span class='ocrx_word' id='word_1_97' title='bbox 72 1499 167 1561; x_wconf 86' lang='lat' dir='ltr'>statim</span> <span class='ocrx_word' id='word_1_98' title='bbox 194 1497 353 1575; x_wconf 86' lang='lat' dir='ltr'>unicuique</span> <span class='ocrx_word' id='word_1_99' title='bbox 382 1513 514 1575; x_wconf 86' lang='lat' dir='ltr'>pateret,</span> <span class='ocrx_word' id='word_1_100' title='bbox 542 1515 572 1560; x_wconf 89' lang='lat' dir='ltr'>et</span> <span class='ocrx_word' id='word_1_101' title='bbox 599 1498 685 1560; x_wconf 89' lang='lat' dir='ltr'>facile</span> <span class='ocrx_word' id='word_1_102' title='bbox 713 1497 915 1577; x_wconf 83' lang='lat' dir='ltr'>corrigeretur.</span> <span class='ocrx_word' id='word_1_103' title='bbox 956 1499 1058 1577; x_wconf 83' lang='lat' dir='ltr'>Atque</span> <span class='ocrx_word' id='word_1_104' title='bbox 1083 1499 1199 1562; x_wconf 82' lang='lat' dir='ltr'>bocer</span> <span class='ocrx_word' id='word_1_105' title='bbox 1220 1519 1257 1563; x_wconf 90' lang='lat' dir='ltr'>eo</span> 
     </span>
     <span class='ocr_line' id='line_1_12' title="bbox 72 1609 1258 1687; baseline 0.003 -16"><span class='ocrx_word' id='word_1_106' title='bbox 72 1613 159 1686; x_wconf 91' lang='lat' dir='ltr'>plane</span> <span class='ocrx_word' id='word_1_107' title='bbox 188 1611 389 1685; x_wconf 82' lang='lat' dir='ltr'>confirmatur,</span> <span class='ocrx_word' id='word_1_108' title='bbox 418 1612 500 1687; x_wconf 90' lang='lat' dir='ltr'>quod</span> <span class='ocrx_word' id='word_1_109' title='bbox 529 1610 560 1672; x_wconf 88' lang='lat' dir='ltr'>in</span> <span class='ocrx_word' id='word_1_110' title='bbox 586 1609 709 1670; x_wconf 88' lang='lat' dir='ltr'>Nehem.</span> <span class='ocrx_word' id='word_1_111' title='bbox 731 1627 797 1686; x_wconf 90' lang='lat' dir='ltr'>cap.</span> <span class='ocrx_word' id='word_1_112' title='bbox 817 1623 864 1686; x_wconf 80' lang='lat'>7.,</span> <span class='ocrx_word' id='word_1_113' title='bbox 892 1609 943 1672; x_wconf 90' lang='lat' dir='ltr'>ubi</span> <span class='ocrx_word' id='word_1_114' title='bbox 963 1609 1022 1672; x_wconf 89' lang='lat' dir='ltr'>boc</span> <span class='ocrx_word' id='word_1_115' title='bbox 1043 1625 1133 1687; x_wconf 92' lang='lat' dir='ltr'>caput</span> <span class='ocrx_word' id='word_1_116' title='bbox 1152 1613 1258 1674; x_wconf 83' lang='lat' dir='ltr'>Hezrac</span> 
     </span>
     <span class='ocr_line' id='line_1_13' title="bbox 72 1721 1257 1802; baseline 0.003 -18"><span class='ocrx_word' id='word_1_117' title='bbox 72 1723 171 1800; x_wconf 88' lang='lat' dir='ltr'>(quod</span> <span class='ocrx_word' id='word_1_118' title='bbox 190 1722 320 1800; x_wconf 85' lang='lat' dir='ltr'>Epistola</span> <span class='ocrx_word' id='word_1_119' title='bbox 342 1723 530 1801; x_wconf 86' lang='lat' dir='ltr'>Genealogiae</span> <span class='ocrx_word' id='word_1_120' title='bbox 552 1722 673 1802; x_wconf 87' lang='lat' dir='ltr'>dicitur)</span> <span class='ocrx_word' id='word_1_121' title='bbox 695 1721 878 1798; x_wconf 85' lang='lat' dir='ltr'>describitur,</span> <span class='ocrx_word' id='word_1_122' title='bbox 898 1721 983 1786; x_wconf 84' lang='lat' dir='ltr'>sicuti</span> <span class='ocrx_word' id='word_1_123' title='bbox 1004 1724 1257 1802; x_wconf 72' lang='lat' dir='ltr'>expresseverss.</span> 
     </span>
     <span class='ocr_line' id='line_1_14' title="bbox 72 1825 1259 1912; baseline 0.004 -17"><span class='ocrx_word' id='word_1_124' title='bbox 72 1834 200 1911; x_wconf 83' lang='lat' dir='ltr'>ejusdem</span> <span class='ocrx_word' id='word_1_125' title='bbox 229 1853 292 1911; x_wconf 88' lang='lat' dir='ltr'>cap.</span> <span class='ocrx_word' id='word_1_126' title='bbox 319 1835 470 1896; x_wconf 87' lang='lat' dir='ltr'>Nehemiae</span> <span class='ocrx_word' id='word_1_127' title='bbox 500 1835 623 1912; x_wconf 90' lang='lat' dir='ltr'>dicitur,</span> <span class='ocrx_word' id='word_1_128' title='bbox 650 1835 759 1896; x_wconf 90' lang='lat' dir='ltr'>summa</span> <span class='ocrx_word' id='word_1_129' title='bbox 783 1825 886 1897; x_wconf 82' lang='lat' dir='ltr'>t&#39;otalio</span> <span class='ocrx_word' id='word_1_130' title='bbox 906 1853 972 1898; x_wconf 86' lang='lat' dir='ltr'>cum</span> <span class='ocrx_word' id='word_1_131' title='bbox 992 1835 1047 1897; x_wconf 88' lang='lat' dir='ltr'>hac</span> <span class='ocrx_word' id='word_1_132' title='bbox 1067 1836 1133 1897; x_wconf 88' lang='lat' dir='ltr'>libri</span> <span class='ocrx_word' id='word_1_133' title='bbox 1154 1838 1259 1900; x_wconf 83' lang='lat' dir='ltr'>llezrae</span> 
     </span>
     <span class='ocr_line' id='line_1_15' title="bbox 72 1945 1259 2024; baseline 0.003 -18"><span class='ocrx_word' id='word_1_134' title='bbox 72 1949 159 2022; x_wconf 89' lang='lat' dir='ltr'>plane</span> <span class='ocrx_word' id='word_1_135' title='bbox 190 1946 354 2024; x_wconf 90' lang='lat' dir='ltr'>convenit,</span> <span class='ocrx_word' id='word_1_136' title='bbox 383 1946 523 2023; x_wconf 80' lang='lat' dir='ltr'>partiales</span> <span class='ocrx_word' id='word_1_137' title='bbox 554 1961 651 2007; x_wconf 89' lang='lat' dir='ltr'>autem</span> <span class='ocrx_word' id='word_1_138' title='bbox 682 1946 770 2010; x_wconf 85' lang='lat' dir='ltr'>valde</span> <span class='ocrx_word' id='word_1_139' title='bbox 800 1945 983 2023; x_wconf 85' lang='lat' dir='ltr'>discrepant:</span> <span class='ocrx_word' id='word_1_140' title='bbox 1014 1946 1151 2024; x_wconf 89' lang='lat' dir='ltr'>quasdam</span> <span class='ocrx_word' id='word_1_141' title='bbox 1182 1950 1259 2010; x_wconf 88' lang='lat' dir='ltr'>enim</span> 
     </span>
     <span class='ocr_line' id='line_1_16' title="bbox 72 2057 1258 2140; baseline 0.005 -22"><span class='ocrx_word' id='word_1_142' title='bbox 72 2057 214 2134; x_wconf 86' lang='lat' dir='ltr'>majores,</span> <span class='ocrx_word' id='word_1_143' title='bbox 241 2057 376 2135; x_wconf 87' lang='lat' dir='ltr'>quasdam</span> <span class='ocrx_word' id='word_1_144' title='bbox 404 2075 494 2136; x_wconf 89' lang='lat' dir='ltr'>porro</span> <span class='ocrx_word' id='word_1_145' title='bbox 522 2059 665 2135; x_wconf 81' lang='lat' dir='ltr'>minores,</span> <span class='ocrx_word' id='word_1_146' title='bbox 692 2077 780 2136; x_wconf 86' lang='lat' dir='ltr'>quam</span> <span class='ocrx_word' id='word_1_147' title='bbox 807 2059 838 2121; x_wconf 92' lang='lat' dir='ltr'>in</span> <span class='ocrx_word' id='word_1_148' title='bbox 867 2061 963 2122; x_wconf 86' lang='lat' dir='ltr'>Hezra</span> <span class='ocrx_word' id='word_1_149' title='bbox 990 2061 1133 2138; x_wconf 86' lang='lat' dir='ltr'>reperiea,</span> <span class='ocrx_word' id='word_1_150' title='bbox 1152 2061 1258 2140; x_wconf 85' lang='lat' dir='ltr'>easque</span> 
     </span>
     <span class='ocr_line' id='line_1_17' title="bbox 73 2170 1258 2260; baseline 0.005 -30"><span class='ocrx_word' id='word_1_151' title='bbox 73 2188 175 2232; x_wconf 80' lang='lat' dir='ltr'>omnes</span> <span class='ocrx_word' id='word_1_152' title='bbox 201 2170 283 2233; x_wconf 84' lang='lat' dir='ltr'>srnrul</span> <span class='ocrx_word' id='word_1_153' title='bbox 310 2171 453 2234; x_wconf 84' lang='lat' dir='ltr'>conficere</span> <span class='ocrx_word' id='word_1_154' title='bbox 475 2171 600 2249; x_wconf 83' lang='lat'>31089.;</span> <span class='ocrx_word' id='word_1_155' title='bbox 621 2190 709 2248; x_wconf 85' lang='lat' dir='ltr'>quare</span> <span class='ocrx_word' id='word_1_156' title='bbox 732 2189 793 2234; x_wconf 90' lang='lat' dir='ltr'>non</span> <span class='ocrx_word' id='word_1_157' title='bbox 815 2173 936 2234; x_wconf 86' lang='lat' dir='ltr'>dubium</span> <span class='ocrx_word' id='word_1_158' title='bbox 956 2173 1015 2251; x_wconf 88' lang='lat' dir='ltr'>esl,</span> <span class='ocrx_word' id='word_1_159' title='bbox 1035 2173 1109 2250; x_wconf 88' lang='lat' dir='ltr'>quin</span> <span class='ocrx_word' id='word_1_160' title='bbox 1128 2174 1160 2260; x_wconf 87' lang='lat' dir='ltr'>in</span> <span class='ocrx_word' id='word_1_161' title='bbox 1180 2173 1258 2236; x_wconf 77' lang='lat' dir='ltr'>solas</span> 
     </span>
     <span class='ocr_line' id='line_1_18' title="bbox 72 2281 1257 2361; baseline 0.004 -20"><span class='ocrx_word' id='word_1_162' title='bbox 72 2281 195 2343; x_wconf 87' lang='lat' dir='ltr'>summas</span> <span class='ocrx_word' id='word_1_163' title='bbox 223 2281 376 2358; x_wconf 81' lang='lat' dir='ltr'>partiales,</span> <span class='ocrx_word' id='word_1_164' title='bbox 404 2297 463 2342; x_wconf 89' lang='lat' dir='ltr'>tarn</span> <span class='ocrx_word' id='word_1_165' title='bbox 490 2281 556 2342; x_wconf 90' lang='lat' dir='ltr'>libri</span> <span class='ocrx_word' id='word_1_166' title='bbox 583 2283 687 2343; x_wconf 86' lang='lat' dir='ltr'>Hezrae</span> <span class='ocrx_word' id='word_1_167' title='bbox 717 2301 803 2361; x_wconf 86' lang='lat' dir='ltr'>quam</span> <span class='ocrx_word' id='word_1_168' title='bbox 830 2283 998 2360; x_wconf 82' lang='lat' dir='ltr'>Nehemiae,</span> <span class='ocrx_word' id='word_1_169' title='bbox 1026 2285 1124 2361; x_wconf 80' lang='lat' dir='ltr'>plures</span> <span class='ocrx_word' id='word_1_170' title='bbox 1145 2287 1257 2348; x_wconf 84' lang='lat' dir='ltr'>mendae</span> 
     </span>
     <span class='ocr_line' id='line_1_19' title="bbox 72 2392 1258 2473; baseline 0.006 -18"><span class='ocrx_word' id='word_1_171' title='bbox 72 2392 247 2472; x_wconf 89' lang='lat' dir='ltr'>irrepserint.</span> <span class='ocrx_word' id='word_1_172' title='bbox 289 2392 559 2457; x_wconf 87' lang='lat' dir='ltr'>Commentatorum</span> <span class='ocrx_word' id='word_1_173' title='bbox 587 2408 701 2471; x_wconf 88' lang='lat' dir='ltr'>autem,</span> <span class='ocrx_word' id='word_1_174' title='bbox 730 2395 854 2473; x_wconf 80' lang='lat' dir='ltr'>quibas</span> <span class='ocrx_word' id='word_1_175' title='bbox 875 2395 1028 2461; x_wconf 80' lang='lat' dir='ltr'>evidenter</span> <span class='ocrx_word' id='word_1_176' title='bbox 1049 2399 1258 2463; x_wconf 76' lang='lat' dir='ltr'>contradidiio·</span> 
     </span>
     <span class='ocr_line' id='line_1_20' title="bbox 73 2506 1257 2589; baseline 0.004 -20"><span class='ocrx_word' id='word_1_177' title='bbox 73 2526 125 2569; x_wconf 86' lang='lat' dir='ltr'>nes</span> <span class='ocrx_word' id='word_1_178' title='bbox 146 2506 333 2569; x_wconf 89' lang='lat' dir='ltr'>reconciliare</span> <span class='ocrx_word' id='word_1_179' title='bbox 356 2523 515 2583; x_wconf 90' lang='lat' dir='ltr'>conantur,</span> <span class='ocrx_word' id='word_1_180' title='bbox 536 2507 736 2585; x_wconf 83' lang='lat' dir='ltr'>unusquisque</span> <span class='ocrx_word' id='word_1_181' title='bbox 755 2526 810 2585; x_wconf 92' lang='lat' dir='ltr'>pro</span> <span class='ocrx_word' id='word_1_182' title='bbox 830 2509 943 2571; x_wconf 83' lang='lat' dir='ltr'>viribus</span> <span class='ocrx_word' id='word_1_183' title='bbox 962 2509 1006 2573; x_wconf 87' lang='lat' dir='ltr'>sui</span> <span class='ocrx_word' id='word_1_184' title='bbox 1026 2510 1153 2589; x_wconf 75' lang='lat' dir='ltr'>ingenii,</span> <span class='ocrx_word' id='word_1_185' title='bbox 1174 2512 1257 2589; x_wconf 88' lang='lat' dir='ltr'>quic·</span> 
     </span>
     <span class='ocr_line' id='line_1_21' title="bbox 72 2602 1257 2698; baseline 0.005 -18"><span class='ocrx_word' id='word_1_186' title='bbox 72 2620 145 2695; x_wconf 93' lang='lat' dir='ltr'>quid</span> <span class='ocrx_word' id='word_1_187' title='bbox 175 2619 288 2696; x_wconf 85' lang='lat' dir='ltr'>potest,</span> <span class='ocrx_word' id='word_1_188' title='bbox 317 2620 418 2698; x_wconf 86' lang='lat' dir='ltr'>fingit;</span> <span class='ocrx_word' id='word_1_189' title='bbox 449 2636 478 2682; x_wconf 87' lang='lat' dir='ltr'>et</span> <span class='ocrx_word' id='word_1_190' title='bbox 509 2620 638 2697; x_wconf 91' lang='lat' dir='ltr'>interea,</span> <span class='ocrx_word' id='word_1_191' title='bbox 667 2624 736 2683; x_wconf 88' lang='lat' dir='ltr'>dum</span> <span class='ocrx_word' id='word_1_192' title='bbox 766 2602 877 2683; x_wconf 84' lang='lat' dir='ltr'>scilicet</span> <span class='ocrx_word' id='word_1_193' title='bbox 900 2621 1000 2683; x_wconf 78' lang='lat' dir='ltr'>literar</span> <span class='ocrx_word' id='word_1_194' title='bbox 1020 2637 1051 2683; x_wconf 88' lang='lat' dir='ltr'>et</span> <span class='ocrx_word' id='word_1_195' title='bbox 1072 2624 1161 2686; x_wconf 90' lang='lat' dir='ltr'>verba</span> <span class='ocrx_word' id='word_1_196' title='bbox 1182 2624 1257 2685; x_wconf 88' lang='lat' dir='ltr'>Scri·</span> 
     </span>
     <span class='ocr_line' id='line_1_22' title="bbox 72 2729 1257 2811; baseline 0.003 -20"><span class='ocrx_word' id='word_1_197' title='bbox 72 2745 167 2805; x_wconf 83' lang='lat' dir='ltr'>pturae</span> <span class='ocrx_word' id='word_1_198' title='bbox 196 2732 336 2805; x_wconf 90' lang='lat' dir='ltr'>adorant,</span> <span class='ocrx_word' id='word_1_199' title='bbox 363 2729 435 2791; x_wconf 89' lang='lat' dir='ltr'>nihil</span> <span class='ocrx_word' id='word_1_200' title='bbox 462 2729 540 2792; x_wconf 92' lang='lat' dir='ltr'>aliud</span> <span class='ocrx_word' id='word_1_201' title='bbox 568 2730 697 2808; x_wconf 91' lang='lat' dir='ltr'>faciunt,</span> <span class='ocrx_word' id='word_1_202' title='bbox 726 2746 761 2793; x_wconf 91' lang='lat' dir='ltr'>ut</span> <span class='ocrx_word' id='word_1_203' title='bbox 783 2730 843 2808; x_wconf 83' lang='lat' dir='ltr'>jam</span> <span class='ocrx_word' id='word_1_204' title='bbox 864 2731 948 2809; x_wconf 87' lang='lat' dir='ltr'>supra</span> <span class='ocrx_word' id='word_1_205' title='bbox 968 2732 1150 2811; x_wconf 79' lang='lat' dir='ltr'>monuimus,</span> <span class='ocrx_word' id='word_1_206' title='bbox 1169 2752 1257 2810; x_wconf 90' lang='lat' dir='ltr'>quam</span> 
     </span>
     <span class='ocr_line' id='line_1_23' title="bbox 72 2840 1258 2918; baseline 0.003 -17"><span class='ocrx_word' id='word_1_207' title='bbox 72 2840 232 2902; x_wconf 89' lang='lat' dir='ltr'>Bibliorum</span> <span class='ocrx_word' id='word_1_208' title='bbox 258 2840 423 2917; x_wconf 82' lang='lat' dir='ltr'>Scriptores</span> <span class='ocrx_word' id='word_1_209' title='bbox 451 2840 614 2904; x_wconf 89' lang='lat' dir='ltr'>contemtui</span> <span class='ocrx_word' id='word_1_210' title='bbox 636 2858 803 2918; x_wconf 80' lang='lat' dir='ltr'>exponere,</span> <span class='ocrx_word' id='word_1_211' title='bbox 823 2844 898 2905; x_wconf 89' lang='lat' dir='ltr'>adeo</span> <span class='ocrx_word' id='word_1_212' title='bbox 921 2857 955 2905; x_wconf 90' lang='lat' dir='ltr'>ut</span> <span class='ocrx_word' id='word_1_213' title='bbox 975 2844 1145 2907; x_wconf 87' lang='lat' dir='ltr'>viderentur</span> <span class='ocrx_word' id='word_1_214' title='bbox 1165 2844 1258 2907; x_wconf 89' lang='lat' dir='ltr'>nesci·</span> 
     </span>
     <span class='ocr_line' id='line_1_24' title="bbox 72 2951 1259 3035; baseline 0.003 -20"><span class='ocrx_word' id='word_1_215' title='bbox 72 2951 145 3015; x_wconf 80' lang='lat' dir='ltr'>visse</span> <span class='ocrx_word' id='word_1_216' title='bbox 175 2952 275 3029; x_wconf 90' lang='lat' dir='ltr'>loqui,</span> <span class='ocrx_word' id='word_1_217' title='bbox 307 2970 402 3029; x_wconf 87' lang='lat' dir='ltr'>neque</span> <span class='ocrx_word' id='word_1_218' title='bbox 432 2970 478 3014; x_wconf 83' lang='lat' dir='ltr'>res</span> <span class='ocrx_word' id='word_1_219' title='bbox 508 2952 646 3015; x_wconf 77' lang='lat' dir='ltr'>dicendae</span> <span class='ocrx_word' id='word_1_220' title='bbox 678 2953 822 3016; x_wconf 89' lang='lat' dir='ltr'>ordinare.</span> <span class='ocrx_word' id='word_1_221' title='bbox 851 2956 915 3018; x_wconf 91' lang='lat' dir='ltr'>lmo</span> <span class='ocrx_word' id='word_1_222' title='bbox 936 2954 1009 3016; x_wconf 89' lang='lat' dir='ltr'>nihil</span> <span class='ocrx_word' id='word_1_223' title='bbox 1029 2956 1109 3019; x_wconf 89' lang='lat' dir='ltr'>aliud</span> <span class='ocrx_word' id='word_1_224' title='bbox 1128 2956 1259 3035; x_wconf 85' lang='lat' dir='ltr'>faciunt,</span> 
     </span>
     <span class='ocr_line' id='line_1_25' title="bbox 72 3064 1259 3147; baseline 0.003 -20"><span class='ocrx_word' id='word_1_225' title='bbox 72 3084 159 3142; x_wconf 91' lang='lat' dir='ltr'>quam</span> <span class='ocrx_word' id='word_1_226' title='bbox 180 3064 336 3141; x_wconf 72' lang='lat' dir='ltr'>Scriptura</span> <span class='ocrx_word' id='word_1_227' title='bbox 358 3065 594 3142; x_wconf 82' lang='lat' dir='ltr'>perspicuitatem</span> <span class='ocrx_word' id='word_1_228' title='bbox 615 3068 700 3143; x_wconf 86' lang='lat' dir='ltr'>plane</span> <span class='ocrx_word' id='word_1_229' title='bbox 722 3067 892 3129; x_wconf 84' lang='lat' dir='ltr'>obscurare:</span> <span class='ocrx_word' id='word_1_230' title='bbox 914 3085 980 3129; x_wconf 89' lang='lat' dir='ltr'>nam</span> <span class='ocrx_word' id='word_1_231' title='bbox 1001 3067 1148 3147; x_wconf 89' lang='lat' dir='ltr'>liubique</span> <span class='ocrx_word' id='word_1_232' title='bbox 1157 3068 1259 3132; x_wconf 85' lang='lat' dir='ltr'>liceret</span> 
     </span>
     <span class='ocr_line' id='line_1_26' title="bbox 73 3175 1258 3259; baseline 0.003 -20"><span class='ocrx_word' id='word_1_233' title='bbox 73 3175 237 3254; x_wconf 74' lang='lat' dir='ltr'>Scripturas</span> <span class='ocrx_word' id='word_1_234' title='bbox 258 3180 295 3239; x_wconf 89' lang='lat' dir='ltr'>ad</span> <span class='ocrx_word' id='word_1_235' title='bbox 316 3196 417 3241; x_wconf 89' lang='lat' dir='ltr'>eorum</span> <span class='ocrx_word' id='word_1_236' title='bbox 439 3180 556 3242; x_wconf 87' lang='lat' dir='ltr'>modum</span> <span class='ocrx_word' id='word_1_237' title='bbox 578 3179 779 3257; x_wconf 86' lang='lat' dir='ltr'>interpretari,</span> <span class='ocrx_word' id='word_1_238' title='bbox 808 3181 886 3241; x_wconf 90' lang='lat' dir='ltr'>nulla</span> <span class='ocrx_word' id='word_1_239' title='bbox 907 3177 977 3241; x_wconf 88' lang='lat' dir='ltr'>esset</span> <span class='ocrx_word' id='word_1_240' title='bbox 997 3178 1064 3242; x_wconf 90' lang='lat' dir='ltr'>sane</span> <span class='ocrx_word' id='word_1_241' title='bbox 1085 3180 1199 3259; x_wconf 85' lang='lat' dir='ltr'>oratio,</span> <span class='ocrx_word' id='word_1_242' title='bbox 1219 3183 1258 3243; x_wconf 89' lang='lat' dir='ltr'>de</span> 
     </span>
     <span class='ocr_line' id='line_1_27' title="bbox 74 3289 1258 3368; baseline 0.002 -17"><span class='ocrx_word' id='word_1_243' title='bbox 74 3290 159 3367; x_wconf 79' lang='lat' dir='ltr'>cujus</span> <span class='ocrx_word' id='word_1_244' title='bbox 180 3308 251 3354; x_wconf 91' lang='lat' dir='ltr'>vero</span> <span class='ocrx_word' id='word_1_245' title='bbox 272 3290 356 3353; x_wconf 89' lang='lat' dir='ltr'>sensu</span> <span class='ocrx_word' id='word_1_246' title='bbox 376 3308 436 3352; x_wconf 92' lang='lat' dir='ltr'>non</span> <span class='ocrx_word' id='word_1_247' title='bbox 457 3289 602 3368; x_wconf 85' lang='lat' dir='ltr'>pollemus</span> <span class='ocrx_word' id='word_1_248' title='bbox 630 3290 776 3353; x_wconf 86' lang='lat' dir='ltr'>dubitare.</span> <span class='ocrx_word' id='word_1_249' title='bbox 806 3293 866 3355; x_wconf 91' lang='lat' dir='ltr'>Sed</span> <span class='ocrx_word' id='word_1_250' title='bbox 885 3309 946 3354; x_wconf 91' lang='lat' dir='ltr'>non</span> <span class='ocrx_word' id='word_1_251' title='bbox 966 3292 1009 3353; x_wconf 87' lang='lat' dir='ltr'>est</span> <span class='ocrx_word' id='word_1_252' title='bbox 1028 3311 1080 3354; x_wconf 90' lang='lat' dir='ltr'>cur</span> <span class='ocrx_word' id='word_1_253' title='bbox 1099 3292 1175 3355; x_wconf 90' lang='lat' dir='ltr'>circa</span> <span class='ocrx_word' id='word_1_254' title='bbox 1194 3293 1258 3355; x_wconf 75' lang='lat' dir='ltr'>hart</span> 
     </span>
     <span class='ocr_line' id='line_1_28' title="bbox 74 3403 1258 3483; baseline 0.001 -17"><span class='ocrx_word' id='word_1_255' title='bbox 74 3405 126 3466; x_wconf 90' lang='lat' dir='ltr'>diu</span> <span class='ocrx_word' id='word_1_256' title='bbox 156 3405 302 3467; x_wconf 87' lang='lat' dir='ltr'>detinear:</span> <span class='ocrx_word' id='word_1_257' title='bbox 333 3404 403 3467; x_wconf 89' lang='lat' dir='ltr'>mihi</span> <span class='ocrx_word' id='word_1_258' title='bbox 433 3404 510 3467; x_wconf 87' lang='lat' dir='ltr'>enim</span> <span class='ocrx_word' id='word_1_259' title='bbox 542 3404 719 3483; x_wconf 89' lang='lat' dir='ltr'>persuadeo,</span> <span class='ocrx_word' id='word_1_260' title='bbox 750 3408 832 3483; x_wconf 89' lang='lat' dir='ltr'>quod</span> <span class='ocrx_word' id='word_1_261' title='bbox 862 3403 884 3465; x_wconf 90' lang='lat' dir='ltr'>sr</span> <span class='ocrx_word' id='word_1_262' title='bbox 915 3405 1021 3482; x_wconf 79' lang='lat' dir='ltr'>aliquis</span> <span class='ocrx_word' id='word_1_263' title='bbox 1040 3405 1204 3469; x_wconf 83' lang='lat' dir='ltr'>Historicua</span> <span class='ocrx_word' id='word_1_264' title='bbox 1224 3424 1258 3467; x_wconf 85' lang='lat' dir='ltr'>ea</span> 
     </span>
     <span class='ocr_line' id='line_1_29' title="bbox 74 3516 1258 3596; baseline 0.003 -19"><span class='ocrx_word' id='word_1_265' title='bbox 74 3516 171 3578; x_wconf 89' lang='lat' dir='ltr'>omnia</span> <span class='ocrx_word' id='word_1_266' title='bbox 193 3516 298 3579; x_wconf 85' lang='lat' dir='ltr'>imitari</span> <span class='ocrx_word' id='word_1_267' title='bbox 319 3518 426 3593; x_wconf 84' lang='lat' dir='ltr'>vellet,</span> <span class='ocrx_word' id='word_1_268' title='bbox 453 3536 519 3596; x_wconf 87' lang='lat' dir='ltr'>quae</span> <span class='ocrx_word' id='word_1_269' title='bbox 539 3517 592 3594; x_wconf 88' lang='lat' dir='ltr'>ipsi</span> <span class='ocrx_word' id='word_1_270' title='bbox 612 3516 814 3594; x_wconf 85' lang='lat' dir='ltr'>Scriptoribur</span> <span class='ocrx_word' id='word_1_271' title='bbox 839 3516 999 3579; x_wconf 76' lang='lat' dir='ltr'>bibliorum</span> <span class='ocrx_word' id='word_1_272' title='bbox 1019 3520 1131 3582; x_wconf 86' lang='lat' dir='ltr'>devote</span> <span class='ocrx_word' id='word_1_273' title='bbox 1151 3537 1258 3581; x_wconf 87' lang='lat' dir='ltr'>conce·</span> 
     </span>
     <span class='ocr_line' id='line_1_30' title="bbox 73 3628 1256 3708; baseline 0.002 -17"><span class='ocrx_word' id='word_1_274' title='bbox 73 3632 166 3707; x_wconf 88' lang='lat' dir='ltr'>dunt,</span> <span class='ocrx_word' id='word_1_275' title='bbox 186 3646 251 3691; x_wconf 91' lang='lat' dir='ltr'>eum</span> <span class='ocrx_word' id='word_1_276' title='bbox 272 3628 324 3706; x_wconf 85' lang='lat' dir='ltr'>ipsi</span> <span class='ocrx_word' id='word_1_277' title='bbox 354 3629 452 3692; x_wconf 87' lang='lat' dir='ltr'>multis</span> <span class='ocrx_word' id='word_1_278' title='bbox 482 3630 577 3693; x_wconf 89' lang='lat' dir='ltr'>modis</span> <span class='ocrx_word' id='word_1_279' title='bbox 607 3628 770 3691; x_wconf 85' lang='lat' dir='ltr'>irriderent.</span> <span class='ocrx_word' id='word_1_280' title='bbox 791 3630 831 3690; x_wconf 87' lang='lat' dir='ltr'>Et</span> <span class='ocrx_word' id='word_1_281' title='bbox 851 3629 872 3690; x_wconf 86' lang='lat' dir='ltr'>fi</span> <span class='ocrx_word' id='word_1_282' title='bbox 893 3645 1017 3708; x_wconf 85' lang='lat' dir='ltr'>putant,</span> <span class='ocrx_word' id='word_1_283' title='bbox 1037 3648 1104 3693; x_wconf 88' lang='lat' dir='ltr'>eum</span> <span class='ocrx_word' id='word_1_284' title='bbox 1123 3630 1256 3708; x_wconf 88' lang='lat' dir='ltr'>blasphe-</span> 
     </span>
     <span class='ocr_line' id='line_1_31' title="bbox 74 3739 1257 3821; baseline 0.003 -20"><span class='ocrx_word' id='word_1_285' title='bbox 74 3757 151 3803; x_wconf 89' lang='lat' dir='ltr'>mum</span> <span class='ocrx_word' id='word_1_286' title='bbox 180 3739 252 3817; x_wconf 84' lang='lat' dir='ltr'>esic,</span> <span class='ocrx_word' id='word_1_287' title='bbox 279 3741 330 3819; x_wconf 86' lang='lat' dir='ltr'>qui</span> <span class='ocrx_word' id='word_1_288' title='bbox 361 3740 537 3818; x_wconf 77' lang='lat' dir='ltr'>Scriptorum</span> <span class='ocrx_word' id='word_1_289' title='bbox 566 3741 672 3803; x_wconf 91' lang='lat' dir='ltr'>alicubi</span> <span class='ocrx_word' id='word_1_290' title='bbox 700 3742 867 3805; x_wconf 88' lang='lat' dir='ltr'>mendosam</span> <span class='ocrx_word' id='word_1_291' title='bbox 888 3741 945 3805; x_wconf 82' lang='lat' dir='ltr'>etse</span> <span class='ocrx_word' id='word_1_292' title='bbox 966 3743 1055 3819; x_wconf 92' lang='lat' dir='ltr'>dicit,</span> <span class='ocrx_word' id='word_1_293' title='bbox 1074 3744 1175 3821; x_wconf 82' lang='lat' dir='ltr'>quaeso</span> <span class='ocrx_word' id='word_1_294' title='bbox 1195 3760 1257 3821; x_wconf 87' lang='lat' dir='ltr'>quo</span> 
     </span>
     <span class='ocr_line' id='line_1_32' title="bbox 73 3852 1258 3937; baseline 0.001 -22"><span class='ocrx_word' id='word_1_295' title='bbox 73 3852 192 3915; x_wconf 90' lang='lat' dir='ltr'>nomine</span> <span class='ocrx_word' id='word_1_296' title='bbox 213 3867 275 3915; x_wconf 87' lang='lat' dir='ltr'>tum</span> <span class='ocrx_word' id='word_1_297' title='bbox 297 3852 377 3931; x_wconf 81' lang='lat' dir='ltr'>ipsos</span> <span class='ocrx_word' id='word_1_298' title='bbox 400 3854 571 3931; x_wconf 89' lang='lat' dir='ltr'>appellabo,</span> <span class='ocrx_word' id='word_1_299' title='bbox 592 3852 643 3931; x_wconf 93' lang='lat' dir='ltr'>qui</span> <span class='ocrx_word' id='word_1_300' title='bbox 661 3853 818 3932; x_wconf 82' lang='lat' dir='ltr'>Scripturis</span> <span class='ocrx_word' id='word_1_301' title='bbox 839 3854 982 3933; x_wconf 91' lang='lat' dir='ltr'>quicquid</span> <span class='ocrx_word' id='word_1_302' title='bbox 998 3856 1080 3917; x_wconf 89' lang='lat' dir='ltr'>lubet</span> <span class='ocrx_word' id='word_1_303' title='bbox 1091 3855 1258 3937; x_wconf 72' lang='lat' dir='ltr'>affingunt?</span> 
     </span>
     <span class='ocr_line' id='line_1_33' title="bbox 73 3964 1257 4044; baseline 0.005 -19"><span class='ocrx_word' id='word_1_304' title='bbox 73 3964 125 4043; x_wconf 91' lang='lat' dir='ltr'>qui</span> <span class='ocrx_word' id='word_1_305' title='bbox 156 3966 260 4029; x_wconf 84' lang='lat' dir='ltr'>Sacros</span> <span class='ocrx_word' id='word_1_306' title='bbox 292 3964 455 4029; x_wconf 84' lang='lat' dir='ltr'>Historicos</span> <span class='ocrx_word' id='word_1_307' title='bbox 487 3966 528 4027; x_wconf 87' lang='lat' dir='ltr'>ita</span> <span class='ocrx_word' id='word_1_308' title='bbox 558 3964 757 4044; x_wconf 85' lang='lat' dir='ltr'>prostituunt,</span> <span class='ocrx_word' id='word_1_309' title='bbox 788 3981 822 4030; x_wconf 92' lang='lat' dir='ltr'>ut</span> <span class='ocrx_word' id='word_1_310' title='bbox 852 3967 996 4031; x_wconf 82' lang='lat' dir='ltr'>balbutire</span> <span class='ocrx_word' id='word_1_311' title='bbox 1017 3984 1048 4029; x_wconf 87' lang='lat' dir='ltr'>et</span> <span class='ocrx_word' id='word_1_312' title='bbox 1068 3967 1165 4031; x_wconf 89' lang='lat' dir='ltr'>omnia</span> <span class='ocrx_word' id='word_1_313' title='bbox 1185 3986 1257 4031; x_wconf 93' lang='lat' dir='ltr'>con-</span> 
     </span>
     <span class='ocr_line' id='line_1_34' title="bbox 74 4060 1258 4158; baseline 0.004 -21"><span class='ocrx_word' id='word_1_314' title='bbox 74 4078 195 4139; x_wconf 90' lang='lat' dir='ltr'>fundere</span> <span class='ocrx_word' id='word_1_315' title='bbox 216 4077 395 4140; x_wconf 76' lang='lat' dir='ltr'>credantur?</span> <span class='ocrx_word' id='word_1_316' title='bbox 422 4076 474 4155; x_wconf 91' lang='lat' dir='ltr'>qui</span> <span class='ocrx_word' id='word_1_317' title='bbox 503 4077 630 4155; x_wconf 87' lang='lat' dir='ltr'>denique</span> <span class='ocrx_word' id='word_1_318' title='bbox 658 4060 757 4142; x_wconf 75' lang='lat' dir='ltr'>sensus</span> <span class='ocrx_word' id='word_1_319' title='bbox 777 4078 933 4158; x_wconf 74' lang='lat' dir='ltr'>Scriptura</span> <span class='ocrx_word' id='word_1_320' title='bbox 953 4076 1123 4156; x_wconf 85' lang='lat' dir='ltr'>perspicuoo</span> <span class='ocrx_word' id='word_1_321' title='bbox 1143 4094 1174 4142; x_wconf 87' lang='lat' dir='ltr'>ct</span> <span class='ocrx_word' id='word_1_322' title='bbox 1194 4078 1258 4143; x_wconf 85' lang='lat' dir='ltr'>evi·</span> 
     </span>
     <span class='ocr_line' id='line_1_35' title="bbox 74 4188 1258 4272; baseline 0.003 -21"><span class='ocrx_word' id='word_1_323' title='bbox 74 4188 251 4251; x_wconf 87' lang='lat' dir='ltr'>dentissrmos</span> <span class='ocrx_word' id='word_1_324' title='bbox 282 4189 415 4269; x_wconf 76' lang='lat' dir='ltr'>negant?</span> <span class='ocrx_word' id='word_1_325' title='bbox 446 4188 527 4272; x_wconf 86' lang='lat' dir='ltr'>Quid</span> <span class='ocrx_word' id='word_1_326' title='bbox 558 4188 634 4251; x_wconf 89' lang='lat' dir='ltr'>enim</span> <span class='ocrx_word' id='word_1_327' title='bbox 666 4189 696 4251; x_wconf 93' lang='lat' dir='ltr'>in</span> <span class='ocrx_word' id='word_1_328' title='bbox 726 4190 875 4269; x_wconf 91' lang='lat' dir='ltr'>Scriptura</span> <span class='ocrx_word' id='word_1_329' title='bbox 905 4190 1026 4269; x_wconf 79' lang='lat' dir='ltr'>clarius,</span> <span class='ocrx_word' id='word_1_330' title='bbox 1057 4210 1143 4270; x_wconf 89' lang='lat' dir='ltr'>quam</span> <span class='ocrx_word' id='word_1_331' title='bbox 1174 4194 1258 4270; x_wconf 88' lang='lat' dir='ltr'>quod</span> 
     </span>
     <span class='ocr_line' id='line_1_36' title="bbox 74 4300 1257 4383; baseline -0.001 -16"><span class='ocrx_word' id='word_1_332' title='bbox 74 4302 186 4367; x_wconf 87' lang='lat' dir='ltr'>Hezras</span> <span class='ocrx_word' id='word_1_333' title='bbox 214 4319 279 4364; x_wconf 90' lang='lat' dir='ltr'>cum</span> <span class='ocrx_word' id='word_1_334' title='bbox 307 4300 395 4363; x_wconf 85' lang='lat' dir='ltr'>sociis</span> <span class='ocrx_word' id='word_1_335' title='bbox 417 4301 446 4363; x_wconf 92' lang='lat' dir='ltr'>in</span> <span class='ocrx_word' id='word_1_336' title='bbox 467 4301 597 4379; x_wconf 88' lang='lat' dir='ltr'>Epistola</span> <span class='ocrx_word' id='word_1_337' title='bbox 620 4302 830 4383; x_wconf 79' lang='lat' dir='ltr'>Genealogiae,</span> <span class='ocrx_word' id='word_1_338' title='bbox 849 4304 879 4367; x_wconf 93' lang='lat' dir='ltr'>in</span> <span class='ocrx_word' id='word_1_339' title='bbox 901 4322 965 4383; x_wconf 87' lang='lat' dir='ltr'>cap.</span> <span class='ocrx_word' id='word_1_340' title='bbox 986 4322 1015 4367; x_wconf 69' lang='grc' dir='ltr'>α.</span> <span class='ocrx_word' id='word_1_341' title='bbox 1035 4304 1101 4367; x_wconf 88' lang='lat' dir='ltr'>libri</span> <span class='ocrx_word' id='word_1_342' title='bbox 1122 4304 1173 4383; x_wconf 87' lang='lat' dir='ltr'>qui</span> <span class='ocrx_word' id='word_1_343' title='bbox 1193 4303 1257 4382; x_wconf 70' lang='lat' dir='ltr'>ejus</span> 
     </span>
    </p>
   </div>
   <div class='ocr_carea' id='block_1_3' title="bbox 0 0 1475 4900">
    <p class='ocr_par' dir='ltr' id='par_1_3' title="bbox 0 0 1475 4900">
     <span class='ocr_line' id='line_1_37' title="bbox 0 0 1475 4900; baseline 0 0"><span class='ocrx_word' id='word_1_344' title='bbox 0 0 1475 4900; x_wconf 95' lang='lat' dir='ltr'> </span> 
     </span>
    </p>
   </div>
  </div>
 </body>
</html>
