2934 4900
157 320 217 393 556
633 317 873 378 Tractatus

148 512 260 555 -omnes
283 493 417 555 homines
444 493 529 553 facile
550 492 614 553 solo
636 493 728 554 duob
748 490 888 554 Rationis
908 491 976 553 duci
997 490 1131 569 possent,
1150 491 1353 569 summamque

157 605 340 683 Reipublicae
361 605 520 669 utilitatem
540 619 571 665 et
592 605 787 666 neceffitatern
808 604 944 681 noscere,
965 607 1062 666 nullus
1084 603 1171 682 esset,
1188 605 1241 683 qui
1260 605 1353 666 dolos

156 719 273 796 prorsus
301 738 361 780 non
390 718 599 794 detestaretur,
627 716 677 778 sed
703 735 807 778 omnes
828 716 936 779 summa
956 735 1022 779 curn
1044 717 1101 780 fide
1122 736 1160 778 ex
1181 718 1351 794 cupiditate

156 830 256 893 summi
282 830 371 907 hujus
397 830 487 907 boni,
516 847 621 905 nempe
642 828 828 904 Reipublicae
858 828 1083 910 conservande,
1110 830 1202 906 padtis
1225 831 1350 890 omnino

153 942 277 1019 starent,
316 957 347 1002 et
377 943 482 1018 fidem,
511 941 651 1002 summum
688 939 873 1016 Reipublicae
912 939 1092 1016 presidium,
1130 940 1217 1017 supra
1249 942 1350 1004 omnia

153 1057 310 1118 servarent.
350 1057 408 1117 Sed
427 1057 514 1134 longe
535 1054 636 1130 abest,
655 1069 691 1115 ut
713 1071 815 1114 omnes
837 1072 876 1114 ex
896 1052 961 1114 solo
982 1055 1073 1115 dudiu
1094 1054 1236 1116 Rationis
1259 1055 1348 1116 facile

156 1166 267 1243 semper
293 1168 362 1229 duci
390 1168 512 1245 possint:
541 1187 606 1228 nam
633 1165 835 1243 unusquisque
856 1185 872 1226 a
893 1165 944 1226 sua
972 1166 1129 1242 voluptate
1154 1167 1297 1242 trahitur,
1317 1183 1350 1229 et

158 1278 295 1356 avaritid,
322 1281 430 1360 gloria,
457 1279 586 1355 invidit,
606 1279 668 1354 ira,
689 1294 748 1339 etc.
770 1277 915 1354 saepiffime
938 1279 1027 1339 Mens
1048 1278 1089 1342 ita
1111 1296 1293 1356 occupatur,
1315 1296 1351 1340 ut

158 1392 255 1453 nullus
275 1395 360 1453 locue
381 1392 506 1453 Rationi
526 1391 720 1468 relinquatur;
742 1405 933 1468 quapropter,
956 1391 1093 1468 quamvis
1112 1390 1247 1452 homines
1261 1391 1350 1452 tetris

157 1503 245 1582 signis
265 1503 399 1580 simplicis
420 1502 508 1564 animi
536 1502 710 1578 promittant
732 1517 764 1562 et
785 1501 985 1578 paciscantur,
1006 1500 1035 1562 se
1057 1503 1143 1563 fidem
1163 1502 1351 1578 servaturos,

157 1633 244 1676 nemo
264 1632 379 1692 tamen,
398 1615 451 1676 nisi
471 1613 607 1690 promisso
629 1615 708 1676 aliud
731 1616 873 1690 accedat,
894 1616 932 1674 de
952 1614 1010 1674 fide
1031 1613 1152 1676 alterius
1173 1615 1273 1690 potest
1294 1613 1350 1675 esse

157 1742 271 1788 certus:
299 1726 537 1804 quandoquidem
565 1724 765 1802 unusquisque
792 1727 915 1786 Naturae
942 1727 1013 1807 Jure
1035 1726 1106 1788 dolo
1128 1743 1212 1806 agere
1233 1727 1351 1803 potest,

157 1855 212 1898 nec
233 1837 325 1914 paetie
345 1838 417 1899 state
436 1853 570 1913 tenetur,
591 1836 644 1898 nifi
664 1837 715 1913 spe
736 1837 855 1914 maJoris
876 1837 948 1899 boni
969 1839 1018 1901 vei
1037 1854 1120 1902 metu
1138 1839 1256 1915 majoris
1273 1839 1352 1900 mali.

157 1950 279 2026 Venrm,
288 1950 358 2027 quia
371 1948 430 2027 jam
449 1949 645 2025 ostendimus,
661 1950 716 2030 Jus
732 1951 875 2011 Naturale
893 1949 956 2011 sola
972 1951 1109 2026 potentia
1121 1950 1351 2029 uniuscujusque

158 2061 359 2139 determinari,
385 2061 534 2138 sequitur,
562 2063 645 2138 quod
672 2077 816 2139 quantum
845 2061 1042 2140 unusquisque
1074 2064 1235 2140 potentiae,
1263 2083 1351 2142 quam

156 2175 264 2249 habet,
291 2174 321 2234 in
349 2175 472 2236 alterum
491 2177 541 2237 vel
562 2174 592 2237 vi
616 2177 665 2237 vel
685 2174 792 2252 sponte
818 2175 973 2251 transfert,
994 2191 1109 2236 tantum
1129 2175 1217 2236 etiarn
1239 2179 1275 2237 de
1296 2175 1351 2237 suo

155 2287 221 2363 jure
240 2286 324 2348 alteri
345 2286 501 2348 necessario
523 2291 610 2349 cedat
630 2290 655 2364 *,
677 2303 708 2349 et
729 2289 809 2348 illurn
830 2287 970 2349 summum
988 2287 1038 2363 jus
1059 2286 1089 2347 in
1111 2305 1212 2348 ornnes
1233 2286 1352 2363 habere,

159 2397 211 2476 qui
231 2397 367 2461 summam
387 2398 477 2461 babet
496 2399 689 2476 potestatem,
707 2418 766 2478 qua
788 2417 888 2461 omnes
909 2399 940 2465 vi
962 2417 1082 2479 cogere,
1101 2415 1131 2461 et
1149 2415 1228 2462 metu
1249 2399 1351 2463 summi

159 2510 310 2589 supplicii,
340 2514 423 2590 quod
453 2530 555 2573 omnes
585 2512 789 2576 universaliter
820 2513 942 2589 timent,
971 2511 1097 2574 retinete
1125 2514 1238 2589 potest:
1267 2517 1350 2590 quod

158 2626 277 2704 quidem
294 2625 344 2702 jus
364 2626 477 2687 tamdiu
496 2640 611 2687 tantum
632 2626 790 2702 retinebit,
811 2626 951 2703 quamdiu
970 2626 1046 2687 hanc
1067 2626 1248 2704 potentiam,
1264 2624 1348 2702 quic-

160 2738 231 2814 quid
251 2736 324 2800 veIit
344 2738 527 2814 exequendi,
548 2738 752 2815 conservabit;
773 2738 843 2799 alias
863 2736 995 2815 precario
1016 2738 1188 2814 imperabit,
1210 2753 1240 2797 et
1261 2756 1349 2798 nemo

160 2850 283 2926 fortior,
303 2849 355 2910 nisi
376 2850 449 2912 velit
456 2893 467 2926 ,
487 2850 515 2911 ei
537 2853 740 2927 obtemperate
761 2850 920 2912 tenebitur.

198 2963 262 3022 Hac
289 2961 392 3037 itaque
418 2961 532 3022 ratione
560 2961 620 3023 fine
649 2964 706 3023 ulla
733 2962 883 3023 Naturalis
908 2960 987 3042 Jutis
1008 2961 1202 3040 repugnantia
1222 2961 1348 3024 societas

158 3074 275 3136 formati
302 3074 417 3150 potest,
443 3075 619 3151 pastumque
647 3093 735 3136 omne
756 3074 864 3135 summa
885 3092 952 3137 cum
973 3075 1030 3135 fide
1052 3073 1163 3151 semper
1184 3075 1307 3151 servari3
1328 3074 1349 3134 st

157 3186 291 3248 nimitum
319 3184 518 3264 unusquisque
546 3205 680 3262 omnem,
706 3205 793 3265 quam
813 3186 921 3262 habet,
942 3187 1107 3263 potentiam
1128 3186 1158 3247 in
1177 3186 1349 3248 societatem

158 3300 329 3374 transferat3
350 3318 415 3376 quae
437 3301 512 3360 adeo
533 3299 674 3361 summum
694 3301 816 3361 Nature
831 3298 880 3376 jus
891 3300 921 3360 in
934 3300 1045 3375 omnia,
1065 3300 1127 3359 hoc
1147 3300 1188 3360 est
1209 3300 1349 3361 summunt

158 3409 327 3486 imperium,
355 3409 415 3471 sola
441 3411 597 3488 retinebit,
625 3410 673 3473 cui
701 3411 918 3489 unusquisque,
939 3412 988 3474 vel
1008 3430 1046 3472 ex
1067 3410 1160 3472 libero
1182 3411 1279 3471 animo
1300 3414 1349 3475 vel

159 3537 240 3583 metu
272 3522 372 3584 summi
402 3522 552 3599 supplicii,
582 3541 682 3599 parere
714 3523 873 3585 tenebitur.
913 3524 996 3585 Talis
1028 3540 1100 3585 vero
1131 3522 1281 3584 societatis
1297 3524 1350 3599 jus

158 3635 568 3713 Democrntiavocatur,quae
588 3636 713 3711 proinde
735 3637 872 3697 definitur
892 3650 988 3698 cretus
1010 3636 1163 3700 universus
1182 3636 1349 3713 bominum,

160 3749 211 3826 qui
232 3746 423 3827 collegialiter
442 3748 582 3810 summum
599 3747 649 3824 jus
670 3751 707 3810 ad
728 3749 845 3825 omnia,
866 3768 932 3827 quae
954 3749 1067 3825 potest,
1088 3749 1186 3809 habet.
1217 3748 1265 3809 Ex
1286 3768 1347 3826 quo

160 3859 307 3935 sequitur,
327 3858 463 3920 summam
484 3860 659 3935 potestatem
680 3862 760 3921 nulla
779 3862 844 3941 lege
864 3861 975 3937 teneri,
996 3860 1046 3922 sed
1068 3880 1169 3922 omnes
1191 3862 1347 3922 adomnia

160 3972 187 4033 ei
218 3990 318 4047 parere
349 3973 471 4035 debere:
502 3974 560 4034 hoc
592 3972 668 4033 enim
696 3972 789 4034 tacite
816 3976 865 4036 vel
893 3972 1021 4049 expresse
1049 3972 1156 4049 pacisci
1182 3974 1348 4034 debuerunt

160 4101 278 4160 ornnes,
305 4103 371 4146 curn
399 4104 513 4147 omnem
541 4085 620 4147 suam
649 4084 815 4161 potentiam
841 4086 871 4146 se
900 4084 1093 4163 defendendi,
1120 4086 1177 4146 hoc
1199 4086 1239 4147 est
1259 4104 1347 4147 omne

195 4332 208 4365 ⁸
242 4328 289 4385 Ed.
306 4330 364 4379 ΡΜ
389 4330 487 4380 cedere.
