2934 4900
466 306 522 371 De
563 302 833 371 affectibus.
1187 322 1240 384 177

612 483 694 544 XIV.

97 612 248 671 Securitas
276 612 318 672 est
343 610 463 673 Laetitia
491 626 556 673 orta
583 631 621 673 ex
647 612 713 675 idea
740 612 783 673 rei
807 613 913 673 sartutae
940 612 989 674 vel
1013 610 1185 687 preteritae,
1207 613 1242 672 de

60 742 114 799 qua
136 723 294 785 dubitandi
314 724 400 785 causa
421 724 532 785 sublata
553 724 602 785 est.

617 881 684 942 XV.

97 1009 274 1088 Desperatio
299 1009 340 1070 esi
367 1008 498 1071 Ttistitia
525 1026 591 1071 orta
612 1028 651 1070 ea
671 1009 737 1073 idea
758 1009 799 1071 rei
821 1010 926 1071 futuru
947 1011 996 1073 vel
1016 1010 1188 1087 praeteritae,
1209 1012 1245 1073 de

60 1137 115 1194 qua
135 1120 292 1182 dubitandi
314 1121 535 1183 causasublata
555 1121 606 1181 esi

499 1316 808 1360 mxeulcnulm

95 1426 196 1486 Oritur
227 1426 328 1504 itaque
360 1444 398 1487 ex
426 1427 484 1502 Spe
504 1426 671 1503 Securitas,
691 1442 722 1487 et
744 1444 781 1487 eu
803 1428 891 1489 Metu
911 1425 1104 1502 Desperatio,
1125 1427 1244 1502 quando

58 1541 90 1597 de
120 1537 162 1597 rei
194 1554 307 1601 eventu
338 1538 494 1601 dubitandi
526 1538 612 1601 causa
643 1538 777 1617 tollitur;
809 1541 891 1617 quod
914 1540 964 1616 sit,
985 1538 1054 1616 quia
1074 1538 1164 1598 homo
1187 1554 1245 1598 rem

59 1652 232 1723 praeteritam
264 1654 312 1714 vel
342 1652 471 1716 suturam
502 1650 595 1719 adesse
623 1653 799 1733 imaginatur
820 1667 850 1712 et
871 1668 905 1713 ut
926 1649 1096 1727 praesentem
1117 1664 1247 1711 contem-

58 1761 169 1838 platur,
190 1764 240 1826 vel
261 1763 330 1840 quia
352 1764 408 1823 alia
428 1762 619 1843 imaginatur,
640 1783 706 1841 qua
728 1763 912 1827 existentiam
931 1780 1028 1824 earum
1045 1780 1138 1825 rerum
1156 1762 1247 1823 seclu-

60 1876 147 1951 dunt,
168 1894 236 1951 quae
257 1873 309 1951 ipst
331 1874 452 1936 dubium
474 1874 654 1951 injiciebant.
674 1878 751 1937 Nam
770 1875 882 1937 tametsi
901 1877 937 1937 de
955 1891 1048 1935 rerum
1065 1872 1247 1952 singularium

59 2000 168 2047 eventu
201 1986 272 2065 (per
304 1987 409 2047 Caroli.
436 1989 528 2068 Prop.
550 2004 598 2065 31.
622 2001 655 2069 p.
675 1989 719 2066 α.)
741 2005 889 2064 nunquam
912 1984 1060 2063 possumus
1081 1984 1137 2047 esic
1158 1985 1249 2059 certi,

61 2098 118 2156 sieri
148 2092 249 2158 tamen
268 2099 384 2175 potest,
405 2115 439 2161 ut
460 2102 497 2161 de
518 2118 615 2161 earum
636 2117 747 2165 eventu
768 2119 828 2161 non
850 2100 1028 2162 dubitemus.
1060 2099 1150 2161 Aliud
1171 2098 1247 2159 enim

61 2210 111 2269 esse
144 2210 325 2273 ostendimus
357 2212 438 2290 (uide
467 2211 559 2274 Sestos.
591 2212 680 2291 Prop.
711 2230 760 2291 49.
785 2226 818 2291 p.
839 2214 883 2291 2.)
904 2214 940 2273 de
962 2228 992 2272 re
1013 2228 1073 2271 non
1095 2209 1247 2285 dubitare,

59 2322 133 2383 aliud
154 2321 199 2383 rei
221 2322 426 2384 certitudinem
447 2324 572 2400 habere;
593 2338 682 2400 atque
703 2326 779 2385 adeo
800 2323 862 2384 fleri
883 2323 997 2401 potest,
1019 2338 1052 2384 ut
1070 2340 1107 2383 ex
1124 2322 1247 2401 imagine

58 2431 94 2492 rei
115 2434 273 2510 praeteritae
295 2449 347 2496 aut
368 2435 474 2497 suturae
502 2438 607 2498 eodem
628 2436 756 2499 latitia
777 2438 826 2501 ves
844 2436 981 2498 Tristitia
1006 2436 1112 2500 affectu
1137 2436 1244 2498 afficia-

58 2563 133 2620 mur,
166 2565 202 2606 ae
233 2565 271 2607 ex
300 2547 342 2608 rei
374 2547 526 2623 prasentia
555 2547 697 2627 imagine,
727 2565 762 2612 ut
793 2549 823 2610 in
851 2547 1056 2626 Proposttione
1088 2549 1133 2610 18.
1155 2547 1243 2624 hujus

57 2659 332 2735 demonstravimus,
353 2678 439 2738 quam
460 2679 528 2723 cum
547 2659 676 2738 ejusdem
695 2660 819 2722 Scholia
840 2661 919 2724 vide.

611 2818 692 2879 XVI.

96 2929 244 2991 Gaudium
264 2930 305 2990 esi
325 2930 444 2992 Laetitia
465 2929 686 2993 concomitante
707 2929 772 2992 idea
793 2929 834 2990 rei
856 2930 1030 3006 preteritae,
1056 2947 1121 3006 quae
1143 2946 1248 3006 praeter

59 3040 142 3116 spem
166 3039 275 3105 evenit.

604 3121 701 3182 xvn.

98 3235 283 3312 Conscientia
309 3237 421 3312 morsus
449 3234 489 3295 esi
516 3233 646 3295 Tristitia
675 3234 895 3296 concomitante
923 3234 987 3296 idea
1010 3233 1051 3294 rei
1072 3231 1245 3310 praeteritae,

60 3363 120 3420 quae
142 3361 249 3422 praeter
269 3347 357 3422 Spem
379 3346 490 3408 evenit.

596 3471 706 3534 xvnl.

98 3585 313 3661 commiseratio
343 3585 384 3646 esi
411 3583 543 3646 Tristitia
571 3585 791 3646 concomitante
823 3585 887 3646 idea
919 3583 999 3660 mali,
1031 3585 1114 3659 quod
1144 3582 1245 3658 alteri,

60 3714 143 3772 quem
164 3695 252 3758 nobie
272 3695 388 3757 similem
410 3695 465 3757 esse
486 3695 692 3775 imaginamur,
708 3697 818 3760 evenit.
841 3696 910 3757 Vici.
928 3695 1018 3756 Sestos.
1037 3695 1126 3774 Prop.
1147 3709 1195 3755 22.
1218 3708 1245 3754 et

61 3806 148 3867 Stltus.
169 3809 258 3887 Prop.
280 3824 328 3885 αῖ.
349 3807 445 3884 hujus.

498 3967 807 4015 EXPLICATIQ

98 4080 179 4142 lnter
208 4079 498 4142 commiserationem
526 4097 556 4142 et
584 4081 814 4144 Misericordiam
843 4081 920 4142 nulla
942 4078 1138 4142 videturesse
1160 4077 1245 4158 disse·

61 4191 151 4252 tentia
158 4237 168 4268 ,
201 4190 253 4252 nisi
281 4191 375 4268 sorte,
403 4193 485 4270 quod
506 4192 728 4256 Commiseratio
749 4191 918 4271 singularem
939 4191 1072 4254 asscitum
1094 4189 1246 4266 respiciat,

60 4302 259 4366 Misericordia
280 4320 377 4366 autem
398 4305 463 4382 ejus
484 4304 625 4367 habitum.

1113 4411 1144 4449 12
