2934 4900
322 267 823 357 'i‘heologico-Politici
863 267 994 354 Capit.
1195 284 1252 355 513

69 453 146 532 quod
162 453 360 532 discrepantia
387 452 547 528 originalia
573 455 703 524 iouenit;
725 466 756 512 et
775 452 865 528 paulo
885 451 961 513 infra
983 454 1059 530 quod
1078 452 1253 529 Genealogia

71 565 205 626 Gibeonis
232 579 260 625 et
286 567 408 625 aliorum
434 564 479 624 bis
506 577 533 624 et
553 567 640 624 uarie
667 563 862 642 describitur,
883 569 954 643 quia
975 566 1093 626 Hearas
1107 567 1209 645 plures
1228 578 1257 624 et

69 681 175 738 varias
202 679 423 756 uniuscujusque
452 679 630 753 Genealogia
658 677 801 757 Epistulas
827 682 956 755 inuenit,
982 692 1010 739 et
1029 683 1062 738 in
1081 677 1128 738 leis
1148 679 1255 756 descri-

70 791 168 850 bendis
188 795 342 852 maximam
361 808 507 851 numerum
527 790 732 869 exemplarium
747 791 864 867 secutur
884 792 940 870 est3
956 804 991 850 at
1003 793 1257 870 quandonumerus

70 905 296 984 discrepantium
317 904 539 980 Genealogorum
560 903 679 980 equalis
699 916 782 978 erar,
802 917 862 963 tum
877 905 1255 985 utrorumqueeaemplaria

70 1017 226 1097 descripsi.
267 1019 369 1095 Atque
396 1017 453 1077 hoc
475 1018 563 1077 modo
586 1013 717 1076 absolute
740 1016 894 1095 concedit,
914 1017 971 1078 hos
990 1018 1082 1079 libros
1104 1036 1141 1078 ex
1162 1016 1252 1096 origi·

70 1129 185 1190 nasibus
216 1147 276 1190 non
308 1127 378 1190 satis
409 1127 545 1190 coercitis
576 1146 630 1188 nec
661 1127 732 1189 satis
765 1127 851 1189 certis
883 1127 1046 1205 descriptos
1077 1127 1177 1205 suise3
1198 1129 1257 1190 imo

71 1256 314 1302 commentatores
335 1241 387 1318 ips
407 1241 567 1318 saepissrme,
588 1243 657 1302 dum
678 1241 744 1301 ioca
764 1241 920 1302 conciliare
941 1240 1075 1317 student,
1097 1241 1169 1303 nihii
1192 1243 1258 1317 pius

72 1369 162 1432 agunt
191 1372 277 1430 quam
305 1371 434 1415 errorum
462 1353 561 1414 causas
588 1351 733 1430 indicare;
762 1353 890 1430 denique
910 1353 1053 1415 neminem
1075 1353 1135 1414 sani
1153 1353 1259 1431 J‘udicii

72 1467 186 1526 credere
207 1463 357 1540 existimo,
378 1467 461 1543 quod
481 1464 559 1525 Sacri
580 1464 719 1525 Historici
741 1465 876 1526 consulto
897 1465 938 1526 ita
960 1464 1259 1540 scriberevoiuerint,

72 1595 105 1640 ut
125 1579 178 1640 s1bi
199 1579 294 1655 passrm
316 1578 514 1641 contradicere
536 1577 715 1641 viderentur.
735 1579 780 1638 At
798 1579 876 1640 forte
896 1577 1003 1655 aliquis
1024 1577 1119 1654 dicet,
1138 1595 1185 1637 me
1204 1577 1258 1637 hac

71 1693 185 1753 tatione
206 1691 382 1767 Scripturam
404 1693 488 1767 plane
510 1705 659 1768 evertere,
678 1709 744 1752 nam
765 1690 819 1752 hac
840 1690 966 1768 ratione,
976 1709 1038 1751 eam
1057 1690 1168 1766 ubique
1178 1707 1259 1749 men-

78 1801 176 1864 dosam
198 1801 272 1878 esse,
293 1800 429 1878 suspicari
451 1819 552 1863 ornnes
572 1801 699 1880 possunt.
719 1803 777 1863 Sed
799 1819 854 1882 ego
877 1817 980 1863 contra
1002 1801 1128 1877 ostendi,
1149 1819 1194 1862 me
1205 1800 1260 1861 hac

73 1913 187 1973 mtione
218 1911 373 1988 Scriptura
405 1911 571 1988 consulere,
601 1929 638 1972 ne
670 1911 733 1988 ejus
764 1913 830 1973 loca
863 1913 939 1972 clara
970 1926 1000 1972 et
1022 1930 1093 1988 pura
1116 1911 1259 1973 mendosis

73 2028 331 2086 accommodentur
361 2038 391 2085 et
422 2037 661 2100 corrumpantur;
693 2041 763 2099 nec,
791 2022 860 2100 quia
881 2025 1014 2100 quaedam
1034 2025 1099 2084 ioca
1121 2038 1259 2100 corrupta

73 2137 156 2211 sunt,
176 2137 253 2199 idem
274 2139 311 2198 de
333 2137 468 2198 omnibus
490 2136 626 2212 suspicari
647 2135 736 2198 licet:
759 2138 856 2198 nullus
877 2137 953 2199 enim
972 2137 1046 2199 liber
1062 2137 1260 2216 unquamsine

72 2249 185 2311 mendis
217 2266 348 2326 repertus
380 2251 429 2311 est.
468 2251 533 2327 An,
565 2249 682 2326 quaes0‚
713 2269 748 2311 ea
779 2250 815 2312 de
847 2251 933 2312 causa
963 2252 1074 2328 ubique
1105 2250 1260 2314 mendosos

74 2363 178 2440 aliquis
200 2380 327 2440 unquam
356 2361 517 2438 suspicatus
539 2361 603 2422 est?
633 2380 718 2422 nemo
740 2361 825 2437 sane,
846 2362 1001 2439 prasertim
1023 2367 1141 2441 quando
1163 2365 1260 2426 oratio

74 2476 115 2537 est
136 2475 308 2551 perspicua,
329 2491 359 2536 et
379 2494 459 2535 mens
481 2474 614 2537 authoris
634 2476 709 2536 clare
731 2475 901 2554 percipitur.

114 2587 170 2648 His
202 2606 252 2664 ea,
283 2606 349 2663 quae
380 2586 454 2647 circa
474 2586 620 2648 historiam
641 2588 797 2649 Librorum
818 2588 937 2650 Veteris
957 2589 1137 2652 Testamenti
1158 2607 1260 2652 notare

75 2701 241 2774 volueram,
264 2698 385 2760 absolvi.
405 2698 453 2759 Ex
474 2700 582 2775 quibus
603 2700 688 2761 facile
710 2700 891 2780 colligimus,
912 2715 980 2761 ante
1002 2717 1118 2779 tempus
1138 2702 1259 2763 Macha-

74 2813 204 2873 baeorum
226 2810 334 2873 nullum
356 2828 496 2872 canonem
518 2812 668 2872 Sacrorum
690 2812 845 2873 Librorum
866 2811 950 2873 fuisse
971 2814 1000 2889 ⁴²,
1022 2813 1071 2875 sed
1091 2814 1164 2891 hos,
1183 2831 1261 2890 quos

72 2925 130 3001 iam
162 2924 319 2999 habemus,
350 2943 366 2984 a
397 2922 545 2985 Pharisaeis
577 2923 695 2985 secundi
716 2924 835 3000 templi,
856 2924 907 3001 qui
928 2924 1014 2985 etiam
1037 2927 1174 2987 formulas
1195 2946 1260 3004 pre·

75 3038 160 3098 candi
192 3036 394 3113 instituerunt,
425 3054 483 3111 prae
515 3036 613 3097 multis
645 3036 708 3095 aliis
729 3035 853 3097 selesios
873 3035 946 3114 esse,
967 3053 997 3097 et
1018 3056 1056 3097 eu
1076 3037 1139 3099 solo
1160 3057 1260 3100 eorum

75 3152 196 3210 decreto
227 3162 372 3223 receptos.
414 3147 473 3227 Qui
495 3149 594 3225 itaque
615 3147 825 3208 authoritatem
847 3149 940 3210 Sacrae
964 3149 1118 3225 Scriptura
1140 3152 1261 3211 demon-

75 3261 161 3323 strare
184 3261 305 3336 volunt,
327 3260 348 3321 ii
369 3260 576 3321 authoritatem
597 3258 825 3336 uniuscujusque
846 3236 913 3320 iibri
934 3259 1086 3321 ostendere
1108 3275 1261 3337 tenentur;

75 3391 131 3433 nec
161 3371 284 3447 sufficit,
321 3372 505 3435 divinitatem
544 3372 630 3433 unius
661 3375 801 3449 probare,
832 3374 869 3433 ad
900 3374 1020 3433 eandem
1052 3374 1088 3433 de
1125 3372 1261 3434 omnibus

76 3486 324 3559 concludendam
364 3484 432 3545 alias
470 3484 669 3559 statuendum,
707 3484 864 3545 concilium
901 3484 1107 3546 Pharisaeorum
1145 3484 1175 3546 in
1205 3484 1261 3544 hac

75 3596 203 3658 lectione
231 3596 368 3657 librorum
397 3614 488 3657 errare
516 3614 576 3659 non
602 3594 746 3673 potuisse,
774 3599 856 3673 quod
884 3615 970 3658 nemo
991 3616 1119 3674 unquam
1140 3601 1260 3658 demon-

76 3708 186 3769 strabit.
227 3706 319 3769 Ratio
341 3723 453 3785 autem,
475 3728 540 3785 quae
561 3726 604 3769 me
626 3707 707 3787 cogit
728 3707 872 3785 statuere,
893 3709 972 3770 solos
993 3709 1151 3770 Pharisaeos
1169 3710 1261 3769 libros

76 3819 196 3881 Veteris
226 3818 405 3881 Testamenti
438 3820 569 3900 elegisse,
600 3836 630 3881 et
658 3820 687 3881 in
710 3839 850 3882 canonem
872 3820 1023 3885 Sacrorum
1043 3818 1184 3899 posuisse,
1204 3821 1262 3899 esi,

76 3932 147 4009 quia
168 3931 198 3991 in
217 3930 292 3992 libro
314 3931 443 3993 Daniilis
464 3952 527 4009 cap.
548 3932 602 3993 ult.
623 3932 665 3996 vs.
686 3951 715 3994 a.
737 3932 906 3995 resurreiiio
927 3951 1107 3996 mortuorum
1129 3933 1261 4010 predici-

76 4060 142 4119 tur,
165 4060 250 4118 quam
270 4042 299 4113 T
301 4042 425 4105 saducaei
445 4047 606 4125 negabant3
628 4046 733 4107 deinde
754 4045 823 4121 quia
844 4044 896 4123 ipsr
917 4046 1050 4108 Pharisaei
1071 4048 1100 4108 in
1118 4047 1261 4108 Talmude

112 4276 125 4307 ⁴
161 4270 203 4323 cs.
220 4274 317 4325 Annot.
334 4274 414 4327 XXV.
