2934 4900
198 337 259 399 404
677 317 916 377 Tractatus

197 496 286 553 bona.
316 492 379 553 Eos
408 491 509 567 itaque
540 493 643 550 eodem
674 491 764 549 modo
795 488 917 563 docuit,
948 507 981 548 ac
1013 504 1149 565 parentes
1171 508 1281 566 pueros
1306 492 1412 551 omni

197 606 311 667 ratione
332 621 464 665 carentes
484 602 587 663 solent.
612 602 709 683 Quare
731 616 843 661 certum
866 617 926 675 est,
950 619 1001 661 eos
1024 600 1143 663 virtutis
1165 602 1414 677 excellentiam,

198 735 353 793 veramque
385 714 613 789 beatitudinem,
644 712 829 790 ignoravisse.
860 715 952 794 Jonas
984 713 1171 789 conspecitrm
1204 714 1261 773 Dei
1284 715 1413 793 sugere

197 830 331 907 putarim
353 831 434 905 ‹luod
454 828 573 890 videtur
593 827 760 902 ostendere,
783 844 848 887 eum
871 827 958 887 etiam
980 825 1129 887 credidisse
1137 872 1147 902 ,
1168 827 1264 887 Deum
1286 844 1411 887 curam

197 956 364 1003 caeterarum
394 940 562 1019 regionum,
593 954 675 1000 extra
705 940 854 1019 Jttdaeam,
885 938 948 999 aliis
980 938 1143 1013 potentiis,
1175 957 1190 997 a
1224 939 1252 998 se
1286 956 1412 999 tamen

196 1052 376 1128 substitutis,
403 1051 558 1113 tradidisse.
586 1054 650 1112 Nec
680 1053 755 1112 ullus
777 1052 805 1111 in
828 1053 937 1111 Vetere
959 1050 1147 1111 Testamento
1169 1052 1310 1126 habetur,
1339 1052 1411 1129 qui

196 1165 288 1242 tnagis
314 1165 472 1226 secundum
499 1164 642 1225 rationem
670 1167 706 1224 de
735 1166 802 1223 Deo
824 1164 943 1224 locutus
965 1163 1021 1237 est,
1043 1181 1129 1239 quam
1152 1164 1308 1237 Salomon,
1338 1162 1410 1237 qui

197 1274 304 1335 lumine
332 1274 454 1335 naturali
481 1293 582 1335 omnes
609 1274 651 1335 sui
680 1273 767 1333 seculi
797 1274 958 1349 superavit;
989 1288 1018 1333 et
1041 1273 1108 1334 ideo
1139 1272 1225 1334 etiam
1246 1272 1275 1333 se
1298 1272 1410 1349 supra

196 1387 305 1465 Legem
326 1386 406 1464 (nam
428 1405 461 1446 ea
480 1385 516 1445 iis
536 1402 649 1446 tantum
671 1385 778 1446 tradita
800 1385 857 1460 est,
874 1386 924 1462 qui
937 1384 1066 1445 Ratione
1088 1401 1118 1445 et
1140 1385 1278 1446 naturalis
1295 1384 1407 1445 intel-

196 1498 289 1558 leeius
316 1496 501 1559 documentis
529 1499 642 1575 carent)
671 1496 863 1571 existimavit,
892 1496 1028 1575 legesque
1058 1514 1178 1571 omnes,
1200 1515 1266 1572 quae
1287 1512 1406 1575 regem

197 1609 345 1685 spednnt,
366 1624 396 1669 et
418 1628 483 1685 quae
511 1608 606 1670 tribus
633 1608 808 1685 potiffimum
837 1609 1008 1669 constabant
1030 1608 1113 1686 (vide
1136 1609 1227 1669 Deut.
1249 1627 1314 1683 cap.
1342 1625 1404 1685 17.

198 1720 239 1780 vs.
265 1723 316 1795 16,
341 1720 401 1798 17.)
409 1766 418 1797 ,
436 1721 518 1795 parvi
539 1720 698 1795 pependit,
725 1720 784 1781 imo
806 1740 864 1780 eas·
876 1722 961 1795 plane
982 1720 1108 1783 violavit
1137 1720 1181 1798 (in
1203 1738 1265 1797 quo
1285 1736 1404 1781 tamen

198 1831 322 1907 erravit,
343 1850 397 1893 nec
429 1835 511 1907 quod
542 1832 722 1908 Philosopho
745 1832 864 1909 dignum
886 1833 962 1911 egit,
991 1851 1094 1908 nempe
1116 1835 1197 1909 quod
1218 1834 1402 1909 voluptati-

197 1947 254 2005 bus
285 1944 464 2022 indulserit),
496 1941 593 2005 omnia
625 1946 752 2005 fortunae
783 1947 862 2006 bona
894 1892 1065 2007 mirtalibus
1098 1964 1172 2007 vana
1203 1944 1257 2005 esse
1279 1948 1401 2009 docuit

198 2056 281 2134 (vide
312 2057 419 2133 Emi),
449 2074 480 2117 et
510 2056 582 2119 nihil
613 2057 748 2119 homines
779 2058 928 2121 intellestu
959 2058 1141 2134 prestantius
1176 2058 1299 2134 habere,
1333 2078 1400 2120 nec

197 2166 299 2243 majori
337 2167 482 2243 supplicio
520 2188 605 2245 quam
641 2168 764 2231 stultitid
803 2170 899 2245 puniri
941 2170 1023 2248 (vide
1060 2171 1199 2233 Proverb.
1238 2188 1303 2245 cap.
1343 2175 1400 2233 16.

199 2280 271 2344 vers.
292 2296 340 2341 22.
358 2281 397 2358 *).

238 2394 296 2455 Sed
317 2395 354 2455 ad
375 2394 535 2470 Prophetas
556 2410 752 2470 revertamur,
774 2412 897 2472 quorum
919 2394 1116 2472 discrepantes
1128 2394 1285 2472 opiniones
1297 2394 1396 2456 etiam

199 2523 302 2568 notare
322 2506 508 2583 suscepimus.
538 2508 701 2570 Ezechielis
729 2507 888 2570 sententias
917 2510 990 2569 adeo
1013 2507 1165 2570 sententiis
1187 2507 1278 2568 Mosrs
1299 2527 1396 2584 repu-

199 2634 322 2698 gnantes
355 2619 532 2681 invenerunt
553 2618 680 2694 Rabini,
701 2619 752 2697 qui
774 2621 861 2680 nobis
882 2619 947 2681 illos
969 2620 1035 2697 (qui
1052 2619 1111 2696 jam
1132 2637 1245 2682 tantum
1267 2622 1394 2699 extant)

199 2731 290 2792 libros
318 2733 525 2809 prophetarum
552 2731 733 2809 reliquerunt
762 2733 811 2810 (ur
839 2735 965 2795 traciatu
984 2733 1105 2794 Sabbati
1126 2752 1190 2809 cap.
1216 2749 1240 2792 ι.
1261 2733 1314 2794 foi.
1342 2749 1392 2810 13.

199 2861 267 2922 pag.
288 2861 315 2904 2.
336 2846 491 2922 manetur),
512 2860 545 2905 ut
568 2845 626 2904 stre
648 2844 891 2921 deliberaverint,
919 2843 982 2920 ejas
1003 2844 1106 2905 librum
1128 2843 1203 2904 inter
1223 2842 1390 2907 canonicos

200 2973 260 3016 non
292 2955 461 3031 admittere,
492 2971 581 3032 atquc
613 2959 737 3017 eundem
769 2959 854 3033 plane
887 2956 1152 3032 abscortdidiisent‚
1183 2955 1234 3017 nist
1266 2956 1388 3034 quidam

200 3067 364 3128 Chananias
395 3067 425 3128 in
457 3067 485 3127 se
518 3066 683 3143 suscepisset
714 3068 806 3143 ipsum
839 3068 1001 3144 explicare,
1033 3071 1113 3145 quod
1141 3071 1258 3130 tandem
1280 3087 1389 3148 magno

200 3199 265 3241 cum
286 3182 385 3241 labore
407 3197 437 3240 et
459 3179 556 3240 studio
577 3180 624 3258 (ut
647 3179 688 3240 ibi
706 3181 850 3258 narratur)
870 3179 952 3255 ajunt
971 3180 1063 3256 ipsum
1077 3179 1190 3256 secisse3
1202 3201 1258 3258 qun
1271 3181 1386 3242 ratione

200 3305 314 3365 autem,
334 3309 394 3350 non
417 3289 485 3351 satis
507 3291 637 3365 constat,
664 3309 768 3366 nempe
790 3309 826 3352 nn
847 3299 929 3366 quod
957 3292 1214 3366 commentarium,
1235 3293 1285 3368 qui
1309 3294 1387 3354 sorte

200 3401 304 3478 periit,
333 3401 491 3478 scripserit.
524 3405 571 3465 vel
602 3405 684 3480 quod
716 3401 777 3479 ipsa
808 3402 970 3463 Ezechiilis
1001 3405 1090 3465 verba
1112 3421 1141 3464 et
1164 3404 1313 3466 orationes
1336 3407 1386 3482 (ut

202 3513 258 3574 fuit
290 3513 424 3591 audacia)
455 3514 614 3577 mutaverit
646 3531 676 3574 et
704 3533 741 3574 ex
764 3513 816 3575 suo
838 3514 957 3593 ingenio
980 3516 1146 3590 ornaverit;
1169 3517 1313 3594 quidquid
1333 3517 1387 3591 fit,

200 3645 263 3701 cap.
286 3626 383 3686 saltem
408 3627 453 3685 18.
474 3645 533 3687 non
556 3625 673 3688 videtur
693 3627 852 3689 convenire
873 3647 937 3688 cum
960 3628 1044 3690 versu
1066 3646 1093 3704 7.
1115 3648 1178 3704 cap.
1202 3647 1248 3708 34„
1269 3629 1388 3706 Exodi,

201 3755 255 3798 nec
276 3757 341 3800 cum
363 3737 405 3800 vs.
430 3739 475 3798 ιθ.
496 3758 560 3814 cap.
582 3757 630 3815 32.
651 3741 771 3819 Jercm.,
792 3756 849 3800 etc.
871 3741 1004 3802 Sirarnttsl
1025 3745 1179 3816 credebat,
1199 3745 1313 3818 Deum,
1335 3743 1385 3803 ubi

201 3849 312 3926 aliquid
334 3852 520 3927 decreverat,
540 3871 688 3927 nunquam
710 3851 820 3913 decreti
841 3853 985 3929 poenitere
1009 3854 1091 3932 (vide
1113 3853 1162 3914 lib.
1185 3871 1209 3914 t.
1227 3855 1387 3916 Shamuilis

200 3979 265 4035 cap.
299 3973 344 4035 15.
376 3961 448 4024 vers.
470 3965 550 4041 29.);
582 3984 647 4024 nam
678 3967 784 4040 Saulo,
815 3965 858 4026 sui
886 3966 1001 4042 peccati
1032 3965 1204 4042 poenitenti,
1232 3983 1262 4025 et
1290 3967 1385 4026 Deum

200 4075 336 4147 adorare,
357 4073 532 4151 veniamque
553 4077 590 4136 ab
611 4075 675 4151 ipso
697 4092 798 4152 petere
820 4077 951 4152 volenti,
973 4077 1066 4153 dixit,
1085 4076 1272 4137 Deumsuum
1285 4093 1384 4138 contra

234 4323 247 4344 ’
274 4321 322 4371 ud.
339 4323 393 4372 l‘r.r
410 4337 452 4382 ²3·
