2934 4900
172 276 233 337 612
472 272 802 336 Annotationea
833 273 874 334 in
904 273 1050 336 Tract,

173 444 233 508 sola
255 445 407 524 prophetae
429 445 588 509 autoritate
620 442 675 529 [Mt
696 461 727 508 et
748 446 821 524 fide,
843 463 908 523 qua
931 444 984 524 ipfi
1004 446 1130 509 habetur
1149 443 1187 528 *,]
1219 445 1372 508 nituntur.

174 557 266 641 Quod
282 558 314 594 **
333 557 355 618 fi
374 557 524 634 homines,
543 557 595 635 qui
619 557 782 635 prophetat
803 557 945 635 audiunt,
974 558 1127 634 prophetae
1149 559 1272 636 fierent,
1293 557 1373 618 ficut

173 668 195 730 ii
212 668 381 746 philosophi
397 671 472 731 iittnt
478 715 489 746 ,
510 669 562 747 qui
583 667 777 746 philosophos
798 668 939 746 audiunt;
961 685 1023 730 tum
1044 670 1190 746 propheta
1213 688 1274 731 non
1295 667 1371 729 effer

174 781 341 844 divinomm
368 784 552 844 decretorum
581 782 743 860 interpres,
773 782 1012 861 quandoquidem
1042 781 1105 860 ejus
1132 782 1284 845 auditores
1306 801 1368 843 non

174 892 263 971 ipiiua
292 894 445 972 prophetae
476 891 645 956 testimonio
676 909 708 956 et
739 893 899 955 autoritate
930 895 989 972 *,*‚
1020 895 1070 957 sed
1101 895 1162 971 ipsa
1200 892 1284 977 [LB,
1311 896 1367 954 M:

175 1002 287 1088 divina]
318 1005 501 1070 revelatione
528 1021 558 1066 et
586 1007 703 1067 interno
730 1005 900 1066 testimonio
938 1003 1020 1086 [LB,
1040 1007 1094 1066 M:
1116 1022 1151 1068 ut
1171 1005 1233 1082 ipse
1242 1003 1263 1087 ,1
1290 1005 1366 1066 nite·

175 1131 283 1178 rentur.
312 1117 360 1178 Sic
381 1117 496 1179 summa
517 1117 679 1194 potestates
700 1117 744 1180 sui
766 1118 879 1195 imperii
898 1117 973 1194 juris
993 1118 1168 1194 interpretes
1192 1118 1278 1196 sunt,
1298 1119 1367 1194 quia

174 1231 255 1310 leget
274 1231 311 1291 ab
332 1229 400 1307 ipfir
420 1230 487 1292 lata
507 1231 568 1292 sola
589 1231 713 1308 ipsarum
735 1231 906 1293 summatum
927 1231 1105 1308 potestatum
1129 1231 1292 1293 autoritate
1316 1234 1367 1293 de-

176 1345 346 1419 fenduntur,
365 1356 397 1404 et
416 1360 514 1404 earum
534 1343 599 1404 solo
621 1343 789 1405 testimonio
812 1343 956 1405 nituntur.
977 1345 996 1424 †

210 1519 224 1550 ⁸
249 1516 301 1578 tu,
316 1517 354 1566 Mt
370 1527 508 1579 pretereat
526 1526 553 1566 et
570 1530 672 1582 quoram
689 1516 818 1566 certitudo
832 1515 893 1581 sola
911 1525 959 1566 etc.
977 1517 1082 1567 nititur.

211 1601 238 1632 ⁶
255 1601 307 1661 tu,
321 1600 359 1650 Mt
376 1598 454 1650 Alias
468 1599 497 1665 fi.
697 1600 741 1657 ⁸:
767 1601 818 1662 Lu,
834 1601 871 1650 Mt
888 1615 936 1650 nott
954 1599 1065 1665 ejusdem
1083 1601 1251 1651 anteritate.

208 1682 226 1748 †
251 1682 302 1744 Lu,
317 1683 354 1733 iit
372 1683 412 1732 Sit
425 1681 451 1747 s.
464 1682 604 1750 potestates
617 1682 689 1748 juris
702 1681 767 1747 sant
785 1683 959 1749 interpreter,
985 1684 1045 1749 quie
1073 1699 1155 1735 corma
1169 1684 1231 1750 sola
1259 1685 1368 1736 arefieri·

179 1774 238 1817 tete
254 1766 413 1832 defenditur,
430 1775 458 1816 et
475 1780 558 1817 eoru·
572 1765 629 1831 sodo
648 1766 785 1832 testimonio
799 1767 935 1833 probatur.

755 2021 797 2082 111

662 2160 710 2228 (⁸⁴¹
725 2175 784 2230 ott·
802 2161 876 2230 oo·

219 2341 279 2406 Lu.
310 2343 430 2405 Mune.
471 2339 614 2426 Quamvis
648 2339 767 2418 quidam
803 2339 938 2402 homines
977 2343 1110 2419 quaedam
1139 2343 1268 2404 habeant
1291 2361 1369 2421 -quae

179 2458 295 2519 Natura
324 2454 389 2516 aliia
419 2472 480 2515 non
511 2452 657 2530 impertit,
688 2472 751 2515 non
778 2468 876 2515 tamen
898 2456 1051 2517 humanam
1073 2470 1204 2517 naturam
1225 2458 1369 2517 excedere

180 2568 328 2644 dicuntur,
344 2566 396 2627 triti
414 2564 889 2644 ea,quaefingu1aritethabent‚
910 2565 980 2626 talia
1001 2565 1075 2641 tint,
1095 2580 1130 2627 ut
1141 2585 1179 2626 ex
1190 2566 1367 2628 definitione

180 2681 313 2745 humanae
334 2694 445 2741 naturae
466 2676 577 2754 percipi
598 2692 756 2754 nequeant.
778 2677 814 2737 E.
834 2696 862 2756 g.
884 2677 1011 2757 gigantis
1033 2678 1203 2757 magnitudo
1226 2698 1288 2739 rura
1311 2680 1370 2756 est,

182 2809 213 2855 at
240 2808 336 2854 tamen
363 2790 498 2851 humana.
538 2787 672 2849 Carmina
701 2804 841 2866 praeterea
870 2808 909 2849 ex
937 2806 1069 2867 tempore
1099 2808 1275 2866 componere
1295 2810 1370 2867 pau-

183 2905 294 2967 ciffimit
325 2906 429 2980 datur,
459 2918 490 2963 et
520 2900 709 2962 nihilominus
740 2900 899 2962 humanum
919 2900 977 2978 est;
1006 2916 1041 2963 ut
1063 2902 1149 2962 etiam
1171 2904 1252 2979 quod
1274 2902 1371 2964 oculis

183 3016 292 3095 apertis
321 3016 428 3094 aliquis
457 3033 503 3075 reu
534 3013 671 3091 quasdam
702 3016 778 3075 adeo
813 3013 915 3077 vivide
945 3012 1136 3093 imaginetur,
1159 3032 1192 3074 ac
1214 3014 1234 3074 fi
1256 3014 1371 3075 easdem

183 3144 280 3187 coram
311 3125 340 3187 se
369 3125 501 3185 haberer.
540 3121 714 3199 antiquis
746 3120 834 3199 effer,
866 3122 918 3200 qui
939 3123 1019 3185 aliud
1039 3124 1221 3201 percipiendi
1242 3125 1371 3186 medium

183 3238 299 3317 aliaque
329 3236 510 3316 cognitionis
540 3235 729 3297 fundamenta
768 3236 909 3313 haberet,
940 3235 966 3297 ia
996 3234 1063 3298 sane
1093 3237 1227 3298 humanae
1258 3252 1372 3298 naturae

183 3349 291 3413 limitet
310 3348 534 3411 transcenderet.

759 3602 802 3663 tv

668 3738 716 3806 (⁸¹¹
732 3754 790 3808 mu·
805 3740 883 3806 410)-

226 3920 286 3983 Lo.
316 3921 437 3983 Multa.
481 3916 588 3981 Genes.
619 3935 686 3995 cap.
718 3930 765 3994 15.
796 3934 948 3996 narratur,
978 3923 1061 3999 quod
1091 3921 1174 3983 Deus
1204 3922 1374 3984 Abrahamo

186 4029 311 4108 dixerit,
337 4030 367 4092 se
387 4028 476 4107 ipiiua
496 4027 551 4091 eise
573 4028 773 4105 defensorem,
800 4028 1064 4093 remunerationem
1086 4031 1222 4093 daturum
1250 4034 1374 4110 amplam

187 4143 359 4219 admodum
379 4144 416 4205 ad
437 4160 503 4221 quae
523 4141 685 4218 Abraham,
704 4140 757 4203 iibi
775 4142 861 4219 nihil,
879 4145 961 4221 quod
979 4142 1102 4219 alicujus
1119 4142 1214 4220 poiiet
1232 4146 1375 4207 momenti
1458 4178 1466 4202 a

187 4254 260 4335 eise,
280 4258 509 4333 expectandum,
530 4254 599 4332 quia
619 4258 761 4333 proveeta
778 4254 837 4331 jam
859 4254 1008 4319 senedute
1031 4259 1120 4318 orbus
1142 4272 1211 4319 erat.
