2934 4900
291 305 787 394 Theologico·l’olitici
829 309 1018 392 Cap.XVll.
1204 327 1264 395 577

74 493 197 556 nomine
217 493 245 555 ei
264 493 319 556 soli
339 492 475 569 revelati,
496 506 528 554 et
548 509 609 554 non
630 505 764 570 tantum,
784 505 818 554 ut
839 493 1005 570 Principes,
1024 511 1075 569 per
1092 493 1264 556 Pontificem

73 605 214 668 consulti
253 606 295 667 Et
322 623 384 668 non
411 604 532 668 dubium
560 605 618 680 est,
643 604 716 682 quin
737 605 811 666 tales
832 605 975 682 populum
996 603 1159 682 oppressum
1178 606 1265 668 facile

73 718 166 780 adse
186 719 299 781 trahere
319 733 470 796 poterant,
490 732 522 779 et
540 716 658 781 levibus
677 716 765 796 ignis
786 717 929 795 quicquid
946 719 1057 782 vellent
1077 717 1265 794 persuadere;

74 849 145 892 cum
172 845 292 905 contra,
311 829 334 891 ii
353 848 401 892 res
420 831 497 892 reete
526 829 813 904 administrabantur,
833 828 971 906 Princeps
992 829 1022 891 in
1044 843 1176 907 tempore
1196 848 1265 907 pto·

72 941 179 1003 videre
205 955 338 1018 poterat,
365 955 399 1002 ut
427 941 576 1017 Propheta
604 939 685 1018 prius
706 939 770 1018 ejus
788 938 903 1016 judicio
924 940 996 1002 stare
1016 941 1152 1017 deberet;
1173 957 1208 1004 ut
1228 944 1266 1003 ab

75 1069 116 1114 eo
144 1052 373 1129 examinaretur,
400 1071 470 1114 ιιιιιιι
498 1053 630 1130 probatae
650 1051 721 1116 vitae
751 1050 837 1128 esset,
858 1070 927 1112 num
949 1065 1027 1114 certa
1048 1067 1079 1114 et
1098 1052 1265 1115 indubitata

73 1164 156 1244 signa
182 1164 241 1228 suae
268 1165 425 1246 legationis
450 1165 588 1242 haberet,
607 1179 638 1226 et
658 1164 787 1242 denique
808 1182 877 1226 num
898 1163 945 1240 id,
967 1166 1050 1240 quod
1070 1163 1188 1226 nomine
1207 1164 1265 1225 Dei

74 1277 175 1338 dicere
194 1279 333 1354 volebat,
360 1294 426 1340 cum
453 1293 573 1353 recepta
601 1275 734 1338 dotitina
755 1291 786 1337 et
805 1275 1008 1337 communibus
1028 1275 1142 1355 legibus
1164 1276 1265 1352 patrie

74 1388 261 1452 conveniret.
300 1389 393 1471 Quod
412 1388 433 1449 fi
454 1407 509 1450 nec
530 1387 608 1468 ligna
628 1386 699 1450 satis
718 1387 943 1464 responderent,
964 1387 1012 1450 vel
1033 1386 1165 1448 doctrina
1184 1405 1265 1450 nova

75 1500 165 1577 ellet,
186 1519 252 1562 eum
269 1499 335 1578 jure
355 1500 459 1562 mortis
480 1503 615 1562 damnare
635 1514 773 1576 poterat,
794 1498 865 1560 alias
886 1497 948 1561 sola
968 1498 1110 1576 principis
1131 1498 1264 1562 authori-

74 1627 140 1674 tate
160 1627 192 1673 et
210 1611 379 1674 testimonio
398 1611 602 1689 recipiebatur.

117 1724 244 1785 Accedit
263 1723 333 1799 1v.,
365 1726 449 1802 quod
477 1724 617 1800 Princeps
646 1723 777 1802 reliquos
808 1722 964 1786 nobilitate
995 1741 1057 1784 non
1084 1724 1263 1800 excellebat,

75 1851 133 1896 nec
149 1833 215 1911 jure
235 1833 400 1914 sanguinis,
420 1834 471 1897 sed
491 1849 606 1898 tanturn
627 1834 743 1896 ratione
765 1833 861 1896 atatis
872 1848 902 1895 et
912 1832 1033 1898 virtutis
1054 1833 1263 1898 administratio

76 1945 190 2023 imperii
210 1947 238 2008 ei
257 1950 458 2025 competebat.

116 2059 242 2120 Accedit
268 2058 414 2137 denique,
441 2061 524 2137 quod
551 2058 717 2136 Principes,
745 2073 776 2120 et
797 2057 931 2121 universa
951 2058 1069 2136 militia,
1090 2078 1150 2123 non
1171 2061 1263 2140 magis

75 2170 219 2234 defiderio
239 2172 309 2233 belli
329 2191 416 2250 quam
435 2172 518 2248 pacis
538 2171 632 2233 teneri
653 2185 803 2248 poterant.
823 2171 899 2232 Nam
920 2169 1038 2248 militia,
1059 2171 1105 2233 uti
1126 2171 1262 2250 diximus,

76 2305 116 2348 ex
135 2286 206 2348 solis
226 2286 344 2349 civibus
363 2285 532 2362 constabat3
553 2303 642 2363 quare
662 2299 722 2346 tam
742 2301 788 2345 res
807 2283 876 2344 belli
896 2301 983 2360 quam
1004 2283 1085 2360 pacis
1105 2286 1141 2346 ab
1161 2285 1262 2348 iisdem

74 2395 245 2459 hominibus
271 2395 550 2459 administrabantur.
591 2395 653 2479 Qui
679 2395 769 2475 igitur
797 2395 827 2457 in
854 2393 952 2457 castris
979 2395 1078 2473 miles,
1097 2395 1123 2459 is
1143 2396 1173 2459 in
1194 2398 1261 2459 foro

75 2508 152 2571 civis
179 2524 259 2585 erat,
285 2523 316 2570 et
343 2509 396 2586 qui
415 2509 446 2570 in
466 2509 565 2571 castris
585 2512 664 2586 dux,
684 2507 710 2570 is
730 2508 762 2569 in
784 2506 863 2571 curia
880 2506 990 2585 judex,
1011 2523 1042 2569 et
1063 2508 1115 2586 qui
1135 2509 1262 2587 denique

74 2618 227 2681 incastris
252 2620 427 2699 imperator,
453 2621 590 2698 princeps
619 2622 651 2683 in
675 2620 798 2684 civitate
819 2636 890 2682 erat.
930 2621 1027 2703 Quare
1047 2638 1134 2683 nemo
1154 2623 1261 2683 bellum

72 2744 199 2805 propter
218 2731 341 2808 belum,
362 2730 413 2794 sed
433 2748 556 2810 propter
574 2751 677 2809 pacem
697 2748 728 2793 et
749 2735 787 2794 ad
807 2734 945 2793 tuendam
965 2730 1130 2793 libertatem
1150 2730 1260 2793 deiide-

71 2859 138 2903 rare
157 2856 291 2920 poterat,
310 2857 342 2905 et
362 2844 441 2905 forte
461 2844 615 2921 Princeps,
635 2862 673 2905 ne
693 2843 833 2905 summum
854 2842 1026 2905 Pontificem
1047 2842 1126 2905 adire
1146 2859 1261 2906 tenere·

72 2966 124 3013 tur
129 2996 141 3027 ,
167 2966 199 3012 et
226 2970 324 3015 coram
350 2951 414 3029 ipso
434 2968 541 3031 praeter
561 2951 735 3031 dignitatem
756 2951 845 3031 stare,
866 2969 881 3011 a
902 2953 989 3013 rebus
1009 2949 1097 3014 novis
1117 2966 1260 3029 quantum

72 3078 194 3141 poterat
214 3064 388 3127 abstinebat.

114 3177 188 3237 Haec
214 3179 252 3239 de
278 3176 461 3255 rationibus,
486 3197 552 3257 quae
572 3176 723 3255 Principes
743 3178 819 3239 intra
839 3176 909 3240 suos
928 3175 1037 3239 limites
1057 3176 1259 3241 continebant.

71 3288 243 3350 Videndum
260 3288 407 3367 jam,qua
427 3290 542 3352 ratione
563 3291 693 3367 populus
713 3289 911 3366 retinebatur;
932 3289 981 3351 sed
1001 3289 1076 3351 hanc
1097 3288 1185 3351 etiam
1206 3288 1259 3351 im-

73 3398 150 3475 perii
177 3401 368 3463 fundamenta
395 3400 540 3463 clatiblme
568 3400 716 3463 indicant:
745 3400 766 3461 li
793 3400 861 3479 quis
880 3400 957 3463 enim
978 3403 1015 3464 ad
1035 3419 1069 3462 ea
1089 3402 1138 3464 vel
1157 3400 1261 3463 leviter

71 3511 228 3573 attendere
259 3511 354 3589 velit,
383 3512 499 3575 videbit
530 3512 645 3589 statim,
674 3513 737 3575 haec
768 3530 894 3575 amorem
924 3514 999 3575 adeo
1030 3512 1198 3591 ungularem
1228 3512 1259 3573 in

71 3621 184 3686 civium
211 3623 314 3685 animis
341 3642 443 3701 parere
475 3624 623 3701 debuiffe,
642 3639 677 3687 ut
697 3624 771 3687 nihil
790 3624 937 3687 difficilius
957 3624 1063 3703 aliquis
1082 3624 1113 3686 in
1134 3640 1259 3685 mentem

71 3733 212 3795 inducere
239 3734 390 3813 potuerit,
417 3753 504 3813 quam
531 3736 654 3812 patriam
681 3737 822 3814 prodere,
849 3737 898 3801 vel
924 3738 961 3797 ab
990 3754 1023 3799 ea
1050 3737 1190 3813 deficere;
1209 3736 1259 3798 sed

73 3858 179 3907 contra
210 3864 313 3907 omnes
343 3846 387 3909 ita
416 3847 514 3911 affecti
545 3846 600 3909 eise
630 3848 803 3926 debuerint,
833 3862 868 3910 ut
894 3864 1023 3911 extrema
1049 3846 1258 3925 potiusquam

71 3955 200 4017 alienum
230 3956 381 4035 imperium
412 3972 592 4034 paterentur.
632 3960 726 4036 Nam,
756 3958 909 4037 postquam
936 3958 1018 4023 suum
1041 3959 1092 4037 jus
1111 3958 1142 4020 in
1162 3960 1258 4021 Deum

72 4066 299 4147 transtulerunt,
326 4068 468 4147 suumque
494 4087 616 4149 regnum
643 4070 702 4133 Dei
728 4088 849 4151 regnum
876 4069 948 4147 eise,
974 4070 1063 4148 seque
1082 4070 1162 4133 solos
1181 4071 1259 4133 filios

70 4179 147 4256 Dei,
174 4179 301 4258 reliquas
330 4196 429 4243 autem
456 4180 593 4243 nationes
619 4184 677 4245 Dei
702 4182 800 4245 hostes
827 4182 883 4244 eise
912 4184 1114 4264 crediderunt,
1134 4184 1164 4245 in
1186 4202 1258 4263 quas

71 4306 229 4369 propterea
258 4292 331 4355 odio
359 4292 542 4355 inienfilirmo
570 4294 665 4357 affecli
685 4310 766 4357 erant
788 4296 868 4377 (nam
888 4310 919 4358 et
939 4296 997 4359 hoc
1017 4297 1098 4376 pium
1119 4296 1175 4359 eise
1196 4313 1257 4357 cre-

1127 4408 1160 4463 37
