2934 4900
215 342 276 418 196
633 332 816 398 Ethices
843 335 911 400 Para
930 334 984 399 1v.

215 532 249 575 ac
276 515 364 575 Mena
391 511 475 573 unita
501 511 543 573 est
568 510 696 589 Corpori
723 512 797 592 (per
816 514 906 593 Prap.
926 528 975 573 21.
992 526 1025 593 p.
1045 512 1107 591 a.);
1135 511 1194 573 hoc
1222 510 1264 573 est
1292 510 1341 591 (ur
1366 516 1399 571 in

213 626 305 688 Sellas.
331 626 455 705 ejusdem
481 627 571 705 Prap.
596 624 764 705 ostensum),
788 624 852 687 haec
872 624 938 687 idea
959 628 996 685 ab
1016 623 1081 700 ipso
1102 624 1224 703 affeslu,
1244 622 1306 689 five
1328 624 1403 703 (per

212 758 279 816 gen.
306 737 410 816 ΛΜ.
436 736 547 819 Defin.)
576 741 612 799 ab
639 738 706 801 idea
733 738 876 816 Corporis
896 738 1077 816 affedionia,
1097 731 1195 803 reuera
1217 756 1278 799 non
1299 736 1400 801 dillin-

214 854 330 933 guitut,
349 852 401 914 nili
422 851 487 914 solo
507 864 672 929 conceptu3
700 870 771 932 ergo
791 853 853 913 haee
875 851 1010 931 cognitio
1031 851 1103 913 boni
1125 868 1156 913 et
1175 852 1242 913 mali
1263 850 1339 912 nihil
1360 850 1401 910 est

213 967 310 1045 aliud,
329 984 416 1044 quam
437 964 499 1042 ipse
519 964 656 1043 effeetus,
676 981 824 1043 quatenus
845 964 971 1043 ejusdem
992 964 1090 1027 sumus
1111 958 1229 1026 consili.
1252 965 1286 1040 Q.
1303 962 1340 1025 E.
1358 962 1401 1024 D.

599 1141 929 1203 PROPOSITIO
970 1141 1021 1201 IX.

252 1268 396 1350 Affcblus,
415 1270 496 1347 nujus
515 1268 682 1347 causamn
697 1271 842 1350 prasenti
859 1269 939 1329 nobis
958 1268 1050 1349 adeffl
1067 1270 1273 1344 imaginamur,
1284 1263 1401 1342 fortior

213 1384 268 1464 est,
288 1402 373 1462 quam
388 1381 415 1461 fi
434 1383 549 1443 eandem
568 1401 623 1442 non
641 1382 733 1461 adeffe
753 1386 995 1458 imaginaremur.
1457 1370 1458 1373 ¹

615 1560 1007 1607 DEMONSTRATIO.

254 1673 427 1753 Imaginatio
458 1671 499 1732 est
529 1670 611 1748 idea,
643 1691 700 1749 qua
728 1674 816 1733 Mens
843 1690 902 1734 rem
931 1686 965 1733 ut
993 1671 1162 1749 praesentem
1184 1672 1408 1747 contemplatur
1457 1712 1458 1757 ,

216 1786 297 1865 (vide
316 1787 376 1863 ejus
395 1786 491 1864 Defin.
511 1788 543 1843 in
562 1781 654 1844 Sahal.
674 1786 729 1845 Pr.
754 1801 799 1858 17.
816 1799 848 1865 p.
860 1786 920 1865 a),
941 1803 1007 1861 quae
1028 1800 1125 1846 tamen
1145 1784 1236 1864 magis
1257 1782 1406 1859 Corporis

213 1897 333 1959 humani
370 1896 631 1973 constitutionem,
669 1914 756 1973 quam
787 1897 829 1957 rei
861 1914 989 1959 extemae
1021 1913 1153 1959 naturam
1183 1895 1295 1958 indicat
1329 1896 1407 1975 (per

218 2009 320 2069 Coroll.
332 2027 360 2069 2.
381 2009 471 2089 Prop.
485 2011 530 2070 16.
547 2009 646 2087 μ).
667 2008 718 2068 Est
739 2008 828 2087 igitur
847 2008 968 2071 affesius
989 2008 1147 2089 (pergen.
1168 2006 1272 2085 Affeai.
1289 2006 1407 2085 Defin.)

215 2121 402 2201 imaginatio,
423 2136 569 2199 quatenus
591 2122 723 2197 corporis
745 2121 984 2184 constitutionem
1006 2121 1126 2185 indicat.
1167 2124 1210 2184 At
1229 2120 1408 2201 imaginatio

216 2234 290 2314 (per
310 2235 398 2314 Prop.
423 2249 468 2310 17.
485 2248 517 2313 p.
539 2233 582 2313 2.)
604 2233 743 2296 intensior
765 2234 823 2312 est,
842 2236 982 2313 quamdiu
1003 2236 1076 2297 nihil
1096 2234 1299 2315 imaginamur,
1319 2236 1409 2310 quod

214 2347 255 2408 rei
287 2364 414 2408 enternae
444 2346 615 2422 presentem
647 2346 829 2409 existentiam
864 2348 1006 2426 secludit;
1039 2367 1107 2428 ergo
1140 2348 1228 2409 etiam
1259 2346 1409 2421 assedus,

213 2460 298 2538 cujus
328 2460 441 2522 causam
472 2460 503 2520 in
534 2460 670 2556 prasenti
701 2463 789 2523 nobis
820 2462 912 2523 adesse
945 2462 1148 2542 imaginamur,
1176 2459 1316 2523 intenfior
1352 2459 1409 2522 seu

213 2572 321 2635 sortior
342 2574 398 2651 est,
419 2592 506 2652 quam
527 2572 547 2634 sr
569 2577 690 2636 eandem
711 2590 772 2636 non
794 2574 889 2637 adesse
911 2575 1141 2655 imaginaremur.
1185 2577 1219 2652 Q.
1240 2575 1277 2637 E.
1299 2576 1341 2637 D.

681 2749 885 2795 sciroaru
898 2751 936 2795 m.

254 2843 329 2905 Cum
350 2843 435 2920 supra
455 2861 485 2904 m
506 2841 771 2918 Propofitione18.
793 2844 884 2919 partis
897 2863 924 2922 3.
946 2844 1084 2922 dixerim,
1105 2861 1161 2905 nos
1179 2861 1216 2905 ex
1234 2843 1275 2904 rei
1293 2843 1410 2905 futurae

214 2957 262 3020 vel
284 2955 437 3032 praeterite
458 2954 582 3035 imagine
604 2958 707 3017 eodem
729 2955 837 3018 affetlu
858 2957 952 3034 affici,
973 2975 1006 3018 ac
1027 2957 1049 3017 st
1069 2975 1132 3035 tes,
1154 2976 1241 3034 quam
1261 2953 1412 3036 imagina-

215 3085 288 3144 mur,
307 3068 432 3147 praesenr
453 3067 537 3144 esset,
556 3068 684 3144 expresse
705 3069 817 3147 monui,
836 3069 866 3132 id
888 3088 988 3134 verum
1006 3067 1075 3145 esse,
1093 3083 1241 3146 quatenus
1257 3071 1294 3130 ad
1312 3059 1412 3131 solam

213 3180 303 3257 ipsius
331 3179 372 3241 tei
399 3178 553 3258 imaginem
579 3180 774 3257 attendimus3
803 3181 845 3242 est
872 3181 948 3244 enim
977 3181 1104 3258 ejusdem
1127 3195 1255 3256 nature,
1274 3179 1337 3244 sive
1362 3200 1414 3243 ret

211 3292 363 3371 imaginati
390 3290 475 3353 simus
503 3290 563 3353 save
584 3309 644 3352 non
666 3291 767 3354 snmus:
790 3291 840 3354 sed
862 3312 922 3355 non
944 3293 1067 3372 negavi,
1088 3297 1208 3355 eandem
1231 3292 1414 3356 debiliorem

212 3403 311 3482 reddi,
342 3406 462 3481 quando
493 3403 564 3464 aliaa
595 3420 640 3464 rea
672 3403 759 3466 nobis
791 3405 948 3481 presentes
982 3406 1213 3482 contemplamur
1220 3450 1230 3482 ,
1261 3423 1329 3482 quae
1368 3408 1414 3468 tei

213 3519 320 3581 suturae
346 3518 517 3596 presentem
546 3517 728 3579 existentiam
750 3518 919 3598 secludunt;
941 3523 1023 3596 quod
1045 3535 1107 3582 tum
1128 3539 1246 3582 monere
1267 3520 1416 3600 neglexi,

213 3631 284 3709 quia
304 3631 333 3692 in
354 3632 408 3692 hac
428 3631 512 3692 Parte
532 3633 569 3692 de
590 3630 745 3692 affectuum
767 3630 879 3695 viribus
901 3650 984 3712 agere
1005 3632 1218 3695 constitueram.

623 3807 987 3855 conomannruru.

254 3901 354 3980 imago
382 3900 423 3962 rei
450 3901 557 3963 future
578 3905 627 3966 vel
648 3905 823 3980 preterita,
843 3906 901 3966 hoc
923 3905 963 3965 est
984 3903 1042 3979 rei,
1063 3921 1151 3981 quam
1171 3921 1236 3966 cum
1258 3905 1417 3969 relatione

214 4016 250 4074 ad
278 4030 395 4090 tempus
421 4015 551 4076 futurum
581 4019 628 4078 vel
655 4017 835 4092 preteritum
863 4017 974 4078 secluso
996 4014 1132 4092 presenti
1153 4018 1418 4101 contemplamur,

213 4126 326 4186 ceteris
353 4126 489 4203 panibus,
517 4127 641 4188 debilior
668 4128 709 4188 eil
737 4127 862 4206 imagine
883 4127 925 4188 rei
946 4127 1113 4206 praesentia,
1135 4143 1166 4189 et
1188 4127 1419 4206 consequenter

213 4238 335 4300 affeslua
362 4257 429 4317 erga
456 4256 516 4300 rem
538 4240 665 4300 futuram
685 4242 733 4303 vel
756 4239 947 4316 preteritam,
969 4240 1083 4303 caeteris
1104 4241 1243 4319 paribus,
1265 4242 1429 4307 remissior.

211 4349 254 4409 est
275 4347 381 4410 affeetu
401 4367 468 4428 erga
488 4367 547 4410 rem
567 4352 748 4425 presentem.
