<?xml version="1.0" encoding="UTF-8"?>
<!DOCTYPE html PUBLIC "-//W3C//DTD XHTML 1.0 Transitional//EN"
    "http://www.w3.org/TR/xhtml1/DTD/xhtml1-transitional.dtd">
<html xmlns="http://www.w3.org/1999/xhtml" xml:lang="en" lang="en">
 <head>
  <title>
</title>
<meta http-equiv="Content-Type" content="text/html;charset=utf-8" />
  <meta name='ocr-system' content='tesseract 3.04.00' />
  <meta name='ocr-capabilities' content='ocr_page ocr_carea ocr_par ocr_line ocrx_word'/>
</head>
<body>
  <div class='ocr_page' id='page_1' title='image "benedictidespin02landgoog_0402.png"; bbox 0 0 2934 4900; ppageno 0'>
   <div class='ocr_carea' id='block_1_1' title="bbox 185 258 900 366">
    <p class='ocr_par' dir='ltr' id='par_1_1' title="bbox 185 258 900 366">
     <span class='ocr_line' id='line_1_1' title="bbox 185 258 900 366; baseline -0.001 -16"><span class='ocrx_word' id='word_1_1' title='bbox 185 292 242 366; x_wconf 82' lang='lat'>378</span> <span class='ocrx_word' id='word_1_2' title='bbox 660 258 900 351; x_wconf 72' lang='lat' dir='ltr'>Tractatns</span> 
     </span>
    </p>
   </div>
   <div class='ocr_carea' id='block_1_2' title="bbox 183 458 1377 1214">
    <p class='ocr_par' dir='ltr' id='par_1_2' title="bbox 183 458 1377 1214">
     <span class='ocr_line' id='line_1_2' title="bbox 183 458 1374 535; baseline 0.008 -19"><span class='ocrx_word' id='word_1_3' title='bbox 183 458 265 517; x_wconf 92' lang='lat' dir='ltr'>tione</span> <span class='ocrx_word' id='word_1_4' title='bbox 288 458 458 533; x_wconf 87' lang='lat' dir='ltr'>prophetica</span> <span class='ocrx_word' id='word_1_5' title='bbox 479 459 723 535; x_wconf 90' lang='lat' dir='ltr'>loquitut,·hanc</span> <span class='ocrx_word' id='word_1_6' title='bbox 744 462 888 523; x_wconf 77' lang='lat' dir='ltr'>exclusam</span> <span class='ocrx_word' id='word_1_7' title='bbox 912 464 984 524; x_wconf 89' lang='lat' dir='ltr'>vult.</span> <span class='ocrx_word' id='word_1_8' title='bbox 1017 464 1156 523; x_wconf 84' lang='lat' dir='ltr'>Attamen</span> <span class='ocrx_word' id='word_1_9' title='bbox 1179 464 1374 525; x_wconf 85' lang='lat' dir='ltr'>nihilominus</span> 
     </span>
     <span class='ocr_line' id='line_1_3' title="bbox 186 570 1375 653; baseline 0.004 -22"><span class='ocrx_word' id='word_1_10' title='bbox 186 571 289 647; x_wconf 76' lang='lat' dir='ltr'>equali</span> <span class='ocrx_word' id='word_1_11' title='bbox 306 570 372 647; x_wconf 85' lang='lat' dir='ltr'>jure</span> <span class='ocrx_word' id='word_1_12' title='bbox 394 591 426 631; x_wconf 92' lang='lat' dir='ltr'>ac</span> <span class='ocrx_word' id='word_1_13' title='bbox 449 572 522 646; x_wconf 88' lang='lat' dir='ltr'>alia,</span> <span class='ocrx_word' id='word_1_14' title='bbox 549 591 733 650; x_wconf 88' lang='lat' dir='ltr'>quaecunque</span> <span class='ocrx_word' id='word_1_15' title='bbox 756 574 803 635; x_wconf 91' lang='lat' dir='ltr'>illa</span> <span class='ocrx_word' id='word_1_16' title='bbox 824 574 876 648; x_wconf 88' lang='lat' dir='ltr'>srt,</span> <span class='ocrx_word' id='word_1_17' title='bbox 897 574 998 637; x_wconf 89' lang='lat' dir='ltr'>divina</span> <span class='ocrx_word' id='word_1_18' title='bbox 1019 576 1118 636; x_wconf 87' lang='lat' dir='ltr'>vocari</span> <span class='ocrx_word' id='word_1_19' title='bbox 1139 576 1253 652; x_wconf 87' lang='lat' dir='ltr'>potest;</span> <span class='ocrx_word' id='word_1_20' title='bbox 1277 596 1375 653; x_wconf 86' lang='lat' dir='ltr'>quan·</span> 
     </span>
     <span class='ocr_line' id='line_1_4' title="bbox 184 684 1376 765; baseline 0.003 -19"><span class='ocrx_word' id='word_1_21' title='bbox 184 685 342 761; x_wconf 88' lang='lat' dir='ltr'>doquidem</span> <span class='ocrx_word' id='word_1_22' title='bbox 363 684 419 744; x_wconf 90' lang='lat' dir='ltr'>Dei</span> <span class='ocrx_word' id='word_1_23' title='bbox 441 700 560 761; x_wconf 88' lang='lat' dir='ltr'>natura,</span> <span class='ocrx_word' id='word_1_24' title='bbox 591 702 737 762; x_wconf 89' lang='lat' dir='ltr'>quatenus</span> <span class='ocrx_word' id='word_1_25' title='bbox 758 688 794 747; x_wconf 92' lang='lat' dir='ltr'>de</span> <span class='ocrx_word' id='word_1_26' title='bbox 816 705 849 747; x_wconf 88' lang='lat' dir='ltr'>ea</span> <span class='ocrx_word' id='word_1_27' title='bbox 871 686 1095 764; x_wconf 81' lang='lat' dir='ltr'>participamus,</span> <span class='ocrx_word' id='word_1_28' title='bbox 1116 689 1232 765; x_wconf 92' lang='lat' dir='ltr'>Deique</span> <span class='ocrx_word' id='word_1_29' title='bbox 1254 693 1376 750; x_wconf 87' lang='lat' dir='ltr'>decreta</span> 
     </span>
     <span class='ocr_line' id='line_1_5' title="bbox 185 796 1377 877; baseline 0.006 -21"><span class='ocrx_word' id='word_1_30' title='bbox 185 816 246 857; x_wconf 90' lang='lat' dir='ltr'>eam</span> <span class='ocrx_word' id='word_1_31' title='bbox 274 796 360 857; x_wconf 91' lang='lat' dir='ltr'>nobis</span> <span class='ocrx_word' id='word_1_32' title='bbox 389 797 468 874; x_wconf 85' lang='lat' dir='ltr'>quali</span> <span class='ocrx_word' id='word_1_33' title='bbox 498 798 626 873; x_wconf 53' lang='lat' dir='ltr'>ditinum</span> <span class='ocrx_word' id='word_1_34' title='bbox 647 817 700 859; x_wconf 90' lang='lat' dir='ltr'>nec</span> <span class='ocrx_word' id='word_1_35' title='bbox 721 802 758 859; x_wconf 93' lang='lat' dir='ltr'>ab</span> <span class='ocrx_word' id='word_1_36' title='bbox 780 799 843 876; x_wconf 90' lang='lat' dir='ltr'>illa,</span> <span class='ocrx_word' id='word_1_37' title='bbox 865 818 950 877; x_wconf 88' lang='lat' dir='ltr'>quarn</span> <span class='ocrx_word' id='word_1_38' title='bbox 973 818 1073 861; x_wconf 89' lang='lat' dir='ltr'>omnes</span> <span class='ocrx_word' id='word_1_39' title='bbox 1094 800 1222 862; x_wconf 88' lang='lat' dir='ltr'>divinam</span> <span class='ocrx_word' id='word_1_40' title='bbox 1244 816 1377 877; x_wconf 88' lang='lat' dir='ltr'>vocant,</span> 
     </span>
     <span class='ocr_line' id='line_1_6' title="bbox 185 907 1374 989; baseline 0.003 -20"><span class='ocrx_word' id='word_1_41' title='bbox 185 907 297 983; x_wconf 83' lang='lat' dir='ltr'>differt,</span> <span class='ocrx_word' id='word_1_42' title='bbox 318 908 368 968; x_wconf 91' lang='lat' dir='ltr'>nili</span> <span class='ocrx_word' id='word_1_43' title='bbox 389 912 471 985; x_wconf 94' lang='lat' dir='ltr'>quod</span> <span class='ocrx_word' id='word_1_44' title='bbox 493 929 526 969; x_wconf 89' lang='lat' dir='ltr'>ea</span> <span class='ocrx_word' id='word_1_45' title='bbox 548 912 622 971; x_wconf 91' lang='lat' dir='ltr'>ultra</span> <span class='ocrx_word' id='word_1_46' title='bbox 644 910 751 971; x_wconf 82' lang='lat' dir='ltr'>linrites</span> <span class='ocrx_word' id='word_1_47' title='bbox 772 911 898 987; x_wconf 83' lang='lat' dir='ltr'>hujusse</span> <span class='ocrx_word' id='word_1_48' title='bbox 911 913 1059 979; x_wconf 84' lang='lat' dir='ltr'>extendit.</span> <span class='ocrx_word' id='word_1_49' title='bbox 1081 926 1111 973; x_wconf 89' lang='lat' dir='ltr'>et</span> <span class='ocrx_word' id='word_1_50' title='bbox 1133 915 1214 989; x_wconf 88' lang='lat' dir='ltr'>quod</span> <span class='ocrx_word' id='word_1_51' title='bbox 1235 913 1374 973; x_wconf 86' lang='lat' dir='ltr'>humanae</span> 
     </span>
     <span class='ocr_line' id='line_1_7' title="bbox 185 1020 1375 1101; baseline 0.004 -22"><span class='ocrx_word' id='word_1_52' title='bbox 185 1035 295 1080; x_wconf 88' lang='lat' dir='ltr'>naturae</span> <span class='ocrx_word' id='word_1_53' title='bbox 326 1022 422 1099; x_wconf 88' lang='lat' dir='ltr'>leges,</span> <span class='ocrx_word' id='word_1_54' title='bbox 453 1020 482 1081; x_wconf 92' lang='lat' dir='ltr'>in</span> <span class='ocrx_word' id='word_1_55' title='bbox 514 1021 543 1082; x_wconf 94' lang='lat' dir='ltr'>se</span> <span class='ocrx_word' id='word_1_56' title='bbox 575 1022 780 1101; x_wconf 84' lang='lat' dir='ltr'>consrderatae,</span> <span class='ocrx_word' id='word_1_57' title='bbox 812 1042 872 1084; x_wconf 92' lang='lat' dir='ltr'>non</span> <span class='ocrx_word' id='word_1_58' title='bbox 903 1022 1019 1100; x_wconf 85' lang='lat' dir='ltr'>possunt</span> <span class='ocrx_word' id='word_1_59' title='bbox 1051 1024 1115 1100; x_wconf 75' lang='lat' dir='ltr'>eius</span> <span class='ocrx_word' id='word_1_60' title='bbox 1142 1022 1196 1084; x_wconf 85' lang='lat' dir='ltr'>elie</span> <span class='ocrx_word' id='word_1_61' title='bbox 1217 1023 1319 1099; x_wconf 89' lang='lat' dir='ltr'>causa;</span> <span class='ocrx_word' id='word_1_62' title='bbox 1342 1040 1375 1084; x_wconf 88' lang='lat' dir='ltr'>at</span> 
     </span>
     <span class='ocr_line' id='line_1_8' title="bbox 184 1130 1374 1214; baseline 0.003 -22"><span class='ocrx_word' id='word_1_63' title='bbox 184 1130 316 1207; x_wconf 70' lang='lat' dir='ltr'>tespeitu</span> <span class='ocrx_word' id='word_1_64' title='bbox 344 1130 546 1208; x_wconf 76' lang='lat' dir='ltr'>certitudinis,</span> <span class='ocrx_word' id='word_1_65' title='bbox 574 1152 661 1209; x_wconf 89' lang='lat' dir='ltr'>quam</span> <span class='ocrx_word' id='word_1_66' title='bbox 689 1130 833 1197; x_wconf 86' lang='lat' dir='ltr'>naturalis</span> <span class='ocrx_word' id='word_1_67' title='bbox 851 1135 983 1214; x_wconf 82' lang='lat' dir='ltr'>cognitio</span> <span class='ocrx_word' id='word_1_68' title='bbox 1005 1135 1150 1211; x_wconf 90' lang='lat' dir='ltr'>involvit,</span> <span class='ocrx_word' id='word_1_69' title='bbox 1171 1151 1202 1195; x_wconf 96' lang='lat' dir='ltr'>et</span> <span class='ocrx_word' id='word_1_70' title='bbox 1224 1136 1335 1212; x_wconf 90' lang='lat' dir='ltr'>fontis,</span> <span class='ocrx_word' id='word_1_71' title='bbox 1357 1155 1374 1195; x_wconf 92' lang='lat' dir='ltr'>e</span> 
     </span>
    </p>
   </div>
   <div class='ocr_carea' id='block_1_3' title="bbox 185 1242 1466 1327">
    <p class='ocr_par' dir='ltr' id='par_1_3' title="bbox 185 1242 1466 1327">
     <span class='ocr_line' id='line_1_9' title="bbox 185 1242 1466 1327; baseline 0.002 -23"><span class='ocrx_word' id='word_1_72' title='bbox 185 1261 246 1319; x_wconf 88' lang='lat' dir='ltr'>quo</span> <span class='ocrx_word' id='word_1_73' title='bbox 276 1242 426 1305; x_wconf 85' lang='lat' dir='ltr'>derivatur</span> <span class='ocrx_word' id='word_1_74' title='bbox 457 1244 576 1322; x_wconf 85' lang='lat' dir='ltr'>(nempe</span> <span class='ocrx_word' id='word_1_75' title='bbox 606 1245 710 1324; x_wconf 91' lang='lat' dir='ltr'>Deo),</span> <span class='ocrx_word' id='word_1_76' title='bbox 747 1247 828 1307; x_wconf 91' lang='lat' dir='ltr'>nullo</span> <span class='ocrx_word' id='word_1_77' title='bbox 866 1249 955 1308; x_wconf 86' lang='lat' dir='ltr'>morlo</span> <span class='ocrx_word' id='word_1_78' title='bbox 988 1246 1159 1327; x_wconf 81' lang='lat' dir='ltr'>cognitione</span> <span class='ocrx_word' id='word_1_79' title='bbox 1191 1246 1375 1325; x_wconf 84' lang='lat' dir='ltr'>propheticae</span> <span class='ocrx_word' id='word_1_80' title='bbox 1464 1262 1466 1277; x_wconf 83' lang='grc'><em>·</em></span> 
     </span>
    </p>
   </div>
   <div class='ocr_carea' id='block_1_4' title="bbox 107 1354 1465 1768">
    <p class='ocr_par' dir='ltr' id='par_1_4' title="bbox 184 1354 1375 1435">
     <span class='ocr_line' id='line_1_10' title="bbox 184 1354 1375 1435; baseline 0.003 -20"><span class='ocrx_word' id='word_1_81' title='bbox 184 1354 272 1417; x_wconf 87' lang='lat' dir='ltr'>cedit.</span> <span class='ocrx_word' id='word_1_82' title='bbox 312 1354 373 1416; x_wconf 80' lang='lat' dir='ltr'>Nisa</span> <span class='ocrx_word' id='word_1_83' title='bbox 395 1356 473 1416; x_wconf 84' lang='lat' dir='ltr'>forte</span> <span class='ocrx_word' id='word_1_84' title='bbox 494 1355 600 1432; x_wconf 86' lang='lat' dir='ltr'>aliquis</span> <span class='ocrx_word' id='word_1_85' title='bbox 629 1356 809 1435; x_wconf 87' lang='lat' dir='ltr'>intelligere,</span> <span class='ocrx_word' id='word_1_86' title='bbox 832 1360 879 1421; x_wconf 86' lang='lat' dir='ltr'>vel</span> <span class='ocrx_word' id='word_1_87' title='bbox 899 1358 1002 1434; x_wconf 88' lang='lat' dir='ltr'>potius</span> <span class='ocrx_word' id='word_1_88' title='bbox 1026 1358 1166 1419; x_wconf 90' lang='lat' dir='ltr'>somniate</span> <span class='ocrx_word' id='word_1_89' title='bbox 1188 1358 1282 1433; x_wconf 86' lang='lat' dir='ltr'>velit,</span> <span class='ocrx_word' id='word_1_90' title='bbox 1301 1360 1375 1419; x_wconf 90' lang='lat' dir='ltr'>Pro-</span> 
     </span>
    </p>

    <p class='ocr_par' dir='ltr' id='par_1_5' title="bbox 107 1449 1465 1768">
     <span class='ocr_line' id='line_1_11' title="bbox 107 1449 1465 1559; baseline 0.001 -31"><span class='ocrx_word' id='word_1_91' title='bbox 107 1550 112 1559; x_wconf 34' lang='grc' dir='ltr'>Ι</span> <span class='ocrx_word' id='word_1_92' title='bbox 184 1469 289 1545; x_wconf 87' lang='lat' dir='ltr'>phetas</span> <span class='ocrx_word' id='word_1_93' title='bbox 310 1484 418 1544; x_wconf 89' lang='lat' dir='ltr'>corpus</span> <span class='ocrx_word' id='word_1_94' title='bbox 438 1468 555 1544; x_wconf 90' lang='lat' dir='ltr'>quidem</span> <span class='ocrx_word' id='word_1_95' title='bbox 577 1469 752 1543; x_wconf 89' lang='lat' dir='ltr'>humanum,</span> <span class='ocrx_word' id='word_1_96' title='bbox 770 1484 895 1531; x_wconf 88' lang='lat' dir='ltr'>mentem</span> <span class='ocrx_word' id='word_1_97' title='bbox 906 1486 979 1532; x_wconf 86' lang='lat' dir='ltr'>vero</span> <span class='ocrx_word' id='word_1_98' title='bbox 991 1488 1051 1531; x_wconf 93' lang='lat' dir='ltr'>non</span> <span class='ocrx_word' id='word_1_99' title='bbox 1063 1471 1215 1531; x_wconf 88' lang='lat' dir='ltr'>humanam</span> <span class='ocrx_word' id='word_1_100' title='bbox 1225 1469 1375 1545; x_wconf 81' lang='lat' dir='ltr'>habuilie,</span> <span class='ocrx_word' id='word_1_101' title='bbox 1464 1449 1465 1452; x_wconf 8' lang='grc' dir='ltr'><strong>Ἴ</strong></span> 
     </span>
     <span class='ocr_line' id='line_1_12' title="bbox 185 1578 1375 1657; baseline 0.003 -18"><span class='ocrx_word' id='word_1_102' title='bbox 185 1582 319 1656; x_wconf 83' lang='lat' dir='ltr'>adeoque</span> <span class='ocrx_word' id='word_1_103' title='bbox 348 1597 448 1641; x_wconf 86' lang='lat' dir='ltr'>eorum</span> <span class='ocrx_word' id='word_1_104' title='bbox 476 1578 655 1641; x_wconf 87' lang='lat' dir='ltr'>sensationes</span> <span class='ocrx_word' id='word_1_105' title='bbox 675 1597 706 1641; x_wconf 87' lang='lat' dir='ltr'>et</span> <span class='ocrx_word' id='word_1_106' title='bbox 727 1579 935 1643; x_wconf 87' lang='lat' dir='ltr'>conscientiam</span> <span class='ocrx_word' id='word_1_107' title='bbox 964 1580 1081 1643; x_wconf 89' lang='lat' dir='ltr'>alterius</span> <span class='ocrx_word' id='word_1_108' title='bbox 1107 1582 1224 1657; x_wconf 87' lang='lat' dir='ltr'>prorsus</span> <span class='ocrx_word' id='word_1_109' title='bbox 1244 1597 1375 1655; x_wconf 75' lang='lat' dir='ltr'>natura,</span> 
     </span>
     <span class='ocr_line' id='line_1_13' title="bbox 185 1690 614 1768; baseline -0.002 -16"><span class='ocrx_word' id='word_1_110' title='bbox 185 1709 271 1768; x_wconf 86' lang='lat' dir='ltr'>quam</span> <span class='ocrx_word' id='word_1_111' title='bbox 292 1691 396 1752; x_wconf 86' lang='lat' dir='ltr'>nostrae</span> <span class='ocrx_word' id='word_1_112' title='bbox 417 1690 503 1766; x_wconf 90' lang='lat' dir='ltr'>sunt,</span> <span class='ocrx_word' id='word_1_113' title='bbox 523 1691 614 1753; x_wconf 76' lang='lat' dir='ltr'>fuisse.</span> 
     </span>
    </p>
   </div>
   <div class='ocr_carea' id='block_1_5' title="bbox 1465 1210 1468 1869">
    <p class='ocr_par' dir='ltr' id='par_1_6' title="bbox 1465 1210 1468 1869">
     <span class='ocr_line' id='line_1_14' title="bbox 1465 1210 1468 1869; baseline 0 0"><span class='ocrx_word' id='word_1_114' title='bbox 1465 1210 1468 1869; x_wconf 95' lang='lat' dir='ltr'> </span> 
     </span>
    </p>
   </div>
   <div class='ocr_carea' id='block_1_6' title="bbox 224 1804 1466 1885">
    <p class='ocr_par' dir='ltr' id='par_1_7' title="bbox 224 1804 1466 1885">
     <span class='ocr_line' id='line_1_15' title="bbox 224 1804 1466 1885; baseline 0 -21"><span class='ocrx_word' id='word_1_115' title='bbox 224 1805 285 1880; x_wconf 81' lang='lat' dir='ltr'>At,</span> <span class='ocrx_word' id='word_1_116' title='bbox 304 1804 439 1881; x_wconf 84' lang='lat' dir='ltr'>quamvis</span> <span class='ocrx_word' id='word_1_117' title='bbox 459 1804 579 1864; x_wconf 88' lang='lat' dir='ltr'>scientia</span> <span class='ocrx_word' id='word_1_118' title='bbox 600 1805 741 1866; x_wconf 85' lang='lat' dir='ltr'>naturalis</span> <span class='ocrx_word' id='word_1_119' title='bbox 762 1805 862 1867; x_wconf 89' lang='lat' dir='ltr'>divina</span> <span class='ocrx_word' id='word_1_120' title='bbox 884 1804 935 1881; x_wconf 89' lang='lat' dir='ltr'>lit,</span> <span class='ocrx_word' id='word_1_121' title='bbox 957 1805 1020 1881; x_wconf 87' lang='lat' dir='ltr'>ejus</span> <span class='ocrx_word' id='word_1_122' title='bbox 1041 1822 1137 1867; x_wconf 89' lang='lat' dir='ltr'>tamen</span> <span class='ocrx_word' id='word_1_123' title='bbox 1158 1822 1374 1885; x_wconf 83' lang='lat' dir='ltr'>propagatores</span> <span class='ocrx_word' id='word_1_124' title='bbox 1465 1874 1466 1881; x_wconf 8' lang='grc' dir='ltr'>ἵ</span> 
     </span>
    </p>
   </div>
   <div class='ocr_carea' id='block_1_7' title="bbox 185 1915 1466 4124">
    <p class='ocr_par' dir='ltr' id='par_1_8' title="bbox 186 1915 1466 2216">
     <span class='ocr_line' id='line_1_16' title="bbox 186 1915 1374 1995; baseline 0 -18"><span class='ocrx_word' id='word_1_125' title='bbox 186 1936 246 1978; x_wconf 91' lang='lat' dir='ltr'>non</span> <span class='ocrx_word' id='word_1_126' title='bbox 268 1915 385 1993; x_wconf 81' lang='lat' dir='ltr'>poliunt</span> <span class='ocrx_word' id='word_1_127' title='bbox 407 1916 506 1978; x_wconf 91' lang='lat' dir='ltr'>vocari</span> <span class='ocrx_word' id='word_1_128' title='bbox 527 1916 718 1992; x_wconf 78' lang='lat' dir='ltr'>Prophetae*.</span> <span class='ocrx_word' id='word_1_129' title='bbox 739 1920 814 1979; x_wconf 87' lang='lat' dir='ltr'>Nam</span> <span class='ocrx_word' id='word_1_130' title='bbox 837 1936 902 1995; x_wconf 85' lang='lat' dir='ltr'>quae</span> <span class='ocrx_word' id='word_1_131' title='bbox 923 1919 965 1979; x_wconf 92' lang='lat' dir='ltr'>illi</span> <span class='ocrx_word' id='word_1_132' title='bbox 983 1918 1221 1995; x_wconf 86' lang='lat' dir='ltr'>docent,teliqui</span> <span class='ocrx_word' id='word_1_133' title='bbox 1238 1918 1374 1979; x_wconf 86' lang='lat' dir='ltr'>homines</span> 
     </span>
     <span class='ocr_line' id='line_1_17' title="bbox 187 2027 1466 2117; baseline 0.001 -27"><span class='ocrx_word' id='word_1_134' title='bbox 187 2027 291 2105; x_wconf 87' lang='lat' dir='ltr'>aequali</span> <span class='ocrx_word' id='word_1_135' title='bbox 312 2028 489 2089; x_wconf 89' lang='lat' dir='ltr'>certitudine</span> <span class='ocrx_word' id='word_1_136' title='bbox 510 2043 540 2089; x_wconf 95' lang='lat' dir='ltr'>et</span> <span class='ocrx_word' id='word_1_137' title='bbox 561 2028 721 2107; x_wconf 79' lang='lat' dir='ltr'>dignitate,</span> <span class='ocrx_word' id='word_1_138' title='bbox 750 2048 783 2091; x_wconf 86' lang='lat' dir='ltr'>ac</span> <span class='ocrx_word' id='word_1_139' title='bbox 804 2030 873 2107; x_wconf 88' lang='lat' dir='ltr'>ipsr,</span> <span class='ocrx_word' id='word_1_140' title='bbox 894 2032 1041 2107; x_wconf 87' lang='lat' dir='ltr'>percipere</span> <span class='ocrx_word' id='word_1_141' title='bbox 1062 2030 1180 2107; x_wconf 86' lang='lat' dir='ltr'>poliunt</span> <span class='ocrx_word' id='word_1_142' title='bbox 1202 2046 1291 2108; x_wconf 89' lang='lat' dir='ltr'>atque</span> <span class='ocrx_word' id='word_1_143' title='bbox 1312 2050 1373 2091; x_wconf 90' lang='lat' dir='ltr'>arn·</span> <span class='ocrx_word' id='word_1_144' title='bbox 1465 2110 1466 2117; x_wconf 8' lang='grc' dir='ltr'>ἵ</span> 
     </span>
     <span class='ocr_line' id='line_1_18' title="bbox 187 2140 712 2216; baseline 0.004 -17"><span class='ocrx_word' id='word_1_145' title='bbox 187 2140 292 2216; x_wconf 72' lang='grc' dir='ltr'>ρίεᾶἰ,</span> <span class='ocrx_word' id='word_1_146' title='bbox 313 2140 402 2216; x_wconf 91' lang='lat' dir='ltr'>idque</span> <span class='ocrx_word' id='word_1_147' title='bbox 423 2158 483 2201; x_wconf 92' lang='lat' dir='ltr'>non</span> <span class='ocrx_word' id='word_1_148' title='bbox 505 2159 543 2201; x_wconf 82' lang='lat' dir='ltr'>ex</span> <span class='ocrx_word' id='word_1_149' title='bbox 564 2142 621 2203; x_wconf 87' lang='lat' dir='ltr'>lide</span> <span class='ocrx_word' id='word_1_150' title='bbox 642 2140 712 2201; x_wconf 91' lang='lat' dir='ltr'>sola.</span> 
     </span>
    </p>

    <p class='ocr_par' dir='ltr' id='par_1_9' title="bbox 185 2252 1374 4014">
     <span class='ocr_line' id='line_1_19' title="bbox 226 2252 1374 2333; baseline 0.004 -21"><span class='ocrx_word' id='word_1_151' title='bbox 226 2252 301 2312; x_wconf 90' lang='lat' dir='ltr'>Cum</span> <span class='ocrx_word' id='word_1_152' title='bbox 322 2252 423 2329; x_wconf 91' lang='lat' dir='ltr'>itaque</span> <span class='ocrx_word' id='word_1_153' title='bbox 444 2270 524 2313; x_wconf 90' lang='lat' dir='ltr'>mens</span> <span class='ocrx_word' id='word_1_154' title='bbox 546 2253 640 2313; x_wconf 85' lang='lat' dir='ltr'>nostra</span> <span class='ocrx_word' id='word_1_155' title='bbox 662 2273 699 2314; x_wconf 84' lang='lat' dir='ltr'>est</span> <span class='ocrx_word' id='word_1_156' title='bbox 719 2254 777 2315; x_wconf 92' lang='lat' dir='ltr'>hoc</span> <span class='ocrx_word' id='word_1_157' title='bbox 799 2254 877 2330; x_wconf 91' lang='lat' dir='ltr'>solo,</span> <span class='ocrx_word' id='word_1_158' title='bbox 896 2258 977 2333; x_wconf 91' lang='lat' dir='ltr'>quod</span> <span class='ocrx_word' id='word_1_159' title='bbox 995 2255 1051 2317; x_wconf 89' lang='lat' dir='ltr'>Dei</span> <span class='ocrx_word' id='word_1_160' title='bbox 1073 2272 1203 2317; x_wconf 85' lang='lat' dir='ltr'>naturam</span> <span class='ocrx_word' id='word_1_161' title='bbox 1224 2256 1374 2333; x_wconf 75' lang='lat' dir='ltr'>objediive</span> 
     </span>
     <span class='ocr_line' id='line_1_20' title="bbox 188 2362 1372 2442; baseline 0.003 -19"><span class='ocrx_word' id='word_1_162' title='bbox 188 2362 218 2423; x_wconf 90' lang='lat' dir='ltr'>in</span> <span class='ocrx_word' id='word_1_163' title='bbox 239 2362 268 2423; x_wconf 93' lang='lat' dir='ltr'>se</span> <span class='ocrx_word' id='word_1_164' title='bbox 288 2364 423 2425; x_wconf 88' lang='lat' dir='ltr'>continet</span> <span class='ocrx_word' id='word_1_165' title='bbox 445 2380 475 2424; x_wconf 93' lang='lat' dir='ltr'>et</span> <span class='ocrx_word' id='word_1_166' title='bbox 495 2367 532 2426; x_wconf 90' lang='lat' dir='ltr'>de</span> <span class='ocrx_word' id='word_1_167' title='bbox 554 2367 654 2425; x_wconf 89' lang='lat' dir='ltr'>eadem</span> <span class='ocrx_word' id='word_1_168' title='bbox 674 2364 846 2442; x_wconf 89' lang='lat' dir='ltr'>participat,</span> <span class='ocrx_word' id='word_1_169' title='bbox 875 2364 1037 2441; x_wconf 88' lang='lat' dir='ltr'>potentiam</span> <span class='ocrx_word' id='word_1_170' title='bbox 1058 2367 1164 2427; x_wconf 89' lang='lat' dir='ltr'>habeat</span> <span class='ocrx_word' id='word_1_171' title='bbox 1186 2369 1223 2428; x_wconf 92' lang='lat' dir='ltr'>ad</span> <span class='ocrx_word' id='word_1_172' title='bbox 1244 2368 1372 2427; x_wconf 88' lang='lat' dir='ltr'>forman·</span> 
     </span>
     <span class='ocr_line' id='line_1_21' title="bbox 185 2475 1369 2554; baseline 0.003 -18"><span class='ocrx_word' id='word_1_173' title='bbox 185 2479 237 2536; x_wconf 90' lang='lat' dir='ltr'>das</span> <span class='ocrx_word' id='word_1_174' title='bbox 258 2475 393 2553; x_wconf 90' lang='lat' dir='ltr'>quasdam</span> <span class='ocrx_word' id='word_1_175' title='bbox 421 2477 561 2539; x_wconf 86' lang='lat' dir='ltr'>notiones</span> <span class='ocrx_word' id='word_1_176' title='bbox 588 2495 680 2540; x_wconf 89' lang='lat' dir='ltr'>terum</span> <span class='ocrx_word' id='word_1_177' title='bbox 710 2494 841 2540; x_wconf 89' lang='lat' dir='ltr'>naturam</span> <span class='ocrx_word' id='word_1_178' title='bbox 863 2479 1043 2554; x_wconf 87' lang='lat' dir='ltr'>explicantes</span> <span class='ocrx_word' id='word_1_179' title='bbox 1065 2493 1095 2540; x_wconf 91' lang='lat' dir='ltr'>et</span> <span class='ocrx_word' id='word_1_180' title='bbox 1118 2481 1186 2542; x_wconf 83' lang='lat' dir='ltr'>vitae</span> <span class='ocrx_word' id='word_1_181' title='bbox 1210 2479 1291 2541; x_wconf 89' lang='lat' dir='ltr'>usum</span> <span class='ocrx_word' id='word_1_182' title='bbox 1314 2482 1369 2541; x_wconf 90' lang='lat' dir='ltr'>do-</span> 
     </span>
     <span class='ocr_line' id='line_1_22' title="bbox 186 2588 1368 2668; baseline 0.003 -20"><span class='ocrx_word' id='word_1_183' title='bbox 186 2604 303 2664; x_wconf 86' lang='lat' dir='ltr'>centes,</span> <span class='ocrx_word' id='word_1_184' title='bbox 334 2588 439 2650; x_wconf 90' lang='lat' dir='ltr'>merito</span> <span class='ocrx_word' id='word_1_185' title='bbox 470 2589 575 2651; x_wconf 87' lang='lat' dir='ltr'>mentis</span> <span class='ocrx_word' id='word_1_186' title='bbox 607 2605 758 2665; x_wconf 89' lang='lat' dir='ltr'>naturam,</span> <span class='ocrx_word' id='word_1_187' title='bbox 791 2606 937 2667; x_wconf 90' lang='lat' dir='ltr'>quatenus</span> <span class='ocrx_word' id='word_1_188' title='bbox 959 2591 1024 2651; x_wconf 91' lang='lat' dir='ltr'>talis</span> <span class='ocrx_word' id='word_1_189' title='bbox 1045 2591 1228 2667; x_wconf 85' lang='lat' dir='ltr'>concipitur,</span> <span class='ocrx_word' id='word_1_190' title='bbox 1250 2593 1368 2668; x_wconf 86' lang='lat' dir='ltr'>primam</span> 
     </span>
     <span class='ocr_line' id='line_1_23' title="bbox 185 2700 1369 2782; baseline 0.003 -20"><span class='ocrx_word' id='word_1_191' title='bbox 185 2700 293 2764; x_wconf 84' lang='lat' dir='ltr'>divinae</span> <span class='ocrx_word' id='word_1_192' title='bbox 322 2702 512 2765; x_wconf 84' lang='lat' dir='ltr'>revelationis</span> <span class='ocrx_word' id='word_1_193' title='bbox 540 2702 653 2764; x_wconf 87' lang='lat' dir='ltr'>causam</span> <span class='ocrx_word' id='word_1_194' title='bbox 681 2703 805 2764; x_wconf 86' lang='lat' dir='ltr'>statuere</span> <span class='ocrx_word' id='word_1_195' title='bbox 829 2703 993 2779; x_wconf 78' lang='lat' dir='ltr'>poffumus3</span> <span class='ocrx_word' id='word_1_196' title='bbox 1014 2723 1048 2763; x_wconf 91' lang='lat' dir='ltr'>ea</span> <span class='ocrx_word' id='word_1_197' title='bbox 1071 2703 1146 2764; x_wconf 91' lang='lat' dir='ltr'>enim</span> <span class='ocrx_word' id='word_1_198' title='bbox 1169 2703 1283 2780; x_wconf 89' lang='lat' dir='ltr'>omnia,</span> <span class='ocrx_word' id='word_1_199' title='bbox 1305 2723 1369 2782; x_wconf 84' lang='lat' dir='ltr'>quae</span> 
     </span>
     <span class='ocr_line' id='line_1_24' title="bbox 185 2813 1368 2894; baseline 0.002 -20"><span class='ocrx_word' id='word_1_200' title='bbox 185 2814 260 2874; x_wconf 87' lang='lat' dir='ltr'>clare</span> <span class='ocrx_word' id='word_1_201' title='bbox 292 2828 322 2873; x_wconf 94' lang='lat' dir='ltr'>et</span> <span class='ocrx_word' id='word_1_202' title='bbox 352 2813 483 2876; x_wconf 78' lang='lat' dir='ltr'>distindte</span> <span class='ocrx_word' id='word_1_203' title='bbox 515 2814 720 2893; x_wconf 86' lang='lat' dir='ltr'>intelligimus,</span> <span class='ocrx_word' id='word_1_204' title='bbox 750 2815 806 2875; x_wconf 91' lang='lat' dir='ltr'>Dei</span> <span class='ocrx_word' id='word_1_205' title='bbox 838 2815 901 2876; x_wconf 91' lang='lat' dir='ltr'>idea</span> <span class='ocrx_word' id='word_1_206' title='bbox 928 2815 977 2894; x_wconf 82' lang='lat' dir='ltr'>&lt;ut</span> <span class='ocrx_word' id='word_1_207' title='bbox 998 2817 1087 2876; x_wconf 90' lang='lat' dir='ltr'>modo</span> <span class='ocrx_word' id='word_1_208' title='bbox 1109 2815 1317 2894; x_wconf 85' lang='lat' dir='ltr'>indicavimus)</span> <span class='ocrx_word' id='word_1_209' title='bbox 1340 2832 1368 2876; x_wconf 90' lang='lat' dir='ltr'>et</span> 
     </span>
     <span class='ocr_line' id='line_1_25' title="bbox 186 2925 1370 3006; baseline 0.003 -22"><span class='ocrx_word' id='word_1_210' title='bbox 186 2940 288 2986; x_wconf 88' lang='lat' dir='ltr'>natura</span> <span class='ocrx_word' id='word_1_211' title='bbox 308 2925 395 2986; x_wconf 88' lang='lat' dir='ltr'>nobis</span> <span class='ocrx_word' id='word_1_212' title='bbox 417 2925 522 3001; x_wconf 71' lang='lat' dir='ltr'>distat,</span> <span class='ocrx_word' id='word_1_213' title='bbox 542 2945 602 2987; x_wconf 94' lang='lat' dir='ltr'>non</span> <span class='ocrx_word' id='word_1_214' title='bbox 625 2926 742 3003; x_wconf 89' lang='lat' dir='ltr'>quidem</span> <span class='ocrx_word' id='word_1_215' title='bbox 761 2926 872 3002; x_wconf 85' lang='lat' dir='ltr'>verbis,</span> <span class='ocrx_word' id='word_1_216' title='bbox 890 2926 939 2989; x_wconf 91' lang='lat' dir='ltr'>sed</span> <span class='ocrx_word' id='word_1_217' title='bbox 950 2930 1039 2988; x_wconf 93' lang='lat' dir='ltr'>modo</span> <span class='ocrx_word' id='word_1_218' title='bbox 1051 2927 1137 3006; x_wconf 88' lang='lat' dir='ltr'>longe</span> <span class='ocrx_word' id='word_1_219' title='bbox 1148 2926 1370 3002; x_wconf 86' lang='lat' dir='ltr'>excellentiore,</span> 
     </span>
     <span class='ocr_line' id='line_1_26' title="bbox 185 3037 1366 3117; baseline 0.001 -18"><span class='ocrx_word' id='word_1_220' title='bbox 185 3054 215 3100; x_wconf 93' lang='lat' dir='ltr'>et</span> <span class='ocrx_word' id='word_1_221' title='bbox 245 3037 297 3115; x_wconf 91' lang='lat' dir='ltr'>qui</span> <span class='ocrx_word' id='word_1_222' title='bbox 327 3057 392 3100; x_wconf 89' lang='lat' dir='ltr'>curn</span> <span class='ocrx_word' id='word_1_223' title='bbox 423 3055 526 3100; x_wconf 83' lang='lat' dir='ltr'>natura</span> <span class='ocrx_word' id='word_1_224' title='bbox 557 3039 662 3100; x_wconf 86' lang='lat' dir='ltr'>mentis</span> <span class='ocrx_word' id='word_1_225' title='bbox 694 3039 806 3114; x_wconf 90' lang='lat' dir='ltr'>optime</span> <span class='ocrx_word' id='word_1_226' title='bbox 839 3040 998 3115; x_wconf 89' lang='lat' dir='ltr'>convenit;</span> <span class='ocrx_word' id='word_1_227' title='bbox 1027 3056 1060 3100; x_wconf 96' lang='lat' dir='ltr'>ut</span> <span class='ocrx_word' id='word_1_228' title='bbox 1083 3039 1297 3117; x_wconf 88' lang='lat' dir='ltr'>unusquisque,</span> <span class='ocrx_word' id='word_1_229' title='bbox 1318 3041 1366 3117; x_wconf 89' lang='lat' dir='ltr'>qui</span> 
     </span>
     <span class='ocr_line' id='line_1_27' title="bbox 186 3151 1368 3232; baseline 0.002 -19"><span class='ocrx_word' id='word_1_230' title='bbox 186 3151 391 3215; x_wconf 88' lang='lat' dir='ltr'>certitudinem</span> <span class='ocrx_word' id='word_1_231' title='bbox 421 3153 586 3215; x_wconf 74' lang='lat' dir='ltr'>intelleous</span> <span class='ocrx_word' id='word_1_232' title='bbox 618 3153 764 3232; x_wconf 87' lang='lat' dir='ltr'>gustavit,</span> <span class='ocrx_word' id='word_1_233' title='bbox 795 3155 873 3230; x_wconf 90' lang='lat' dir='ltr'>apud</span> <span class='ocrx_word' id='word_1_234' title='bbox 901 3153 930 3214; x_wconf 92' lang='lat' dir='ltr'>se</span> <span class='ocrx_word' id='word_1_235' title='bbox 958 3152 1017 3214; x_wconf 88' lang='lat' dir='ltr'>stne</span> <span class='ocrx_word' id='word_1_236' title='bbox 1046 3153 1139 3215; x_wconf 91' lang='lat' dir='ltr'>dubio</span> <span class='ocrx_word' id='word_1_237' title='bbox 1160 3169 1300 3230; x_wconf 81' lang='lat' dir='ltr'>expertus</span> <span class='ocrx_word' id='word_1_238' title='bbox 1321 3155 1368 3216; x_wconf 90' lang='lat' dir='ltr'>est.</span> 
     </span>
     <span class='ocr_line' id='line_1_28' title="bbox 186 3262 1369 3341; baseline 0.003 -19"><span class='ocrx_word' id='word_1_239' title='bbox 186 3265 307 3338; x_wconf 88' lang='lat' dir='ltr'>Verum,</span> <span class='ocrx_word' id='word_1_240' title='bbox 319 3262 457 3340; x_wconf 88' lang='lat' dir='ltr'>quoniam</span> <span class='ocrx_word' id='word_1_241' title='bbox 478 3281 572 3324; x_wconf 88' lang='lat' dir='ltr'>meum</span> <span class='ocrx_word' id='word_1_242' title='bbox 593 3263 757 3325; x_wconf 87' lang='lat' dir='ltr'>institutum</span> <span class='ocrx_word' id='word_1_243' title='bbox 779 3265 925 3341; x_wconf 85' lang='lat' dir='ltr'>praecipue</span> <span class='ocrx_word' id='word_1_244' title='bbox 947 3263 1004 3340; x_wconf 85' lang='lat' dir='ltr'>est,</span> <span class='ocrx_word' id='word_1_245' title='bbox 1026 3266 1061 3325; x_wconf 92' lang='lat' dir='ltr'>de</span> <span class='ocrx_word' id='word_1_246' title='bbox 1083 3264 1119 3325; x_wconf 90' lang='lat' dir='ltr'>iis</span> <span class='ocrx_word' id='word_1_247' title='bbox 1140 3279 1253 3325; x_wconf 89' lang='lat' dir='ltr'>tantum</span> <span class='ocrx_word' id='word_1_248' title='bbox 1273 3265 1369 3341; x_wconf 92' lang='lat' dir='ltr'>loqui,</span> 
     </span>
     <span class='ocr_line' id='line_1_29' title="bbox 186 3371 1369 3453; baseline 0.003 -18"><span class='ocrx_word' id='word_1_249' title='bbox 186 3391 252 3450; x_wconf 88' lang='lat' dir='ltr'>quae</span> <span class='ocrx_word' id='word_1_250' title='bbox 282 3371 371 3434; x_wconf 91' lang='lat' dir='ltr'>solanr</span> <span class='ocrx_word' id='word_1_251' title='bbox 401 3373 579 3450; x_wconf 87' lang='lat' dir='ltr'>Scripturam</span> <span class='ocrx_word' id='word_1_252' title='bbox 611 3375 741 3453; x_wconf 75' lang='lat' dir='ltr'>spectant</span> <span class='ocrx_word' id='word_1_253' title='bbox 749 3422 760 3453; x_wconf 91' lang='lat'>,</span> <span class='ocrx_word' id='word_1_254' title='bbox 790 3377 897 3438; x_wconf 87' lang='lat' dir='ltr'>sufficit</span> <span class='ocrx_word' id='word_1_255' title='bbox 928 3381 964 3440; x_wconf 91' lang='lat' dir='ltr'>de</span> <span class='ocrx_word' id='word_1_256' title='bbox 996 3377 1119 3440; x_wconf 90' lang='lat' dir='ltr'>Lumine</span> <span class='ocrx_word' id='word_1_257' title='bbox 1147 3377 1281 3438; x_wconf 89' lang='lat' dir='ltr'>Naturali</span> <span class='ocrx_word' id='word_1_258' title='bbox 1309 3377 1369 3438; x_wconf 82' lang='lat' dir='ltr'>hec</span> 
     </span>
     <span class='ocr_line' id='line_1_30' title="bbox 185 3483 1368 3567; baseline 0.004 -22"><span class='ocrx_word' id='word_1_259' title='bbox 185 3503 279 3561; x_wconf 88' lang='lat' dir='ltr'>pauca</span> <span class='ocrx_word' id='word_1_260' title='bbox 300 3483 413 3546; x_wconf 75' lang='lat' dir='ltr'>dixisse.</span> <span class='ocrx_word' id='word_1_261' title='bbox 454 3487 551 3567; x_wconf 85' lang='lat' dir='ltr'>Quare</span> <span class='ocrx_word' id='word_1_262' title='bbox 572 3492 608 3549; x_wconf 91' lang='lat' dir='ltr'>ad</span> <span class='ocrx_word' id='word_1_263' title='bbox 629 3487 700 3548; x_wconf 90' lang='lat' dir='ltr'>alias</span> <span class='ocrx_word' id='word_1_264' title='bbox 721 3489 822 3550; x_wconf 89' lang='lat' dir='ltr'>causas</span> <span class='ocrx_word' id='word_1_265' title='bbox 843 3503 873 3550; x_wconf 93' lang='lat' dir='ltr'>et</span> <span class='ocrx_word' id='word_1_266' title='bbox 894 3489 1003 3564; x_wconf 89' lang='lat' dir='ltr'>media,</span> <span class='ocrx_word' id='word_1_267' title='bbox 1032 3488 1140 3566; x_wconf 87' lang='lat' dir='ltr'>quibus</span> <span class='ocrx_word' id='word_1_268' title='bbox 1160 3491 1241 3550; x_wconf 87' lang='lat' dir='ltr'>Deus</span> <span class='ocrx_word' id='word_1_269' title='bbox 1262 3507 1296 3550; x_wconf 90' lang='lat' dir='ltr'>ea</span> <span class='ocrx_word' id='word_1_270' title='bbox 1316 3491 1368 3550; x_wconf 84' lang='lat' dir='ltr'>lto·</span> 
     </span>
     <span class='ocr_line' id='line_1_31' title="bbox 186 3599 1367 3680; baseline 0.002 -20"><span class='ocrx_word' id='word_1_271' title='bbox 186 3599 313 3661; x_wconf 88' lang='lat' dir='ltr'>minibus</span> <span class='ocrx_word' id='word_1_272' title='bbox 333 3599 458 3668; x_wconf 85' lang='lat' dir='ltr'>revelat,</span> <span class='ocrx_word' id='word_1_273' title='bbox 479 3619 544 3676; x_wconf 85' lang='lat' dir='ltr'>quae</span> <span class='ocrx_word' id='word_1_274' title='bbox 563 3600 671 3662; x_wconf 92' lang='lat' dir='ltr'>limites</span> <span class='ocrx_word' id='word_1_275' title='bbox 692 3601 833 3662; x_wconf 86' lang='lat' dir='ltr'>naturalis</span> <span class='ocrx_word' id='word_1_276' title='bbox 854 3601 1035 3680; x_wconf 87' lang='lat' dir='ltr'>cognitionis</span> <span class='ocrx_word' id='word_1_277' title='bbox 1056 3602 1217 3676; x_wconf 89' lang='lat' dir='ltr'>excedunt,</span> <span class='ocrx_word' id='word_1_278' title='bbox 1236 3615 1265 3662; x_wconf 92' lang='lat' dir='ltr'>et</span> <span class='ocrx_word' id='word_1_279' title='bbox 1283 3602 1367 3662; x_wconf 90' lang='lat' dir='ltr'>etiam</span> 
     </span>
     <span class='ocr_line' id='line_1_32' title="bbox 186 3711 1365 3790; baseline 0.001 -18"><span class='ocrx_word' id='word_1_280' title='bbox 186 3731 252 3788; x_wconf 82' lang='lat' dir='ltr'>quae</span> <span class='ocrx_word' id='word_1_281' title='bbox 283 3728 344 3771; x_wconf 91' lang='lat' dir='ltr'>non</span> <span class='ocrx_word' id='word_1_282' title='bbox 375 3712 523 3773; x_wconf 82' lang='lat' dir='ltr'>excedunt</span> <span class='ocrx_word' id='word_1_283' title='bbox 555 3711 641 3790; x_wconf 88' lang='lat' dir='ltr'>(nihil</span> <span class='ocrx_word' id='word_1_284' title='bbox 672 3712 748 3772; x_wconf 89' lang='lat' dir='ltr'>enim</span> <span class='ocrx_word' id='word_1_285' title='bbox 780 3711 920 3789; x_wconf 87' lang='lat' dir='ltr'>impedit,</span> <span class='ocrx_word' id='word_1_286' title='bbox 952 3712 1111 3789; x_wconf 90' lang='lat' dir='ltr'>quominus</span> <span class='ocrx_word' id='word_1_287' title='bbox 1131 3715 1213 3774; x_wconf 88' lang='lat' dir='ltr'>Deus</span> <span class='ocrx_word' id='word_1_288' title='bbox 1235 3733 1268 3774; x_wconf 89' lang='lat' dir='ltr'>ea</span> <span class='ocrx_word' id='word_1_289' title='bbox 1290 3714 1365 3790; x_wconf 89' lang='lat' dir='ltr'>rpsa,</span> 
     </span>
     <span class='ocr_line' id='line_1_33' title="bbox 186 3821 1371 3902; baseline 0.003 -22"><span class='ocrx_word' id='word_1_290' title='bbox 186 3839 251 3896; x_wconf 84' lang='lat' dir='ltr'>quae</span> <span class='ocrx_word' id='word_1_291' title='bbox 280 3838 336 3881; x_wconf 88' lang='lat' dir='ltr'>nos</span> <span class='ocrx_word' id='word_1_292' title='bbox 364 3821 488 3882; x_wconf 89' lang='lat' dir='ltr'>Lumine</span> <span class='ocrx_word' id='word_1_293' title='bbox 517 3823 638 3884; x_wconf 83' lang='lat' dir='ltr'>Naturae</span> <span class='ocrx_word' id='word_1_294' title='bbox 659 3822 879 3902; x_wconf 91' lang='lat' dir='ltr'>cognoscimus,</span> <span class='ocrx_word' id='word_1_295' title='bbox 901 3821 964 3884; x_wconf 92' lang='lat' dir='ltr'>aliis</span> <span class='ocrx_word' id='word_1_296' title='bbox 985 3823 1081 3883; x_wconf 89' lang='lat' dir='ltr'>modis</span> <span class='ocrx_word' id='word_1_297' title='bbox 1101 3821 1269 3884; x_wconf 88' lang='lat' dir='ltr'>hominibus</span> <span class='ocrx_word' id='word_1_298' title='bbox 1290 3831 1371 3883; x_wconf 78' lang='lat' dir='ltr'>com·</span> 
     </span>
     <span class='ocr_line' id='line_1_34' title="bbox 186 3931 923 4014; baseline 0.003 -20"><span class='ocrx_word' id='word_1_299' title='bbox 186 3931 348 4010; x_wconf 91' lang='lat' dir='ltr'>municet),</span> <span class='ocrx_word' id='word_1_300' title='bbox 369 3951 476 4012; x_wconf 90' lang='lat' dir='ltr'>pergo,</span> <span class='ocrx_word' id='word_1_301' title='bbox 498 3951 531 3997; x_wconf 88' lang='lat' dir='ltr'>ut</span> <span class='ocrx_word' id='word_1_302' title='bbox 552 3938 588 3997; x_wconf 88' lang='lat' dir='ltr'>de</span> <span class='ocrx_word' id='word_1_303' title='bbox 609 3935 646 3997; x_wconf 91' lang='lat' dir='ltr'>iis</span> <span class='ocrx_word' id='word_1_304' title='bbox 667 3935 812 4011; x_wconf 87' lang='lat' dir='ltr'>prolixius</span> <span class='ocrx_word' id='word_1_305' title='bbox 833 3953 923 4014; x_wconf 89' lang='lat' dir='ltr'>agam.</span> 
     </span>
    </p>

    <p class='ocr_par' dir='ltr' id='par_1_10' title="bbox 226 4044 1365 4124">
     <span class='ocr_line' id='line_1_35' title="bbox 226 4044 1365 4124; baseline 0.002 -21"><span class='ocrx_word' id='word_1_306' title='bbox 226 4045 334 4104; x_wconf 90' lang='lat' dir='ltr'>Verum</span> <span class='ocrx_word' id='word_1_307' title='bbox 365 4044 440 4104; x_wconf 91' lang='lat' dir='ltr'>enim</span> <span class='ocrx_word' id='word_1_308' title='bbox 472 4065 543 4109; x_wconf 91' lang='lat' dir='ltr'>vero</span> <span class='ocrx_word' id='word_1_309' title='bbox 575 4047 717 4124; x_wconf 90' lang='lat' dir='ltr'>quicquid</span> <span class='ocrx_word' id='word_1_310' title='bbox 747 4051 782 4109; x_wconf 92' lang='lat' dir='ltr'>de</span> <span class='ocrx_word' id='word_1_311' title='bbox 811 4047 846 4108; x_wconf 87' lang='lat' dir='ltr'>iit</span> <span class='ocrx_word' id='word_1_312' title='bbox 868 4047 924 4109; x_wconf 93' lang='lat' dir='ltr'>dici</span> <span class='ocrx_word' id='word_1_313' title='bbox 947 4045 1060 4122; x_wconf 88' lang='lat' dir='ltr'>potest,</span> <span class='ocrx_word' id='word_1_314' title='bbox 1083 4065 1118 4106; x_wconf 89' lang='lat' dir='ltr'>ex</span> <span class='ocrx_word' id='word_1_315' title='bbox 1140 4045 1289 4121; x_wconf 86' lang='lat' dir='ltr'>Scriptura</span> <span class='ocrx_word' id='word_1_316' title='bbox 1310 4045 1365 4107; x_wconf 88' lang='lat' dir='ltr'>sola</span> 
     </span>
    </p>
   </div>
   <div class='ocr_carea' id='block_1_8' title="bbox 221 4293 474 4345">
    <p class='ocr_par' dir='ltr' id='par_1_11' title="bbox 221 4293 474 4345">
     <span class='ocr_line' id='line_1_36' title="bbox 221 4293 474 4345; baseline -0.012 0"><span class='ocrx_word' id='word_1_317' title='bbox 221 4297 233 4324; x_wconf 83' lang='grc'>·</span> <span class='ocrx_word' id='word_1_318' title='bbox 267 4293 310 4345; x_wconf 84' lang='lat' dir='ltr'>Cf.</span> <span class='ocrx_word' id='word_1_319' title='bbox 327 4296 423 4344; x_wconf 82' lang='lat' dir='ltr'>Annot.</span> <span class='ocrx_word' id='word_1_320' title='bbox 440 4295 474 4343; x_wconf 90' lang='lat'>11.</span> 
     </span>
    </p>
   </div>
   <div class='ocr_carea' id='block_1_9' title="bbox 0 0 1476 4900">
    <p class='ocr_par' dir='ltr' id='par_1_12' title="bbox 0 0 1476 4900">
     <span class='ocr_line' id='line_1_37' title="bbox 0 0 1476 4900; baseline 0 0"><span class='ocrx_word' id='word_1_321' title='bbox 0 0 1476 4900; x_wconf 95' lang='lat' dir='ltr'> </span> 
     </span>
    </p>
   </div>
  </div>
 </body>
</html>
