2934 4900
374 310 1042 392 Theologico·l³oliticiCaplll.
1241 332 1297 398 413

111 506 179 547 eum
198 488 480 563 vocanr,.omnibus,
503 493 554 566 qui
573 508 634 549 eunt
655 509 723 550 vere
743 505 855 553 vocant.
876 492 949 553 Item
971 492 1000 553 in
1019 495 1121 554 eodem
1134 492 1205 553 Psal.
1217 494 1259 555 vs.
1270 513 1299 571 9.

117 616 224 678 rampo
244 588 285 673 52
306 588 347 678 Sp
370 616 483 673 nannai
505 590 566 674 52¹)
587 618 665 675 mna
686 620 749 677 210
788 604 933 679 Benignus
954 604 991 683 est
1011 606 1090 665 Deus
1109 605 1251 681 omnibus,
1272 620 1300 666 et

115 715 180 790 ejus
206 716 405 792 msericordias
432 716 501 797 (est)
530 737 602 793 erga
629 724 739 794 omnia,
768 737 830 797 qua
844 719 929 795 fecit.
970 719 1002 778 ln
1025 718 1096 780 Psal.
1118 736 1166 795 33.
1188 720 1230 783 vs.
1255 732 1300 796 15.

116 828 194 887 clare
224 827 348 903 dicitur,
374 830 469 889 Deum
498 829 633 891 omnibus
663 834 787 892 eundem
815 832 992 895 intellestum
1013 831 1137 907 dedisse,
1159 832 1204 893 his
1225 832 1300 893 scili·

115 954 167 999 cet
195 938 307 1013 uerbis,
335 930 400 1012 025
421 958 481 1009 aa*
503 958 602 1015 natta
630 948 681 1020 qul
693 944 809 1019 format
829 946 919 1003 eodem
939 947 1015 1004 modo
1036 964 1131 1004 eorum
1151 964 1218 1021 cor;
1240 945 1300 1005 Cor

116 1054 195 1113 enim
216 1057 252 1114 ab
274 1056 406 1117 Hebraeis
426 1056 507 1118 sedes
528 1059 629 1119 animae
651 1074 681 1119 et
709 1058 873 1120 intellectus
895 1060 1082 1135 credebatur,
1103 1061 1185 1135 quod
1206 1060 1299 1119 omni-

115 1168 174 1227 bus
195 1165 262 1228 satis
284 1167 337 1229 esse
358 1185 462 1229 notum
483 1168 626 1231 existimo.
647 1169 762 1231 Deinde
784 1188 820 1229 ex
842 1188 906 1245 cap.
927 1171 975 1231 28.
998 1170 1038 1233 vs.
1061 1170 1108 1229 28.
1135 1170 1205 1249 Jobi
1227 1188 1298 1229 con-

116 1276 190 1353 stat,
219 1281 314 1341 Deum
345 1281 404 1342 toti
434 1282 562 1343 humano
593 1282 691 1361 generi
721 1281 796 1342 hanc
826 1283 934 1360 Legem
963 1280 1174 1357 praescripfille,
1202 1284 1297 1343 Deum

116 1373 258 1466 revereri,
279 1408 310 1452 et
330 1412 345 1451 a
368 1394 448 1453 malis
469 1393 607 1470 operibus
629 1394 788 1470 abstinere,
809 1393 867 1456 stuc
889 1394 963 1455 bene
986 1412 1084 1473 agere;
1107 1408 1136 1455 et
1157 1393 1224 1456 ideo
1246 1396 1298 1473 Jo-

116 1502 191 1576 bus,
221 1504 355 1579 quamvis
384 1504 518 1583 gentilis,
555 1509 621 1568 Deo
653 1506 782 1567 omnium
814 1504 1022 1583 acceptisnmus
1054 1504 1129 1580 suit,
1160 1504 1298 1581 quoniam

117 1632 221 1673 omnes
250 1616 361 1690 pietate
393 1633 423 1677 et
452 1618 593 1697 religione
624 1618 784 1694 superavit.
815 1618 951 1695 Denique
980 1636 1017 1678 ex
1038 1637 1102 1693 cap.
1124 1638 1153 1696 4.
1175 1616 1247 1679 vers.
1269 1635 1297 1677 2.

114 1727 201 1805 Jonae
222 1728 366 1788 clariffime
388 1729 517 1804 constat,
537 1732 632 1791 Deum
653 1748 713 1791 non
735 1730 827 1791 solum
848 1730 975 1809 Judaeis,
997 1730 1045 1791 sed
1067 1728 1204 1789 omnibus
1225 1746 1296 1803 pro-

114 1838 240 1914 pitium,
277 1840 505 1917 misericordem,
542 1844 754 1922 longanimem,
793 1860 823 1904 et
861 1845 985 1919 amplum
1024 1842 1225 1921 benignitate,
1265 1860 1297 1901 ac

113 1950 309 2025 poenitentem
330 1953 395 2013 mali
417 1952 488 2029 esse;
508 1954 550 2015 ait
571 1954 647 2015 enim
667 1958 775 2036 Jonas,
795 1958 856 2014 ideo
866 1969 954 2017 antea
968 1954 1063 2032 statui
1076 1952 1183 2029 fugere
1200 1950 1297 2013 Thar-

107 2063 195 2137 sum,
216 2067 287 2139 quia
306 2083 442 2124 noveram
463 2066 580 2144 (nempe
602 2087 639 2127 ex
659 2068 758 2131 verbis
780 2067 888 2143 Mosts‚
909 2085 974 2144 quae
996 2066 1141 2126 habentur
1161 2082 1225 2139 cap.
1249 2080 1297 2143 34.

115 2172 160 2235 vs.
170 2176 201 2234 6.
211 2174 335 2255 Exodi),
356 2191 383 2236 te
402 2180 495 2239 Deum
510 2183 687 2257 propitium,
708 2181 917 2257 misericordem
924 2192 995 2255 ,ern
1006 2179 1057 2257 effe
1063 2180 1218 2253 ,adeoque
1229 2194 1298 2254 gen·

114 2284 219 2346 tisibus
248 2286 393 2350 Ninivitis
425 2292 669 2351 condonaturum.
711 2290 922 2352 Concludintus
950 2308 1019 2369 ergo
1047 2287 1299 2368 (quandoquidem

113 2400 199 2461 Deus
237 2400 373 2464 omnibus
408 2422 491 2480 aeque
528 2404 676 2480 propitius
714 2404 772 2480 est,
803 2420 832 2465 et
864 2402 981 2464 Hebraei
1012 2420 1071 2464 non
1102 2400 1153 2462 nist
1184 2400 1298 2462 ratione

113 2510 267 2572 societatis
293 2529 323 2574 et
350 2514 463 2590 imperii
492 2535 508 2576 a
535 2518 602 2577 Deo
631 2517 714 2578 elesli
736 2517 886 2596 fuerunt),
907 2533 1144 2592 unumquemque
1164 2515 1298 2594 Judaeum

113 2637 199 2682 extra
220 2623 390 2685 societatem
412 2641 441 2686 et
463 2627 613 2703 imperium
634 2627 725 2688 solum
747 2627 958 2689 consideratum
980 2628 1088 2688 nullum
1110 2625 1166 2687 Dei
1188 2627 1297 2686 donum

113 2734 201 2809 supra
221 2736 296 2796 ahos
317 2737 439 2813 habere,
460 2758 514 2799 nec
535 2741 625 2800 ullum
646 2740 796 2801 discrimen
819 2739 1006 2814 interipsum
1028 2754 1059 2799 et
1079 2736 1215 2816 gentilem
1235 2735 1298 2796 esse.

117 2845 194 2906 Cum
221 2847 321 2925 itaque
349 2869 447 2912 verum
468 2849 519 2925 stt,
541 2855 622 2927 quod
649 2853 731 2912 Deus
752 2851 887 2912 omnibus
909 2869 991 2927 aeque
1012 2849 1172 2928 benignus,
1193 2848 1299 2909 miseri-

117 2977 205 3036 cors,
226 2975 283 3021 etc.
304 2961 356 3038 stt,
387 2978 417 3023 et
447 2964 601 3040 Prophetae
634 2964 762 3025 officium
793 2983 853 3024 non
885 2979 942 3022 tant
974 2962 1062 3023 fuerit
1089 2963 1168 3040 leges
1198 2959 1299 3037 patriae

117 3071 280 3146 peculiares
308 3093 394 3150 quam
416 3093 512 3137 veram
539 3075 678 3138 virtutem
699 3078 822 3149 doecre,
843 3074 1031 3152 hominesque
1053 3075 1089 3134 de
1111 3091 1144 3132 ea
1166 3089 1299 3147 monere3

116 3201 179 3243 non
200 3185 320 3246 dubium
342 3187 400 3261 est,
420 3188 491 3264 quin
513 3207 614 3249 omnes
635 3188 771 3249 nationes
791 3189 954 3264 Prophetas
974 3187 1146 3260 habuerint,
1167 3202 1197 3246 et
1219 3187 1300 3262 quod

118 3298 229 3357 donum
251 3299 455 3374 propheticum
476 3302 587 3381 Judaeis
608 3302 754 3378 peculiare
775 3321 835 3362 non
857 3300 954 3366 fucrit.
983 3301 1072 3382 Quod
1094 3317 1192 3361 revera
1214 3298 1300 3359 etiam

118 3423 178 3468 tarn
209 3411 340 3486 profanae
372 3431 457 3488 quam
491 3412 575 3474 sacrae
606 3413 731 3475 historiae
763 3414 919 3489 testantur3
952 3427 981 3473 et
1004 3412 1137 3490 quamuis
1158 3430 1194 3471 ex
1216 3409 1302 3470 sacris

118 3518 247 3581 historiis
268 3523 385 3584 Veteris
407 3524 586 3586 Testamenti
608 3545 668 3587 non
690 3527 819 3603 constet,
842 3528 911 3588 alias
933 3527 1069 3588 nationes
1081 3541 1128 3587 tot
1138 3525 1300 3601 Prophetas

120 3652 153 3693 ac
175 3635 317 3696 Hebraeos
337 3635 482 3713 habuisse,
504 3637 563 3698 imo
585 3641 694 3700 nullum
716 3639 889 3716 prophetam
911 3639 1047 3718 gentilem
1069 3637 1301 3698 aDeonationi·

118 3747 175 3805 bus
196 3745 325 3822 expresse
352 3748 481 3826 missum,
509 3749 539 3810 id
569 3750 640 3811 nihil
667 3752 773 3826 refert,
795 3770 859 3812 nant
882 3749 998 3812 llebraei
1020 3769 1065 3810 res
1086 3750 1151 3810 suas
1172 3763 1301 3822 tantum,

118 3875 179 3918 non
211 3875 309 3921 autem
341 3859 460 3922 aliatum
492 3863 623 3940 gentium
655 3863 777 3924 scribere
809 3878 994 3926 curaverunt.
1035 3861 1149 3923 Sufficit
1180 3860 1301 3936 itaque,

119 3975 201 4046 quod
230 3972 258 4032 in
284 3974 393 4034 Vetere
422 3975 611 4036 Testamento
639 3977 833 4052 reperiamus,
859 3975 991 4036 homines
1019 3973 1142 4054 gentiles
1164 3989 1193 4033 et
1214 3970 1300 4032 incir-

119 4083 279 4159 cumcisos,
308 4100 341 4145 ut
362 4087 485 4162 Noach,
511 4088 670 4163 Chanoch,
692 4088 880 4164 Abimelech,
901 4087 1028 4161 Bilharn,
1050 4103 1120 4162 etc.,
1141 4084 1300 4162 prophetu-

119 4193 204 4270 viisc;
226 4197 350 4272 deinde,
368 4201 510 4260 llebraeos
528 4201 691 4276 Prophetas
713 4219 773 4261 non
794 4216 908 4262 tanturn
930 4201 1004 4275 sure,
1026 4199 1074 4260 sed
1096 4199 1183 4260 etiam
1204 4195 1302 4256 multis

119 4306 183 4367 aliis
204 4309 375 4370 nationibus
396 4330 411 4370 a
434 4313 499 4371 Deo
521 4311 617 4374 missos
638 4313 739 4374 fuisse.
761 4313 899 4373 Ezechisl
920 4312 996 4373 enim
1018 4309 1301 4388 omnibusgentibus
