2934 4900
310 330 809 414 Theologico·l²olitici
838 331 913 410 Cap.
933 335 1018 396 VIII.
1199 333 1255 414 481

71 515 130 574 late
159 513 222 574 haec
251 511 421 590 praeiudicia
440 511 592 573 hominum
613 525 726 572 mentes
747 524 980 585 occupaverunt.
1021 509 1125 572 Enitar
1144 525 1259 587 tamen,

70 642 190 701 remque
211 623 338 700 experiri
358 641 418 686 non
441 621 581 702 definpm,
603 622 842 700 quandoquidem
863 621 936 683 nihil
956 622 1012 698 cll,
1033 639 1085 684 cur
1105 623 1142 685 de
1162 623 1259 684 haere

71 737 190 813 prorsus
209 737 245 798 lit
265 737 483 814 desperandum.

113 849 159 909 Ut
178 866 212 908 ea
234 862 331 910 autem
349 845 450 908 ordine
471 845 636 921 ostendam,
656 863 672 906 a
694 843 873 922 praejudiciis
893 847 970 909 circa
993 864 1081 910 veros
1092 847 1260 926 Scriptores

69 960 224 1021 Sacrorum
255 959 410 1021 Iribrorum
438 957 590 1035 incipiam;
625 972 655 1018 et
686 959 780 1034 primo
811 959 848 1019 de
879 958 1020 1035 scriptore
1047 959 1260 1036 Pentateuchi3

71 1088 160 1147 quem
190 1071 251 1132 sere
283 1089 384 1132 omnes
414 1070 520 1132 Mosen
550 1069 606 1130 esse
637 1069 841 1145 crediderunt,
872 1069 932 1130 imo
963 1073 1038 1133 adeo
1069 1071 1260 1148 pertinaciter

71 1183 267 1244 defenderunt
295 1180 446 1258 Pharisaei,
473 1197 508 1243 ut
528 1199 593 1243 eum
621 1180 791 1243 haereticum
810 1180 986 1260 habuerint,
1004 1183 1056 1260 qui
1078 1183 1158 1246 aliud
1180 1183 1260 1246 visus

70 1295 114 1355 est
133 1294 249 1356 sentire.
279 1294 318 1354 Et
338 1294 393 1356 hac
414 1297 450 1356 de
471 1293 556 1355 causa
583 1293 670 1354 Aben
691 1294 806 1370 Hezra,
836 1293 981 1356 liberioris
1002 1294 1113 1374 ingenii
1135 1294 1207 1372 Vir,
1228 1311 1259 1356 et

71 1423 134 1468 non
166 1405 320 1469 mediocris
350 1406 543 1482 eruditionis,
573 1421 604 1466 et
636 1405 687 1482 qui
708 1404 819 1482 primus
840 1403 989 1481 omnium,
1010 1423 1088 1483 quos
1107 1407 1181 1486 legi,
1200 1406 1259 1468 hoc

71 1519 274 1598 prejudicium
294 1519 517 1596 animadvertit,
545 1539 604 1582 non
627 1519 714 1582 ausus
735 1519 776 1580 est
797 1535 923 1582 mentem
944 1520 1023 1582 suam
1044 1537 1145 1598 aperte
1166 1522 1259 1598 expli·

71 1652 154 1709 care,
186 1634 235 1695 sed
264 1651 323 1694 rem
355 1631 573 1694 obscurioribus
605 1631 702 1696 verbis
734 1647 849 1695 tantum
881 1633 1026 1709 indicare;
1047 1651 1113 1711 quae
1133 1651 1190 1712 ego
1210 1632 1259 1693 hic

71 1745 193 1808 clariora
230 1747 349 1808 reddere
380 1762 441 1806 non
473 1745 613 1818 verebor,
644 1763 762 1822 remque
794 1745 884 1823 ipsam
916 1745 1069 1809 evidenter
1099 1746 1259 1807 ostendere.

71 1859 172 1920 Verba
193 1858 293 1935 itaque
314 1859 400 1920 Aben
421 1859 543 1934 Hezrae,
564 1875 630 1935 quae
651 1856 796 1919 habentur
816 1857 846 1918 in
869 1857 928 1918 suis
947 1857 1163 1919 commentariis
1174 1857 1260 1933 supra

71 1969 338 2032 Deuteronomium
359 1972 384 2047 *,
404 1970 467 2030 haec
492 1969 568 2030 sunt.
590 1983 700 2043 niumm
720 1986 785 2043 'tto
807 1985 877 2059 mn
900 1985 964 2045 utet
989 1987 1032 2044 ill
1054 1986 1149 2060 mn
1169 1985 1259 2048 'im

71 2103 140 2160 t'llr'i
168 2105 208 2160 nl
238 2102 322 2160 lltt'n
352 2099 430 2159 llll*
460 2101 530 2159 ἾΠἎ
558 2101 650 2182 y'llll
678 2102 716 2160 nc
738 2101 868 2165 ‘lllnlll
890 2103 970 2162 nmo
992 2101 1101 2161 mii
1122 2102 1161 2161 m
1183 2103 1258 2165 'ivl

70 2217 171 2276 sinisii
194 2218 274 2277 'lim
295 2190 372 2276 ΒΗ)
392 2219 467 2281 ΦἾν
490 2217 578 2282 Imp
625 2203 715 2264 Ultra
739 2202 908 2280 Iordanem,
927 2219 994 2280 ete,
1013 2205 1091 2263 modo
1110 2203 1259 2278 Intelligere

70 2319 234 2396 mysterium
270 2321 427 2396 duodecim,
463 2323 551 2380 etlam
589 2332 618 2379 et
647 2318 770 2398 scripfit
800 2320 900 2396 Moses
929 2320 1033 2395 legem,
1063 2332 1091 2378 ct
1122 2315 1257 2380 Kenallo·

71 2436 140 2493 nita
160 2445 228 2493 trano
256 2445 323 2493 erat
342 2436 374 2493 ln
395 2445 495 2509 terra,
525 2435 558 2491 ln
583 2430 642 2492 Del
668 2445 758 2493 monte
785 2431 980 2508 revelabitur,
1010 2445 1070 2491 tum
1096 2435 1183 2492 etlam
1202 2452 1260 2491 cece

72 2542 174 2602 lelium
214 2545 301 2621 suum
346 2544 445 2603 lelium
489 2542 643 2621 ferreum,
689 2557 750 2604 tum
795 2545 940 2621 cognosces
986 2548 1151 2605 veritatem.
1202 2544 1258 2604 His

73 2670 174 2717 autem
195 2656 296 2731 paucis
316 2656 426 2719 indicat
455 2654 593 2732 smulque
615 2654 759 2731 ostendit,
780 2674 841 2717 non
863 2654 946 2717 fuisse
965 2655 1090 2731 Mosen,
1111 2654 1163 2733 qui
1183 2654 1258 2716 Pen-

71 2767 236 2831 tateuchon
267 2767 393 2844 scripit,
423 2767 473 2829 sed
503 2767 590 2829 allum
621 2767 804 2844 quempiam,
834 2767 887 2844 qui
916 2768 1004 2846 longe
1025 2764 1207 2843 posivitum,
1227 2779 1258 2825 et

72 2876 215 2955 denique,
246 2896 331 2957 quem
363 2880 464 2941 Moses
494 2878 604 2956 scripfit
633 2879 757 2956 librum,
788 2878 875 2940 alium
902 2876 995 2939 fuisse.
1036 2878 1085 2939 nd
1112 2875 1191 2951 haec,
1211 2874 1256 2936 In·

73 3008 179 3067 quam,
217 2990 442 3068 ostendendum,
479 3006 565 3053 notat
602 2992 626 3052 1.
658 2990 748 3067 ipsam
779 2988 1004 3053 Deuteronomii
1035 2988 1257 3065 prefationem,

72 3120 141 3179 quae
163 3122 179 3164 a
199 3104 301 3181 Mose,
323 3102 374 3183 qui
394 3106 550 3185 Jordanem
571 3121 632 3165 non
653 3102 806 3179 transivit,
827 3102 912 3163 scribi
934 3118 994 3162 non
1016 3099 1128 3176 potuit.
1159 3102 1256 3160 Notat

72 3214 131 3289 11.,
152 3216 235 3291 quod
255 3229 340 3277 totus
359 3215 433 3276 libet
453 3215 547 3277 Mosrs
569 3215 732 3292 descriptus
753 3214 842 3277 suerit
863 3215 1019 3276 admodum
1036 3212 1142 3274 diserte
1152 3210 1184 3273 in
1194 3210 1258 3271 solo

72 3324 188 3387 ambitu
209 3326 297 3389 unius
318 3344 372 3388 arae
402 3327 485 3405 (vide
506 3328 627 3390 Deuter.
649 3346 713 3403 cap.
738 3343 786 3403 27.
808 3340 840 3387 et
859 3323 956 3407 Josuae
977 3342 1043 3401 cap.
1064 3324 1092 3383 8.
1113 3322 1187 3387 vers.
1209 3338 1257 3399 37.

73 3438 170 3517 etc),
200 3456 265 3516 quae
296 3458 333 3500 ex
365 3440 568 3502 Rabbinotum
606 3440 749 3501 relatione
780 3436 937 3500 duodecim
966 3452 1081 3497 tantum
1110 3434 1259 3511 lapidibus

72 3548 243 3625 constabat;
266 3568 303 3611 ex
324 3568 386 3627 quo
406 3550 554 3628 sequitur,
580 3551 684 3639 librum
706 3549 799 3611 Molis
818 3552 906 3631 longe
927 3548 1048 3611 minoris
1068 3547 1153 3610 fuisse
1174 3548 1258 3609 molis

72 3678 162 3737 quam
193 3661 425 3725 Pentateuchon.
467 3666 550 3741 Hoc,
573 3663 708 3740 inquam,
730 3677 807 3739 puto
828 3662 981 3724 authorem
1002 3661 1081 3723 hunc
1100 3660 1257 3740 significare

34 3840 38 3845 ,
73 3770 198 3834 voluisse
226 3790 279 3849 per
306 3775 465 3852 mysterium
492 3777 647 3849 duodecim·
676 3774 728 3835 nifi
750 3776 828 3837 sorte
849 3774 996 3835 intellexit
1017 3773 1172 3835 duodecim
1194 3772 1258 3834 illas

72 3884 311 3961 maledictiones,
339 3906 404 3963 quae
433 3888 462 3949 in
491 3888 631 3964 ptaedislo
658 3906 722 3964 cap.
744 3890 835 3951 Deut.
855 3888 1017 3965 habentur,
1048 3906 1121 3965 quas
1142 3886 1257 3949 sortasse

73 3995 199 4057 credidit
227 4014 287 4059 non
316 3997 398 4059 fuisse
426 3999 456 4059 in
485 4000 560 4062 libro
581 4000 654 4079 legis
675 4000 851 4078 descriptas,
871 4000 962 4079 idque
983 4016 1156 4077 propterea,
1176 4004 1258 4078 quod

72 4108 176 4169 Moses
197 4125 302 4186 praeter
322 4111 547 4189 descriptionem
568 4114 640 4192 legis
661 4114 784 4177 Leuitas
805 4113 922 4191 Insuper
941 4113 1064 4176 recitare
1088 4113 1151 4175 illas
1172 4116 1257 4175 male-

109 4326 121 4356 ⁸
157 4326 221 4390 Cap.
241 4342 261 4378 r.
280 4324 317 4379 vs.
335 4340 359 4391 5.

1126 4412 1157 4462 31
