2934 4900
407 305 546 380 Caput
577 302 614 363 X.
654 304 701 363 De
721 298 921 362 Aristocratia.
1199 303 1254 378 361

66 483 117 543 sed
139 484 223 543 malis
244 484 449 543 tantummodo
471 479 620 540 formidini
641 478 698 538 esse
720 492 852 554 queunt,
877 492 907 537 et
928 495 1027 539 revera
1048 492 1142 538 erunt.
1163 479 1257 551 Naar,

67 610 101 654 ut
132 596 171 654 ad
200 594 303 654 scelera
331 594 495 672 peragenda
516 590 691 665 debiliores,
712 590 754 650 ita
775 593 810 651 ad
833 589 969 649 malitiam
992 591 1179 650 codrcendanr
1201 606 1256 663 po·

68 705 214 767 tentiores
242 706 319 767 sunt.
358 707 453 780 Nam,
481 720 673 780 praeterquam
700 704 783 779 quod
816 700 968 777 principiis
997 701 1108 761 obstare
1139 698 1257 777 possunt

70 817 155 894 (quia
184 817 349 879 Concilium
379 832 517 878 aeternum
547 816 619 894 cst),
648 814 715 875 sunt
743 829 883 891 praterea
905 830 1025 875 numero
1047 813 1115 873 satis
1136 832 1258 891 magno,

68 944 102 987 ut
123 928 186 988 stne
206 928 325 990 invidiae
347 928 450 989 timore
473 943 626 1005 potentem
650 946 739 988 unum
762 942 812 987 aut
834 928 955 987 alterum
977 926 1111 987 accusare
1128 941 1158 986 et
1178 929 1257 987 clarn-

68 1058 137 1099 nare
159 1043 303 1116 audeant;
323 1040 481 1116 praesertim
503 1040 573 1116 quia
596 1039 729 1118 suffragia
751 1038 870 1099 calculis
891 1039 1040 1113 feruntur,
1062 1052 1093 1098 et
1115 1037 1258 1099 sententia

68 1151 190 1212 nomine
210 1152 306 1213 totius
328 1151 456 1213 Concilii
478 1151 703 1227 pronunciatur.

90 1264 135 1345 ,§.
157 1265 211 1325 lll.
251 1266 295 1325 At
316 1267 420 1326 Romae
442 1263 536 1340 plebis
557 1263 684 1325 Tribuni
704 1263 840 1339 perpetui
861 1262 948 1323 etiam
969 1278 1068 1338 erant3
1083 1280 1187 1324 uerum
1205 1263 1257 1323 im·

64 1394 171 1451 pares,
198 1391 232 1436 ut
258 1376 410 1451 Scipionis
436 1376 560 1452 alicujus
588 1374 753 1450 potentiam
782 1388 962 1451 premerent;
990 1388 1020 1433 et
1049 1389 1188 1450 praeterea
1211 1373 1259 1449 id,

66 1490 151 1563 quod
180 1486 302 1547 salutare
330 1486 385 1547 csse
409 1486 600 1563 judicabant,
632 1489 667 1547 ad
688 1486 782 1563 ipsum
803 1488 941 1547 Senatum
963 1486 1074 1547 deferre
1096 1486 1260 1559 debebant,

68 1618 83 1657 a
106 1618 170 1675 quo
193 1600 281 1659 etiam
302 1599 378 1675 saepe
400 1601 614 1675 eludebantur,
634 1597 791 1659 efficiendo
812 1596 941 1673 scilicet,
962 1612 996 1658 ut
1017 1598 1101 1673 plebs
1122 1596 1148 1657 ei
1170 1596 1259 1674 magis

69 1713 204 1786 faveret,
236 1730 323 1788 quem
354 1711 406 1787 ipsr
438 1713 595 1771 Senatores
626 1710 721 1771 minus
753 1710 905 1770 timebant.
946 1710 995 1771 Ad
1020 1712 1101 1785 quod
1129 1708 1260 1781 accedit,

68 1828 151 1899 quod
173 1824 374 1886 Tribunorom
403 1839 506 1885 contra
535 1822 680 1884 Patricios
700 1822 859 1883 austoriras
881 1822 975 1899 plebis
997 1823 1098 1883 favore
1120 1822 1257 1881 defende-

69 1952 165 2012 retur,
197 1951 227 1996 et
259 1936 496 2013 quotiescunque
528 1936 580 2012 ipsr
610 1936 723 2011 plebem
755 1936 921 2008 vocabant,
953 1932 1126 1993 seditionem
1157 1930 1258 2007 potius

70 2068 192 2110 movere
224 2067 310 2125 quam
341 2048 507 2110 Concilium
539 2066 704 2110 convocare
737 2046 916 2109 viderentur.
957 2048 1031 2128 Quae
1058 2044 1126 2105 sane
1147 2044 1258 2104 incom-

70 2166 157 2223 moda
179 2161 210 2222 in
231 2161 368 2238 imperio,
390 2164 472 2237 quod
492 2161 522 2221 in
544 2164 688 2236 praecedd.
711 2161 801 2222 duob.
823 2159 1256 2235 Capp.descrips1mus,locum

69 2292 128 2335 non
149 2276 271 2335 habent.

108 2386 135 2465 §.
157 2388 211 2447 lV.
253 2389 362 2449 Verum
392 2385 473 2458 enim,
497 2402 568 2447 vero
592 2385 654 2445 haec
675 2383 870 2464 Syndicorum
892 2382 1050 2445 auctoritas
1070 2382 1128 2441 hoc
1148 2379 1259 2441 solum·

70 2503 160 2560 modo
190 2499 321 2574 praestare
350 2498 477 2574 poterit,
506 2513 539 2558 ut
568 2496 680 2572 imperii
701 2498 792 2556 forma
814 2496 960 2570 servetur;
982 2511 1070 2572 atque
1093 2497 1168 2556 adeo
1189 2513 1258 2570 pro-

69 2607 186 2685 hibere,
216 2629 253 2670 ne
284 2610 363 2688 leges
393 2609 604 2688 infringantur,
635 2625 666 2668 et
699 2627 736 2669 ne
766 2608 902 2684 cuiquam
932 2625 997 2667 cum
1025 2608 1107 2666 lucro
1136 2623 1258 2682 peccare

70 2721 174 2798 liceat;
196 2722 245 2784 sed
265 2741 449 2799 nequaquam
477 2721 591 2782 efficere
612 2721 741 2798 poterit,
762 2739 798 2782 ne
821 2719 912 2794 vitia,
932 2737 998 2795 quae
1020 2720 1083 2798 lege
1104 2717 1255 2794 prohiberi

72 2849 239 2910 nequeunt,
267 2833 406 2913 gliscunt,
435 2849 468 2894 ut
497 2833 562 2893 sunt
592 2832 655 2906 illa,
684 2831 713 2892 in
746 2850 811 2908 quae
832 2830 966 2891 homines
988 2830 1054 2890 otio
1075 2831 1261 2890 abundantes

73 2943 224 3020 incidunt,
253 2962 284 3007 et
311 2965 348 3006 ex
376 2945 485 3023 quibus
514 2944 626 3021 imperii
653 2945 735 3006 meina
765 2963 825 3004 non
852 2961 916 3003 raro
937 2942 1076 3019 sequitur.
1118 2940 1260 3001 Homines

74 3056 166 3134 enim,
188 3059 218 3120 in
240 3076 311 3134 pace
340 3058 476 3134 deposrto
497 3074 594 3132 metu,
616 3057 755 3133 paularim
777 3075 813 3116 ex
836 3056 984 3117 ferocibus
1006 3053 1134 3114 barbaris
1156 3052 1257 3114 civiles

77 3169 124 3230 seu
143 3171 281 3246 humani,
308 3186 338 3230 et
360 3190 398 3230 ex
419 3171 552 3239 humanis
581 3172 683 3230 molles
705 3186 735 3230 et
756 3168 864 3229 inertes
892 3169 983 3242 fiunt,
1004 3185 1058 3227 aec
1081 3165 1153 3227 alius
1174 3165 1260 3226 alium

77 3282 201 3358 virtute,
221 3282 271 3344 sed
293 3283 367 3343 fastu
392 3298 422 3343 et
443 3284 516 3343 luxu
537 3283 677 3342 excellere
697 3281 808 3355 studet3
837 3281 915 3340 urrde
937 3278 1048 3355 patrios
1069 3295 1163 3338 mores
1185 3277 1262 3336 fasti-

78 3392 152 3470 dire,
174 3394 286 3454 alienos
308 3393 446 3469 induere,
467 3394 525 3453 boc
547 3392 588 3453 est
607 3393 730 3469 servire,
753 3392 908 3467 incipiunt.

115 3505 142 3584 §.
164 3508 202 3566 V.
238 3508 287 3566 Ad
307 3506 369 3566 hac
390 3506 463 3564 mala
482 3504 634 3566 vitandum
656 3503 740 3564 multi
763 3503 862 3564 conati
883 3502 950 3564 sunt
971 3504 1050 3582 leges
1071 3501 1263 3578 sumptuarias

78 3623 218 3694 condere;
239 3618 290 3680 sed
310 3617 421 3680 frustra.
462 3619 538 3677 Nam
560 3616 657 3677 omnia
674 3615 758 3692 jura,
781 3633 846 3692 quae
869 3614 977 3692 absque
1000 3617 1057 3676 ulla
1078 3614 1197 3674 alterius
1218 3614 1262 3675 in-

76 3724 148 3799 juria
177 3731 281 3793 violari
308 3727 443 3806 possunt,
472 3727 602 3790 ludibrio
623 3728 786 3803 habentur;
809 3742 838 3788 et
861 3743 975 3788 tantum
996 3727 1091 3798 abest,
1114 3743 1148 3788 ut
1168 3727 1263 3788 homi-

80 3857 144 3902 num
166 3842 346 3918 cupiditates
368 3857 398 3902 et
419 3840 569 3902 libidinem
593 3841 725 3915 frenent,
748 3839 819 3916 quin
841 3857 945 3901 contra
966 3839 1077 3902 easdem
1100 3839 1263 3900 intendant:

81 3967 141 4014 naar
171 3953 291 4015 nitimur
318 3954 348 4014 in
377 3953 502 4015 vetitum
533 3952 663 4028 semper,
684 3951 874 4028 cupimusque
897 3969 1009 4032 negata.
1051 3955 1115 4012 Nec
1137 3971 1263 4029 unquam

82 4060 246 4127 hominibus
268 4064 369 4126 otiosrs
389 4064 536 4143 ingenium
558 4064 637 4125 deest
659 4068 695 4125 ad
717 4066 860 4126 eludenda
880 4062 964 4140 jura,
985 4083 1050 4140 quae
1073 4062 1265 4126 instituuntur

82 4174 237 4252 derebus,
258 4196 323 4253 quae
345 4176 478 4237 absolute
498 4175 646 4251 prohiberi
668 4191 820 4252 nequeunt
828 4219 838 4252 ,
863 4191 897 4236 ut
920 4175 986 4236 stant
1008 4174 1165 4248 convivia,
1185 4173 1265 4250 ludi,

85 4291 218 4365 ornatis,
239 4304 268 4349 et
290 4289 345 4348 alia
366 4286 550 4364 hujusmodi,
571 4305 697 4364 quorum
726 4289 932 4350 tantummodo
954 4287 1083 4348 excelsus
1105 4288 1213 4364 malus,
1234 4304 1264 4348 et
