2934 4900
180 338 219 398 42
607 316 790 379 Ethicer
820 318 888 379 Pars
910 321 933 380 1.

563 489 893 551 PROPOSITIO
924 492 977 550 VI.

225 604 292 663 Una
303 601 470 681 substantia
489 623 543 663 ooo
559 602 648 682 potest
663 604 789 681 produci
806 602 846 662 ab
866 604 931 662 alia
942 603 1119 682 substantia.

576 764 972 809 oruonsrnurro

221 858 253 918 In
274 876 366 918 return
388 873 489 919 natura
511 876 570 919 nou
592 857 710 934 podunt
730 857 791 918 dari
813 860 878 919 duae
896 857 1061 919 substantioe
1079 858 1207 935 ejusdem
1225 858 1369 920 attributi

181 967 251 1049 (per
277 971 365 1049 Prop.
389 972 544 1050 praed),
570 971 628 1031 hoc
656 970 697 1031 est
725 968 798 1049 (per
825 971 914 1049 Prop.
936 972 979 1050 2.)
986 1015 996 1046 ,
1017 990 1083 1047 quae
1105 970 1215 1049 aliquid
1237 971 1315 1033 Inter
1336 971 1371 1031 se

181 1100 333 1143 commune
361 1082 478 1143 habent.
518 1082 664 1159 Adeoque
693 1081 765 1161 (per
797 1083 886 1160 Prop.
908 1082 951 1161 3.)
981 1101 1038 1144 una
1064 1081 1183 1144 alterius
1204 1082 1289 1144 causa
1309 1082 1371 1143 erse

183 1194 301 1272 nequit,
320 1194 379 1258 five
401 1213 457 1257 uun
479 1198 514 1255 ab
537 1196 592 1256 alta
614 1214 673 1257 non
696 1194 794 1271 potest
813 1194 947 1271 produci.
971 1197 1005 1273 Q.
1026 1196 1063 1255 E.
1084 1196 1124 1256 D.

595 1355 957 1402 conorountunt.

223 1450 300 1510 Hinc
328 1450 473 1527 sequitur,
500 1451 685 1513 substantiam
714 1454 750 1511 ab
778 1450 835 1517 alio
864 1450 989 1527 produci
1019 1469 1079 1511 non
1109 1449 1198 1527 posse.
1238 1451 1314 1511 Nam
1335 1450 1371 1510 in

182 1578 274 1621 rerunt
295 1576 397 1623 natura
426 1561 497 1622 nihil
518 1565 604 1624 datur
625 1578 730 1639 praeter
749 1561 924 1625 substantias
946 1582 1103 1640 earumque
1123 1562 1311 1638 affeuiones,
1332 1578 1373 1623 ut

183 1688 265 1749 patet
293 1692 329 1734 ex
358 1673 472 1734 Axium.
504 1690 528 1734 1.
557 1688 585 1735 et
613 1675 707 1753 Defio.
738 1694 767 1752 3.
787 1690 816 1735 er
836 1688 865 1750 5.
906 1676 1001 1752 Atqui
1023 1695 1040 1735 a
1060 1676 1218 1737 substantIa
1238 1677 1368 1753 produci

184 1804 244 1847 non
276 1786 373 1862 potest
405 1786 475 1866 (per
502 1788 624 1866 proeed.
646 1787 761 1867 Pup).
802 1788 881 1866 Ergo
910 1786 1068 1849 substantia
1096 1788 1229 1851 absolute
1249 1791 1286 1849 ab
1307 1788 1370 1851 ali0

184 1897 308 1973 produci
329 1917 388 1959 non
410 1899 516 1977 potest.
539 1901 573 1977 Q.
595 1900 632 1959 E.
653 1899 693 1959 D.

702 2042 733 2103 A
740 2045 754 2102 l
760 2046 774 2102 ι’
783 2057 820 2103 te
830 2062 857 2105 r.

225 2154 444 2217 Demonstratur
471 2157 529 2217 hoc
557 2156 644 2217 etiarn
671 2156 785 2217 facilius
807 2174 844 2216 ex
866 2156 990 2218 absurdo
1011 2158 1250 2220 contradictorio.
1290 2161 1370 2220 Nam

186 2266 206 2325 st
228 2265 384 2328 substantia
412 2270 448 2327 ab
477 2268 534 2328 alio
560 2268 654 2345 poIIet
674 2268 817 2344 produci,
837 2268 901 2345 ejus
922 2268 1057 2347 cognitio
1079 2289 1095 2329 a
1116 2268 1289 2349 cognitione
1310 2270 1371 2329 Iuae

188 2380 279 2440 cnusae
300 2382 419 2441 deberet
441 2384 567 2458 pendere
589 2381 660 2461 (per
671 2379 785 2441 Axium.
807 2383 867 2462 4);
889 2384 1024 2459 adeoque
1046 2382 1118 2462 (per
1136 2383 1231 2462 Defio.
1244 2384 1286 2462 3.)
1308 2400 1371 2442 non

188 2492 256 2554 esset
277 2493 442 2556 substantia.

563 2607 890 2668 PROPOSITIO
923 2607 990 2667 Vll.

229 2717 434 2780 Aetnaeorum
449 2719 620 2797 substantio
637 2723 767 2798 pertinet
786 2719 914 2797 existere.

586 2876 979 2920 oeuousrnunto

228 2970 392 3032 Substantia
412 2989 472 3032 non
494 2970 590 3048 potest
611 2969 735 3046 produci
757 2973 792 3030 ab
815 2970 873 3031 aIIo
896 2969 967 3049 (per
989 2971 1091 3030 Coreli.
1112 2971 1201 3049 Prop.
1214 2969 1372 3048 preced.);

189 3083 243 3144 erit
271 3082 370 3159 itaque
403 3083 488 3144 causa
509 3082 570 3158 sui,
589 3082 620 3144 id
641 3082 681 3142 est
703 3082 774 3161 (per
793 3082 888 3160 Defio.
912 3082 953 3160 1.)
960 3127 969 3158 ,
991 3080 1079 3157 ipfius
1101 3080 1220 3142 edentia
1241 3081 1375 3142 Involvit

189 3193 345 3256 neceIIano
367 3194 564 3270 existentiam,
584 3194 643 3256 slve
662 3197 697 3256 ad
716 3193 780 3270 ejus
797 3209 929 3254 naturum
945 3192 1075 3269 pertinet
1094 3192 1224 3254 existere.
1237 3195 1270 3272 Q.
1282 3195 1320 3254 E.
1330 3194 1374 3253 D.

560 3352 887 3413 PROPOSITIO
919 3353 1001 3412 VIII.

232 3469 329 3527 Omnis
341 3466 508 3544 substantia
528 3465 566 3542 est
586 3464 736 3542 neceffario
752 3463 879 3544 infinita.

588 3631 979 3676 ouuousrnnnto

230 3729 394 3792 Substantia
415 3728 503 3790 unius
525 3725 659 3788 attributi
680 3745 742 3788 non
763 3725 815 3786 nist
836 3725 922 3786 unica
943 3723 1041 3785 existit
1062 3723 1133 3804 (per
1154 3725 1242 3804 Prop.
1264 3725 1324 3802 5.),
1343 3738 1377 3784 et

191 3846 227 3905 ad
249 3841 337 3920 ipsius
358 3855 486 3902 naturam
508 3838 636 3915 pertinet
658 3837 780 3898 existere
801 3837 873 3916 (per
890 3838 978 3917 Prop.
991 3834 1041 3917 7.).
1059 3835 1123 3896 Erit
1141 3853 1211 3916 ergo
1229 3839 1265 3897 de
1283 3835 1378 3910 ipsrus

192 3971 311 4029 natura,
339 3953 386 4014 vel
414 3949 495 4012 finita
517 3951 565 4012 vel
586 3949 699 4010 infinita
721 3950 736 3984 *
757 3949 887 4010 existere.
928 3952 970 4009 At
990 3967 1051 4010 non
1071 3947 1164 4008 finito.
1204 3949 1281 4008 Natu
1302 3947 1377 4026 (per

191 4067 285 4147 Defln.
307 4061 348 4145 o.)
376 4065 495 4125 deberet
522 4060 668 4123 terminari
696 4064 731 4122 ab
754 4061 809 4122 olio
830 4060 957 4138 ejusdem
978 4076 1105 4135 noturae,
1126 4078 1191 4136 quae
1212 4058 1300 4120 etiam
1321 4078 1374 4119 ne-

191 4231 465 4247 ,,-..-.-.-

225 4333 239 4362 ¹¹
272 4331 393 4383 FortnIIet
410 4332 452 4383 uel
465 4329 567 4395 finitam
585 4328 627 4379 uel
645 4326 781 4391 infinitam.
