2934 4900
352 322 849 401 Theologico·Politici
877 326 949 401 Cap.
970 329 1021 389 lll.
1223 348 1278 409 4¹¹

98 502 262 563 celluribus
291 502 368 562 aliud
397 517 501 576 praerer
529 501 586 561 hoc
609 500 787 578 promiserit;
809 502 867 563 irno
890 503 918 563 in
941 504 1019 582 Lege
1042 523 1094 579 pro
1117 506 1285 566 obedientia

98 614 177 674 nihil
207 614 287 674 aliud
316 614 513 689 promittitur,
538 632 624 690 quarn
652 613 765 691 imperii
793 614 934 677 continua
963 615 1103 691 felicitas,
1125 616 1284 693 etreliqua

99 725 193 800 hujus
214 726 283 785 vitae
310 727 479 799 commoda,
508 741 539 785 et
567 740 671 785 contra
692 743 747 801 pro
769 725 953 787 contumacia
975 726 1109 803 parilique
1131 728 1285 803 ruptione,

101 837 217 913 imperii
238 838 319 897 ruina
339 837 520 913 maximaque
542 838 736 898 incommoda.
757 840 821 898 Nec
843 839 959 915 mirum3
982 858 1046 899 nam
1067 839 1285 901 finisuniversae

102 949 255 1011 societatis
276 964 306 1009 et
327 950 438 1025 imperii
467 950 508 1010 est
529 950 577 1028 (ut
598 970 635 1009 ex
656 954 745 1010 modo
769 950 852 1012 distis
875 965 973 1026 patet,
995 965 1025 1011 et
1046 950 1075 1010 in
1098 952 1287 1028 sequentibus

101 1062 196 1123 funus
215 1064 412 1141 ostendemus)
441 1064 539 1124 secure
566 1078 595 1123 et
617 1066 770 1123 commode
791 1062 908 1138 vivere;
936 1062 1086 1138 imperium
1108 1078 1204 1124 autem
1226 1084 1286 1125 rron

102 1174 157 1234 nist
184 1174 331 1253 Legibus,
360 1174 467 1251 quibus
496 1172 694 1249 unusquisque
722 1188 874 1250 teneatur,
902 1174 1048 1234 subsistere
1069 1176 1181 1251 potest:
1204 1179 1285 1252 quod

101 1288 123 1348 sr
146 1286 244 1347 omnia
271 1287 359 1347 unius
387 1286 536 1347 societatis
564 1288 688 1345 membra
715 1285 829 1364 legibus
850 1286 1010 1347 valedicere
1031 1286 1141 1361 velint,
1163 1304 1199 1347 eo
1220 1287 1284 1362 ipso

100 1398 272 1459 societatem
293 1397 447 1460 dissolvent
469 1414 500 1457 et
520 1398 670 1473 imperium
693 1398 850 1459 destruent.
872 1399 1062 1459 Hebraeorum
1082 1398 1172 1477 igitur
1193 1398 1285 1459 socie·

102 1510 159 1570 tati
179 1510 252 1569 nihil
273 1509 366 1584 aliud,
394 1526 447 1585 pro
476 1510 620 1570 constanti
652 1512 748 1589 legum
770 1510 993 1586 observatione,
1015 1511 1147 1586 promitti
1170 1511 1287 1587 potuit,

102 1640 191 1698 quam
223 1622 293 1683 vitre
321 1622 496 1683 securitas*
523 1622 642 1699 ejusque
663 1626 835 1699 commoda,
855 1637 885 1683 et
906 1638 1008 1684 contra
1029 1642 1083 1699 pro
1104 1624 1287 1684 contumacia

102 1736 214 1795 nullum
245 1734 353 1794 certius
384 1733 556 1811 supplicium
589 1736 725 1810 praedici,
756 1754 841 1811 quarn
873 1735 985 1811 imperii
1018 1735 1116 1811 ruina,
1148 1750 1177 1795 et
1198 1738 1286 1813 mala,

104 1866 171 1923 quae
200 1846 268 1907 inde
295 1846 488 1907 communiter
517 1846 694 1923 sequuntur;
723 1862 752 1907 et
781 1862 918 1923 praterea
946 1846 1017 1923 alia,
1043 1866 1108 1923 quae
1129 1868 1165 1907 ex
1187 1866 1286 1909 eorum

104 1958 257 2035 srngnlaris
278 1958 390 2034 imperii
411 1959 494 2020 ruina
515 1959 582 2034 ipsis
604 1959 787 2034 peculiariter
809 1959 1023 2034 suborirentur,
1043 1958 1091 2019 sed
1113 1962 1149 2021 de
1170 1959 1286 2019 hisnon

104 2070 148 2129 est
168 2088 245 2145 opus
272 2069 526 2144 impraesentiarum
555 2071 699 2146 prolixius
728 2090 822 2149 agere.
854 2072 921 2131 Hoc
943 2086 1055 2131 tanturn
1077 2072 1171 2145 addo,
1192 2072 1287 2149 Leges

103 2181 194 2241 etiam
224 2181 342 2241 Veteris
372 2182 552 2243 Testamenti
583 2183 693 2263 Judaeis
731 2198 843 2243 tantum
875 2185 1017 2244 revelatas
1048 2198 1078 2244 et
1109 2183 1288 2260 praescriptas

104 2292 206 2367 suisse;
234 2312 313 2368 narn,
342 2314 407 2354 cum
435 2296 518 2355 Dens
547 2294 626 2369 ipsos
647 2297 684 2354 ad
705 2294 872 2373 singularem
895 2294 1065 2356 societatem
1087 2310 1116 2355 et
1136 2295 1286 2371 imperium

102 2404 338 2466 constituendum
376 2421 490 2466 tantum
530 2406 666 2485 elegerit,
704 2406 860 2468 necessario
899 2406 1054 2486 singulares
1092 2407 1178 2469 etiam
1209 2409 1287 2488 leges

101 2519 211 2576 habere
239 2519 395 2578 debebant.
436 2520 484 2578 An
512 2537 583 2580 vero
610 2519 673 2578 aliis
695 2519 781 2579 etiarn
804 2519 973 2580 nationibus
995 2523 1077 2582 Deus
1098 2523 1176 2598 leges
1197 2540 1286 2596 pecu·

100 2630 189 2689 liares
215 2629 434 2706 praescripserit,
463 2646 492 2690 et
522 2649 617 2691 earum
646 2632 875 2710 Legissatoribus
904 2631 962 2692 sese
984 2633 1155 2708 prophetice
1176 2635 1286 2694 revela-

102 2741 197 2816 verit,
226 2761 329 2817 nempe
359 2743 411 2802 sub
439 2741 475 2801 iis
503 2732 671 2818 attributis,
703 2743 811 2818 quibus
840 2745 935 2803 Deum
963 2744 1111 2822 imaginari
1139 2742 1288 2820 solebant,

102 2852 175 2912 mihi
204 2873 263 2913 non
292 2852 362 2913 satis
389 2854 518 2928 constat3
547 2854 604 2913 hoc
633 2853 732 2914 saltem
762 2873 798 2912 ex
827 2853 888 2928 ipsa
916 2855 1063 2930 Scriptura
1091 2868 1191 2931 patet,
1218 2855 1288 2916 alias

103 2965 193 3024 etiarn
214 2967 348 3026 nationes
368 2984 406 3025 ex
427 2966 484 3025 Dei
506 2965 665 3026 direslione
687 2981 808 3026 extenta
827 2966 976 3041 imperium
987 2967 1287 3046 legesquesrngulates

102 3074 250 3136 habuisse:
272 3081 309 3136 ad
330 3080 410 3152 quod
430 3079 640 3139 ostendendum
662 3081 723 3138 dno
746 3092 859 3137 tantum
888 3078 1043 3153 Scriptura
1065 3080 1129 3138 loca
1151 3081 1286 3140 adferam.

103 3189 178 3264 Cap.
214 3206 257 3268 14.
289 3191 365 3249 Gen.
394 3189 468 3252 vers.
503 3190 555 3262 18,
590 3206 642 3266 19,
672 3209 720 3249 20.
751 3205 896 3266 narratur,
918 3191 998 3266 quod
1020 3191 1215 3252 Malkitsedclr
1236 3211 1286 3252 rex

105 3301 163 3360 suit
185 3300 411 3377 llierosolymae,
440 3317 469 3361 et
498 3302 556 3360 Dei
579 3302 700 3362 altiffimi
721 3301 874 3377 pontisex;
897 3319 926 3362 et
947 3305 1028 3378 quod
1049 3304 1233 3378 abrahamo,
1255 3319 1286 3364 ut

101 3411 153 3487 jus
174 3427 235 3470 erat
256 3411 408 3471 Pontificis
430 3413 512 3490 (vide
535 3414 655 3473 Numeri
677 3433 741 3489 cap.
762 3416 792 3472 6.
813 3415 854 3474 vs.
877 3415 939 3492 23.)
965 3415 1133 3490 benedixit,
1155 3432 1185 3476 et
1206 3416 1287 3477 deni-

105 3543 164 3598 que
196 3527 277 3599 quod
307 3525 488 3585 Abrahamus
520 3525 578 3584 Dei
609 3526 733 3587 dileclus
765 3525 903 3586 decimam
936 3542 1045 3602 partem
1067 3528 1161 3588 totius
1182 3531 1286 3606 praedae

104 3635 174 3695 huic
202 3635 258 3694 Dei
287 3635 421 3711 pontifici
450 3636 541 3696 dedit.
569 3639 643 3717 Quae
665 3637 763 3698 omnia
785 3637 854 3698 satis
876 3639 1050 3714 ostendunt,
1071 3641 1183 3714 Deum,
1205 3655 1286 3700 ante-

104 3766 191 3822 quam
212 3762 327 3825 gentem
349 3747 531 3808 lsradliticam
553 3750 735 3825 condiderit,
766 3769 847 3828 reges
869 3765 898 3810 et
920 3750 1076 3827 pontifices
1097 3751 1125 3811 in
1148 3751 1287 3812 Hieroso-

104 3863 181 3939 lyma
222 3860 418 3934 constituisse,
462 3862 553 3938 iisque
595 3862 668 3922 ritus
706 3878 737 3922 et
776 3864 853 3942 leges
893 3861 1101 3938 praescripsisse:
1141 3881 1176 3922 an
1215 3881 1286 3924 vero

105 3972 293 4049 prophetice,
325 3971 371 4047 id,
403 3973 447 4034 uti
481 3973 624 4048 diximus,
656 3993 715 4034 non
747 3974 815 4034 satis
847 3975 968 4036 constat.
1001 3976 1067 4034 Hoc
1088 3975 1157 4035 mihi
1188 3974 1286 4036 saltem

105 4083 282 4160 persuadeo.
324 4085 538 4161 Abrahamum,
576 4089 643 4146 dum
679 4087 720 4147 ibi
756 4086 849 4161 vixit,
883 4086 1014 4166 religiose
1042 4086 1196 4148 secundum
1225 4088 1287 4150 illas

137 4323 152 4353 ⁸
186 4320 227 4372 ef.
244 4324 340 4372 Annot.
356 4323 390 4372 V.
