2934 4900
369 328 505 405 Caput
537 331 604 391 Vll.
644 332 690 391 De
711 330 894 393 Monarchia.
1163 350 1219 411 321

40 498 146 561 facilius
168 518 207 561 ex
231 520 292 563 uno
314 502 345 563 in
367 504 452 565 alium
475 506 620 567 transferri
651 506 756 581 potest.
797 506 955 583 suscepere
977 506 1051 567 eninr
1073 508 1133 568 duo
1155 507 1221 566 Ma·

40 610 181 685 nipulares
215 612 368 691 imperium
400 617 565 677 Romanum
598 619 768 694 transferre,
803 635 833 678 et
863 618 1069 679 transtulenmt
1110 618 1223 697 (Tacit.

40 724 106 784 Hist.
126 726 178 786 lib.
204 744 232 787 1.
245 727 274 805 *)
303 728 417 789 Omitto
446 744 522 789 artes
544 745 573 790 et
595 729 671 791 astus
700 730 821 791 callidos
842 729 1095 805 Consiliariorum‚
1116 731 1223 807 quibus

40 836 86 895 srbi
106 856 212 901 cavere
236 842 363 917 debent,
385 860 420 901 ne
443 840 561 903 invidiae
582 842 784 918 immolentur,
805 842 875 918 quia
895 841 980 902 nimis
1001 843 1067 903 noti
1087 842 1171 918 sunt,
1192 860 1222 904 et

39 966 134 1028 nemo,
163 953 217 1029 qui
247 954 389 1014 Historias
417 954 505 1032 legit,
534 955 665 1033 ignorare
693 954 807 1030 potest,
837 954 1014 1015 Consrliariis
1044 957 1130 1017 fidem
1162 957 1223 1031 ple-

39 1076 153 1138 rumque
177 1064 276 1126 exitio
299 1064 399 1140 fuisse3
427 1082 515 1142 atque
538 1069 630 1141 adeo,
658 1081 692 1127 ut
713 1065 764 1127 srbi
786 1083 927 1142 caveant,
948 1067 1064 1129 cosdem
1085 1068 1223 1144 callidos,

39 1188 93 1231 non
113 1175 192 1236 fidos
214 1176 271 1237 esse
294 1192 424 1254 oportet.
446 1179 503 1239 Sed
525 1177 544 1238 st
566 1177 728 1239 Confiliarii
751 1180 848 1254 plures
869 1198 1010 1256 numero,
1031 1198 1116 1256 quam
1138 1178 1223 1240 utin

40 1286 134 1345 eodem
156 1286 267 1349 scelere
290 1290 450 1351 convenire
470 1292 591 1367 polsmt,
613 1306 643 1351 et
665 1309 766 1351 omnes
788 1292 864 1351 inter
883 1290 913 1351 se
934 1292 1060 1367 aequales
1081 1290 1150 1366 sint,
1169 1309 1223 1351 nec

41 1396 105 1454 ultra
127 1399 354 1473 quadriennium
370 1418 407 1461 eo
425 1400 525 1461 officio
547 1402 722 1480 fungantur,
742 1402 819 1481 Regi
840 1421 1023 1480 nequaquam
1044 1400 1224 1463 formidolosi

41 1506 88 1567 else
119 1528 257 1589 queunt,
288 1512 339 1573 nist
370 1514 533 1575 libertatern
566 1515 601 1575 iis
633 1515 757 1577 adimere
788 1531 902 1591 tentet,
924 1533 991 1592 Ιιιιιο
1020 1533 1121 1576 ornnes
1143 1515 1223 1577 cives

42 1620 142 1691 pariter
175 1626 320 1687 offendet.
362 1628 439 1686 Nam
471 1626 519 1705 (ut
539 1628 611 1688 Ant.
633 1628 770 1687 Perczius
791 1627 822 1661 **
844 1628 956 1703 optime
977 1626 1077 1705 notat)
1099 1626 1223 1702 imperio

41 1732 168 1797 absoluto
192 1738 239 1799 uti
261 1738 389 1814 Principi
411 1740 565 1800 admodum
586 1738 797 1815 periculosum,
815 1738 941 1800 subditis
959 1740 1116 1801 admodum
1137 1738 1223 1801 odio-

43 1839 109 1919 sum,
130 1862 162 1906 et
183 1847 326 1909 institutis
347 1863 405 1908 tam
428 1848 536 1911 divinis
558 1868 644 1925 quam
665 1849 799 1909 humanis
822 1850 972 1913 adversum
984 1896 994 1927 ‚
1015 1866 1048 1911 ut
1071 1850 1221 1911 innumera

43 1953 192 2020 ollendunt
216 1961 358 2037 exempla.

76 2064 100 2144 §-
120 2069 189 2133 XV.
232 2074 339 2133 Praeter
366 2073 445 2147 haec,
471 2072 526 2134 alia
552 2075 741 2136 fundamenta
770 2075 799 2135 in
821 2092 907 2151 praec.
929 2074 1001 2150 Cap.
1019 2074 1161 2152 jecimus,
1181 2094 1219 2136 ex

46 2175 143 2247 quibus
165 2182 245 2262 Regi
264 2202 366 2262 magna
387 2184 521 2261 imperii,
542 2200 572 2245 ct
594 2186 709 2249 civibus
730 2186 873 2247 libertatis
896 2204 929 2247 ac
950 2186 1031 2263 pacis
1053 2187 1222 2248 obtinendae

47 2286 175 2356 securitas
198 2296 307 2373 oritur,
329 2316 393 2374 quae
415 2297 473 2359 suis
494 2298 567 2358 locis
589 2298 781 2359 ostendemus.
823 2301 898 2360 Nam
917 2318 982 2375 quae
1003 2302 1040 2360 ad
1059 2299 1222 2375 supremum

48 2398 203 2470 Concilium
232 2410 381 2487 spectant,
409 2429 532 2488 quaque
560 2409 675 2471 maximi
698 2410 837 2488 ponderis
858 2410 942 2486 sunt,
963 2426 1031 2472 ante
1053 2411 1150 2472 omnia
1171 2414 1223 2472 de·

45 2519 189 2584 monstrare
213 2523 310 2599 volui;
325 2522 385 2600 jam
405 2524 515 2600 reliqua
533 2541 584 2600 eo,
603 2543 663 2601 quo
683 2523 744 2599 ipsa
761 2523 918 2600 proposui,
936 2524 1038 2585 ordine
1057 2523 1220 2599 persequar.

76 2623 101 2702 S.
119 2629 204 2692 XVI.
244 2632 335 2713 Quod
362 2631 443 2694 cives
472 2650 508 2692 co
538 2632 742 2708 potentiores,
769 2648 801 2693 ee
827 2633 1042 2709 consequenter
1064 2633 1155 2712 magis
1176 2633 1219 2693 sui

45 2731 105 2804 luris
125 2742 200 2822 slnt,
221 2763 282 2820 quo
303 2745 427 2821 maiores
448 2747 534 2806 urbes
555 2760 585 2806 et
606 2746 696 2824 magis
717 2745 845 2807 munitas
865 2746 989 2824 habent,
1011 2747 1103 2808 dubio
1122 2763 1218 2806 caret:

45 2863 94 2918 ‘11¹0
115 2855 192 2916 enim
213 2856 297 2917 locus
304 2902 313 2932 ,
335 2857 365 2917 in
388 2875 448 2932 quo
471 2855 555 2932 sunt,
578 2856 674 2918 tutior
694 2857 735 2918 est
747 2904 756 2933 ,
777 2875 814 2918 eo
834 2858 997 2919 libertatem
1018 2857 1096 2919 stram
1117 2856 1220 2918 melius

46 2961 126 3038 tueri,
147 2966 208 3032 sive
235 2967 345 3028 hostem
374 2984 525 3029 externum
554 2970 601 3033 vcl
631 2968 777 3030 internum
798 2970 893 3031 minus
913 2970 1014 3030 timere
1035 2969 1169 3046 pollunt;
1191 2984 1220 3029 et

44 3083 142 3135 terrum
170 3079 228 3153 est,
257 3078 389 3140 homines
418 3081 590 3141 naturaliter
616 3080 765 3142 securitati
795 3081 852 3142 suae
881 3100 918 3142 eo
940 3081 1030 3160 magis
1051 3081 1220 3156 consulere,

44 3197 93 3252 ltro
120 3190 235 3253 divitiis
264 3192 450 3267 potentiores
479 3191 555 3253 sunt.
598 3193 673 3276 Quae
702 3209 798 3254 autem
820 3194 907 3253 urbes
928 3192 1046 3253 alterius
1067 3191 1220 3267 potentia,

44 3307 68 3350 Ut
89 3303 310 3381 conserventur,
331 3304 479 3383 indigent,
501 3306 612 3380 aequale
629 3305 680 3380 jus
701 3323 766 3366 cunr
789 3325 825 3365 eo
848 3323 907 3365 non
928 3305 1053 3379 habent;
1073 3303 1124 3365 sed
1139 3318 1219 3363 eate-

45 3417 88 3464 nus
108 3413 224 3476 nlterius
246 3414 312 3476 sunt
330 3414 420 3492 juris,
443 3430 588 3492 quatenus
610 3416 728 3477 alterius
751 3417 887 3492 potentia
909 3415 1052 3494 indigent.
1073 3417 1127 3495 Jus
1142 3414 1218 3474 enirn

43 3509 92 3575 sola
112 3527 246 3597 potentia
268 3527 380 3588 desrniri
392 3573 402 3604 ,
423 3526 453 3587 in
475 3545 504 3588 α.
525 3527 597 3603 Cap.
620 3528 809 3590 ostendimus.

76 3629 99 3708 l.
119 3636 214 3699 XVll.
256 3641 319 3700 Hac
348 3642 447 3701 eadem
476 3641 563 3701 etiam
591 3645 627 3702 de
658 3641 763 3716 causa,
792 3657 825 3702 ut
851 3641 931 3703 cives
953 3641 1062 3701 scilicet
1083 3638 1219 3715 suijuris

46 3756 167 3811 maneant
189 3766 219 3811 et
240 3752 402 3812 libertatern
424 3767 578 3828 tueantur,
599 3751 702 3812 militia
714 3771 751 3812 ex
763 3753 831 3813 solis
852 3752 967 3814 civibus
988 3754 1069 3813 nullo
1090 3766 1218 3826 excepto

47 3860 162 3924 constare
184 3867 282 3926 debet.
324 3865 440 3926 Etenim
461 3865 550 3926 homo
581 3882 707 3926 armatus
728 3866 818 3944 magis
841 3883 926 3940 quam
947 3864 1064 3925 inermis
1084 3862 1218 3938 suijuris

52 3999 312 4025 *m-

76 4073 86 4092 ’
119 4081 179 4132 Co.
229 4114 237 4131 .

75 4155 98 4185 '⁴
130 4095 282 4214 Vddcnsdut.
308 4163 403 4214 Perezii
430 4167 454 4232 J.
470 4165 517 4226 C.‚
542 4168 566 4214 S.
585 4166 616 4215 C.
633 4177 659 4215 ct
676 4167 709 4214 R.
734 4161 871 4226 Maiestatis
897 4161 1062 4223 consiliarii,
1087 4161 1113 4211 in
1140 4161 1218 4211 Acad.

50 4228 182 4296 LOlratniensl
206 4247 301 4312 Legum
326 4245 509 4307 Antecelloris‚
532 4249 578 4314 Jus
605 4247 755 4307 publicum,
781 4261 833 4308 quo
857 4247 953 4295 Arcana
972 4259 998 4294 er
1015 4247 1077 4312 Jura
1094 4242 1218 4305 Principis

50 4324 204 4379 ἒςιὶῡιιιιιιιιιι.
238 4327 469 4394 llmllelod.1657.

1085 4424 1115 4460 αι
