2934 4900
359 770 957 879 ETHICES

498 1130 617 1198 PARS
642 1128 816 1213 PRIMA,

439 1456 873 1563 DEDEO.

454 1899 858 1961 DEFINITIONES.

60 2042 81 2099 l.
126 2048 216 2192 Per
236 2040 351 2101 causam
374 2040 417 2101 soi
438 2040 570 2121 intelligo
591 2040 638 2117 id,
659 2040 744 2117 cujus
765 2038 883 2101 essentia
903 2039 1034 2103 involvit
1051 2040 1248 2117 existentiam

184 2147 246 2211 live
267 2148 316 2222 id,
335 2147 420 2225 cujus
441 2162 544 2209 natura
564 2164 625 2208 non
645 2146 745 2223 potest
764 2144 882 2222 concipi
903 2144 954 2206 nisr
974 2146 1109 2207 exiliens.

101 2260 141 2319 11.
181 2259 227 2319 Ea
255 2276 302 2319 res
327 2258 436 2321 dicitur
455 2258 485 2319 in
507 2258 559 2320 suo
581 2274 687 2337 genere
707 2257 807 2331 finita,
828 2274 893 2333 quae
914 2254 970 2318 alia
989 2255 1117 2333 ejusdem
1137 2272 1247 2319 naturae

61 2372 210 2433 terminari
238 2372 345 2450 potest.
386 2372 442 2433 Ex.
463 2390 504 2451 gr.
526 2388 634 2447 corpus
662 2368 772 2432 dicitur
797 2368 929 2444 linitum,
950 2368 1020 2445 quia
1039 2368 1119 2429 aliod
1139 2370 1248 2445 semper

61 2485 155 2562 majos
185 2485 379 2562 concipimus.
419 2484 466 2546 Sic
496 2483 641 2563 cogitatio
675 2482 731 2544 alia
764 2480 947 2562 cogitatione
977 2482 1156 2544 terminatur.
1203 2484 1247 2544 At

61 2617 172 2674 corpus
193 2617 255 2660 non
275 2597 445 2659 terminatur
465 2596 670 2676 cogitatione,
690 2614 746 2656 nec
767 2594 912 2675 cogitatio
933 2613 1067 2672 torpore.

101 2711 155 2771 ΙΙΙ.
198 2711 253 2770 Per
272 2707 458 2770 substantiam
485 2707 619 2786 intelligo
641 2706 687 2784 id,
715 2709 797 2784 quod
818 2706 848 2768 in
868 2706 898 2767 se
918 2707 976 2783 est,
1002 2723 1034 2768 et
1053 2726 1105 2784 per
1125 2707 1155 2768 se
1175 2727 1247 2770 con-

64 2823 191 2898 cipitur:
219 2822 278 2882 hoc
305 2821 346 2882 est
374 2821 421 2896 id,
448 2821 532 2897 cujus
562 2835 726 2898 conceptus
748 2838 808 2882 non
828 2819 941 2900 indiget
961 2835 1110 2899 conceptu
1129 2820 1248 2884 alterius

64 2935 123 3012 rei,
144 2953 163 2996 a
184 2952 245 3012 quo
267 2931 383 2995 formari
402 2933 517 2994 debeat.

104 3049 160 3108 lv.
202 3047 257 3108 Per
287 3045 459 3108 attributum
490 3045 623 3125 intelligo
655 3045 703 3123 id,
735 3048 816 3123 quod
843 3045 1007 3108 intelleilus
1034 3049 1071 3110 de
1092 3047 1249 3110 substantia

64 3159 212 3237 percipit,
234 3175 371 3236 tanquam
393 3157 520 3236 ejusdem
542 3156 690 3218 essentiam
712 3157 902 3220 constituens.

103 3274 144 3332 V.
186 3273 242 3332 Per
268 3273 387 3333 modum
416 3269 547 3349 intelligo
576 3269 741 3332 substantiae
762 3269 1096 3348 affeslionet,s1veid,
1117 3275 1199 3350 quod
1220 3272 1249 3334 in

64 3384 122 3444 alio
146 3383 206 3458 eil,
226 3384 381 3460 perquer
402 3381 488 3442 etiam
510 3381 686 3459 concipitur.

104 3497 160 3556 Vl.
199 3496 254 3556 Per
274 3497 369 3557 Deum
391 3493 524 3573 intelligo
546 3511 598 3554 ens
620 3493 752 3556 absolute
774 3493 936 3572 infinitum,
962 3495 1020 3556 hoc
1041 3496 1097 3573 eli,
1119 3495 1247 3557 substan·

64 3607 134 3667 tiam
164 3606 343 3668 constantem
371 3605 494 3667 infinitis
521 3605 688 3682 attributis,
713 3624 838 3684 quonam
858 3610 1091 3686 unumquodque
1112 3623 1247 3671 aeternam

66 3733 96 3779 et
117 3717 259 3779 infinitam
281 3717 429 3779 essentiam
450 3717 595 3794 exprimit.

520 3877 797 3924 nnanrcn'cro.

106 3975 184 4038 Dico
205 3974 339 4038 absolute
360 3973 523 4050 inlinitum,
542 3993 603 4036 non
624 3989 720 4036 autem
741 3975 772 4036 in
793 3975 846 4037 suo
867 3994 988 4055 genere;
1009 3976 1152 4055 quicquid
1171 3977 1248 4038 enim

69 4087 97 4148 in
126 4087 179 4150 suo
207 4103 324 4167 genere·
340 4101 454 4148 tantum
483 4085 627 4148 inlinitum
655 4086 712 4163 est,
733 4087 847 4149 infinita
867 4091 904 4150 de
924 4108 961 4151 eo
982 4088 1124 4151 attributa
1145 4109 1248 4169 negare

68 4199 230 4276 possrtmus3
252 4201 334 4278 quod
355 4214 452 4260 autem
474 4197 606 4260 absolute
627 4197 773 4261 inlinitum
793 4197 852 4277 est,
873 4202 910 4261 ad
931 4200 994 4278 ejus
1015 4199 1162 4262 essentiam
1183 4220 1248 4278 per·

69 4313 158 4390 tinet,
179 4311 321 4390 quicquid
342 4311 486 4374 essentiam
508 4309 643 4388 exprimit
665 4327 695 4372 et
716 4311 902 4390 negationem
922 4315 1028 4375 nullam
1049 4313 1188 4376 involvit.
