2934 4900
534 333 589 392 De
629 333 781 394 Mente.
1212 347 1250 408 ῃ

103 509 159 568 Ν.
202 508 258 570 Per
284 507 378 570 ideam
407 508 587 583 adaequatam
607 505 743 586 intelligo
764 507 876 583 ideam,
898 524 982 584 quae,
1002 523 1149 585 quatenus
1170 507 1201 568 in
1221 507 1251 568 se

63 618 123 680 nne
152 619 299 682 relatione
327 621 364 681 ad
393 618 541 696 objectum
569 618 783 695 confidentur,
804 637 907 682 omnes
927 637 1002 684 verae
1023 619 1098 682 ideae
1119 621 1251 696 proprie-

64 747 142 790 tates
164 729 226 794 live
247 729 504 793 denominationes
524 730 694 793 intrinsecas
716 733 815 793 habet.

510 879 819 924 rxeurcnrro

106 975 183 1036 Dico
213 972 403 1050 intrinsecus,
432 987 466 1034 ut
495 973 576 1034 ilium
600 975 764 1051 secludam,
796 992 858 1051 quae
888 973 1052 1050 extrinseca
1078 973 1130 1051 est,
1157 986 1254 1052 nempe

65 1091 295 1146 conuenientium
314 1088 384 1146 ideae
405 1105 467 1146 cum
482 1089 536 1165 suo
556 1089 660 1148 idoare.

107 1233 147 1291 V.
192 1232 319 1294 Duratio
339 1232 379 1292 cst
400 1231 549 1293 indefinita
572 1229 714 1294 existendi
734 1231 932 1293 continuatio.

512 1373 818 1419 manutentum

107 1471 189 1529 Dico
208 1469 400 1548 indefinitum,
420 1473 491 1546 quia
502 1483 560 1549 per
575 1472 670 1549 ipsam
688 1475 735 1530 rei
749 1471 896 1549 existentis
913 1483 1049 1530 naturam
1065 1471 1255 1531 determinari

67 1599 251 1660 nequaquam
278 1583 387 1662 peresi,
417 1601 505 1660 neque
535 1587 622 1642 eriam
641 1603 662 1644 a
682 1583 771 1660 causa
802 1583 950 1659 efficiente,
982 1601 1044 1661 quae
1068 1583 1183 1659 scilicet
1211 1586 1256 1641 rei

68 1694 252 1771 existentiam
272 1693 423 1772 neceffario
439 1697 522 1773 ponit
528 1739 538 1770 ,
559 1714 613 1754 non
634 1709 728 1755 aurem
750 1697 834 1756 tollit.

110 1839 167 1898 Vl.
209 1837 263 1898 Per
283 1821 442 1898 realitatem
463 1853 493 1898 et
514 1837 721 1914 perfeetionem
745 1839 825 1900 idem·
842 1837 987 1916 intelligo.

110 1951 182 2009 Vll.
223 1950 279 2010 Per
297 1969 343 2010 res
363 1949 517 2029 lingulnres
539 1947 671 2031 intelligo
694 1971 754 2028 tos,
775 1971 841 2029 qttae
863 1951 952 2013 linitae
974 1951 1054 2025 sunt,
1072 1966 1103 2011 et
1121 1950 1256 2013 determi-

70 2077 172 2121 natam
199 2061 308 2122 hnbent
336 2061 526 2124 existentiam.
568 2064 658 2146 Quod
680 2063 700 2124 st
721 2065 803 2141 plura
832 2063 985 2127 individuo
1013 2064 1042 2124 in
1064 2082 1121 2125 una
1142 2062 1256 2124 actione

70 2175 112 2234 ito
145 2189 339 2248 concurrant,
371 2190 404 2236 ut
434 2175 530 2236 omnia
562 2175 644 2238 simul
676 2175 763 2238 unius
794 2175 916 2238 effecius
948 2175 1003 2236 fint
1035 2174 1135 2249 causa,
1157 2176 1257 2236 eadem

70 2286 171 2346 omnia
193 2301 315 2347 eatenus
335 2301 369 2348 ut
393 2305 478 2348 unam
499 2306 558 2349 rem
579 2287 748 2368 singularem
769 2289 932 2351 considero.

518 2447 822 2511 AXlOMATA.

112 2561 136 2620 l.
178 2560 314 2621 Hominis
335 2558 453 2621 elsentia
475 2580 535 2622 non
557 2560 686 2625 involvit
708 2560 890 2623 necessariam
912 2560 1109 2636 existentiam,
1127 2560 1184 2620 hoc
1203 2560 1259 2634 est,

71 2690 108 2733 ex
141 2673 263 2733 Naturae
295 2670 397 2734 ordine
428 2688 486 2733 tant
518 2672 579 2733 fieti
612 2672 727 2751 potest,
761 2690 794 2734 ut
824 2670 871 2732 hic
900 2687 930 2733 et
960 2672 1007 2733 ille
1028 2673 1118 2733 homo
1139 2670 1259 2747 exiliat,

73 2804 161 2862 qtmtn
181 2801 216 2847 ut
236 2803 297 2847 non
318 2784 432 2847 existat.

112 2899 152 2959 ll.
193 2898 293 2959 Homo
314 2897 436 2976 cogitat.

113 3012 166 3071 llL
208 3010 295 3073 Modi
323 3011 490 3091 cogitandi,
518 3027 553 3073 ut
575 3029 671 3086 antor,
693 3007 861 3087 cupiditas,
882 3010 931 3073 vel
952 3009 1121 3087 quicunque
1142 3008 1260 3069 nomine

74 3122 198 3185 allectus
229 3122 315 3183 animi
347 3120 555 3201 insigniuntur,
587 3140 648 3183 non
681 3124 803 3197 dantur,
834 3120 886 3182 nili
918 3120 947 3180 in
975 3123 1079 3182 eodem
1100 3119 1259 3181 Indiuiduo

74 3239 163 3298 detur
183 3234 248 3296 idea
269 3234 311 3296 tei
332 3251 460 3315 amatae,
481 3234 663 3309 desiderate,
684 3249 742 3295 etc.
763 3234 805 3294 At
825 3234 890 3295 idea
912 3232 973 3294 dati
995 3232 1109 3308 potest,
1126 3230 1260 3308 quamvis

74 3348 174 3409 nullus
195 3346 268 3407 alius
289 3349 376 3408 detur
396 3346 546 3425 cogitandi
568 3348 682 3407 modus.
709 3370 711 3375 ·

115 3459 169 3519 tv.
210 3460 278 3519 Nos
298 3474 406 3534 eorpus
427 3460 575 3535 quoddam
595 3456 694 3517 multis
715 3456 811 3518 modis
833 3455 909 3516 affici
931 3455 1080 3516 sentimus.

114 3572 155 3631 V.
196 3570 301 3631 Nullas
330 3588 375 3631 tes
401 3569 574 3648 dogmatos,
602 3584 707 3645 praeter
734 3584 858 3645 corpora
895 3583 925 3629 et
958 3566 1108 3645 cogitandi
1138 3570 1260 3641 modos,

75 3680 217 3744 sentimus
239 3700 293 3743 nec
315 3680 499 3757 percipimus.

115 3825 267 3904 Postulans
287 3826 355 3885 vide
370 3824 433 3905 post
456 3842 501 3903 13.
522 3826 749 3906 Promfitionm.

484 3965 810 4027 PROPOSITIO
841 3967 864 4025 l.

118 4080 266 4156 Cogitatio
285 4078 461 4139 attributum
481 4080 544 4139 Dei
561 4079 613 4156 est,
629 4078 691 4157 five
711 4080 794 4138 Deus
815 4078 852 4156 est
873 4096 920 4138 res
939 4080 1077 4152 cogitans.

475 4239 874 4285 umnonsrnnrto

118 4338 286 4416 Singulates
306 4335 522 4415 cogitationes,
544 4334 604 4397 stne
625 4335 687 4396 haec
710 4350 741 4395 et
761 4334 808 4395 illa
829 4332 985 4413 cogitatio,
1005 4332 1084 4396 modi
1106 4331 1189 4409 sunt,
1210 4332 1262 4409 qui
