2934 4900
203 310 261 369 282
560 312 801 374 Tractatus
842 311 1029 372 Politici

203 490 332 551 Ratione
351 490 430 552 dudi
448 508 583 552 exercere
603 490 713 566 solent,
730 490 881 570 Religioni
900 490 1044 552 adversari
1062 488 1214 565 videntur,
1225 488 1404 567 Theologis

203 603 370 679 praecipue,
391 604 441 681 qui
463 606 603 677 credunt,
636 603 759 665 summas
790 603 953 679 potestates
983 605 1089 664 debere
1121 601 1240 681 negotia
1271 600 1403 677 publica

202 717 321 775 tradate
343 715 499 778 secundum
521 715 634 777 easdem
656 714 780 777 Pietatis
802 716 936 794 regulas,
956 714 1066 791 quibus
1086 714 1132 775 vir
1152 713 1285 790 privatus
1305 728 1401 774 tene-

202 841 258 887 tur.
291 827 373 902 lpsos
395 842 491 887 tamen
513 827 656 889 Politicos
677 828 771 888 multo
794 826 909 888 felicius
930 828 967 887 de
988 828 1076 887 rebus
1096 824 1229 886 Politicis
1250 824 1399 900 scripsisse

202 958 288 1015 quant
310 938 522 1015 Philosophus,
540 938 668 1001 dubitari
690 958 750 1000 non
772 938 879 1015 potest.
920 940 997 999 Nam
1018 938 1156 1015 quoniam
1176 936 1399 1013 experientiam

202 1050 360 1129 magistram
388 1052 568 1126 habuerunt,
597 1051 668 1112 nihil
696 1054 879 1126 docuerunt,
908 1052 990 1127 quod
1012 1052 1047 1111 ab
1069 1050 1123 1111 usu
1143 1064 1286 1111 remotum
1306 1048 1398 1109 essee

242 1162 270 1242 §.
291 1164 341 1224 111.
383 1163 422 1223 Et
450 1163 517 1225 sane
546 1163 615 1224 mihi
642 1165 728 1239 plane
756 1163 935 1240 persuadeo,
955 1160 1166 1238 experientiam
1187 1159 1284 1221 omnia
1304 1159 1399 1221 Civi-

202 1289 295 1335 tatum
317 1293 439 1353 genera,
460 1294 524 1352 quae
547 1274 665 1351 concipi
688 1274 826 1351 possunt,
854 1291 887 1337 ut
907 1275 1042 1335 homines
1061 1273 1248 1336 concorditer
1267 1274 1399 1347 vivant,

203 1402 233 1447 et
265 1385 344 1447 stnnd
376 1387 470 1449 media
477 1433 487 1463 ,
519 1386 628 1464 quibus
658 1387 819 1449 multitudo
851 1386 954 1467 dirigi,
982 1387 1033 1448 seu
1061 1386 1169 1463 quibus
1195 1385 1271 1446 intra
1292 1402 1401 1447 certos

201 1498 308 1559 limites
336 1498 482 1560 contineri
511 1500 633 1575 debeat,
662 1498 835 1562 ostendisse:
863 1500 905 1561 ita
935 1515 968 1561 ut
995 1518 1057 1560 non
1081 1501 1212 1575 credam,
1231 1518 1288 1560 nos
1307 1500 1397 1576 posse

203 1610 330 1688 aliquid,
357 1614 439 1688 quod
468 1614 504 1671 ab
533 1610 715 1688 experientia
737 1612 797 1674 stne
818 1612 902 1689 praxi
923 1630 984 1673 non
1006 1613 1178 1688 abhorreat,
1205 1610 1398 1691 cogitatione

202 1724 312 1785 dehac
334 1742 363 1785 re
385 1722 513 1802 assequi,
535 1726 615 1802 quod
639 1727 769 1787 nondum
792 1739 946 1815 expertum
967 1738 1208 1801 compertumque
1228 1722 1273 1783 stt.
1314 1726 1399 1784 Nam

201 1834 334 1896 homines
362 1834 403 1896 ita
431 1836 590 1913 comparati
619 1837 702 1913 sunt,
730 1853 765 1897 ut
793 1853 878 1898 extra
906 1854 1060 1897 commune
1079 1834 1202 1912 aliquod
1217 1834 1267 1911 jus
1288 1835 1396 1897 vivere

202 1963 365 2025 nequeant;
383 1946 448 2024 jura
470 1962 568 2009 autem
589 1948 754 2010 communia
777 1965 807 2011 er
828 1949 947 2029 negotia
965 1947 1192 2026 publicaaviris
1209 1945 1397 2022 acutissimis,

203 2062 261 2122 stve
293 2061 408 2137 astutis,
439 2062 498 2125 slve
530 2061 658 2137 callidis,
689 2061 822 2123 instituta
853 2076 883 2123 et
915 2063 1036 2123 tractata
1067 2061 1151 2136 sunt;
1180 2062 1316 2137 adeoque
1340 2059 1394 2122 vix

204 2172 342 2235 credibile
364 2174 422 2249 est,
439 2192 495 2235 nos
513 2174 641 2251 aliquid,
659 2177 741 2251 quod
758 2174 905 2237 communi
923 2174 1066 2235 Societati
1083 2193 1121 2235 ex
1139 2173 1193 2235 usu
1208 2172 1267 2234 else
1284 2190 1395 2249 queat,

203 2284 283 2361 posse
314 2286 487 2361 concipere,
523 2289 604 2363 quod
641 2286 756 2347 occasio
785 2287 837 2347 seu
864 2286 947 2347 casus
974 2306 1034 2347 non
1062 2285 1218 2361 obtulerit,
1247 2288 1394 2363 quodque

202 2396 352 2475 homines,
374 2396 579 2460 communibus
601 2397 730 2478 negotiis
753 2397 861 2460 intenti
883 2397 1000 2477 suaeque
1022 2396 1169 2460 securitati
1187 2396 1393 2472 consulentes,

202 2529 261 2571 non
283 2508 419 2572 viderint.

241 2619 268 2698 §.
290 2621 342 2681 lV.
384 2621 458 2680 Cum
486 2620 575 2700 igitur
603 2621 729 2683 animum
752 2624 789 2684 ad
810 2621 964 2682 Politicam
985 2621 1190 2698 applicuerim,
1211 2618 1284 2680 nihil
1304 2624 1391 2697 quod

201 2749 311 2794 novum
340 2733 387 2792 vel
415 2730 578 2794 inauditum
609 2732 666 2808 est,
696 2732 746 2794 sed
773 2748 888 2794 tantum
917 2752 967 2810 ea,
995 2751 1061 2809 quae
1082 2751 1149 2793 cum
1170 2730 1252 2808 praxi
1273 2731 1390 2807 optime

201 2843 400 2919 conveniunt,
432 2860 510 2904 cetra
542 2859 572 2906 et
604 2843 774 2907 indubitata
802 2845 916 2906 ratione
944 2843 1154 2918 demonstrare,
1181 2858 1232 2903 aut
1259 2860 1298 2903 ex
1327 2841 1391 2920 ipsa

201 2955 332 3017 humanae
354 2971 463 3018 naturae
486 2956 659 3018 conditione
681 2959 826 3019 deducere
847 2957 976 3035 intendi;
997 2973 1028 3018 et
1050 2973 1083 3019 ut
1105 2976 1153 3033 ea,
1174 2976 1239 3034 quae
1257 2959 1295 3018 ad
1311 2957 1391 3018 hanc

201 3066 349 3128 scientiam
380 3067 527 3144 speciant,
559 3071 658 3131 eadem
692 3069 780 3130 animi
812 3069 964 3145 libertate,
995 3089 1053 3147 qua
1084 3088 1131 3132 res
1161 3069 1391 3132 Mathematicus

201 3180 342 3256 solemus,
369 3181 561 3260 inquirerent,
590 3181 692 3243 sedulo
721 3183 841 3258 curavi,
868 3183 1008 3244 humanas
1037 3182 1168 3245 adiones
1195 3201 1256 3243 non
1277 3183 1391 3257 ridere,

202 3311 261 3353 non
293 3294 407 3372 lugere,
440 3311 535 3370 neque
568 3293 718 3370 detestari,
751 3294 801 3355 sed
832 3292 1010 3373 intelligere:
1039 3309 1128 3370 atque
1148 3296 1224 3354 adeo
1244 3292 1392 3356 humanos

203 3405 338 3481 affectus,
361 3421 394 3466 ut
415 3404 482 3466 sunt
503 3424 600 3481 amor,
629 3405 747 3482 odium,
768 3405 827 3481 ira,
847 3405 976 3481 invidia,
996 3405 1105 3486 gloria,
1126 3405 1340 3482 misericordia,
1362 3423 1391 3466 et

201 3517 318 3593 reliquae
346 3517 433 3578 animi
462 3517 696 3594 commotiones,
723 3535 784 3579 non
813 3534 847 3580 ut
873 3519 1005 3580 humanae
1035 3533 1145 3579 natutae
1174 3517 1264 3593 vitia,
1283 3517 1336 3580 sed
1358 3539 1390 3580 ut

202 3626 397 3705 proprietates
424 3630 641 3704 contemplatus
669 3629 748 3705 sunt,
777 3649 843 3707 quae
871 3632 908 3692 ad
936 3629 1026 3706 ipsam
1046 3629 1088 3691 ita
1110 3628 1275 3705 pertinent,
1297 3645 1333 3691 ut
1354 3632 1391 3691 ad

202 3753 331 3799 naturam
360 3737 433 3800 aeris
462 3739 563 3815 aestus,
592 3739 700 3819 frigus,
730 3741 902 3817 tempestas,
924 3739 1054 3816 tonitru,
1074 3757 1106 3801 et
1126 3740 1182 3801 alia
1201 3740 1389 3817 hujusmodi,

202 3867 288 3926 cquae,
319 3849 431 3911 tametsi
462 3850 646 3914 incommoda
678 3852 766 3929 sunt,
805 3853 958 3914 necessaria
988 3869 1085 3914 tamen
1117 3852 1204 3927 sunt,
1234 3853 1387 3930 certasque

200 3963 311 4024 habent
332 3962 444 4039 causas,
466 3981 518 4039 per
538 3983 612 4041 quas
633 3983 735 4027 eorum
757 3980 888 4028 naturam
909 3965 1071 4045 intelligere
1091 3967 1388 4041 conamur,etMens

201 4093 301 4136 eorum
320 4091 389 4136 vera
407 4075 658 4152 contemplatione
678 4096 761 4154 aeque
779 4081 902 4157 gaudet,
921 4097 953 4138 ac
972 4095 1069 4138 eanum
1088 4095 1181 4139 rerum
1200 4075 1389 4156 cognitione,

202 4205 266 4264 qnae
288 4183 415 4246 sensibus
436 4201 523 4264 gratae
546 4186 622 4248 sunt.

242 4295 268 4376 §.
289 4296 328 4356 V.
369 4296 419 4357 Est
447 4295 523 4358 eninr
551 4297 608 4359 hoc
637 4313 763 4376 certum,
789 4299 871 4362 etin
892 4301 986 4362 nostra
1007 4300 1114 4362 Ethica
1135 4319 1236 4363 verum
1259 4301 1315 4364 elie
1337 4307 1386 4365 de·
