2934 4900
217 324 276 385 ψ
633 289 813 353 Ethicea
840 286 908 347 Parc
927 283 982 343 IV.

217 480 329 555 vimua3
359 492 449 554 atque
479 474 572 547 adeo,
602 483 745 546 quantum
777 462 890 540 potest,
921 474 1062 532 conatur,
1088 470 1122 517 ut
1151 453 1310 527 diximus,
1341 452 1410 509 bene

219 609 303 672 agere
321 606 351 651 et
370 586 472 649 letari.
492 581 655 666 Quousque
676 593 774 639 autem
794 574 918 635 humana
939 570 1035 635 viteus
1055 570 1091 629 td
1111 565 1175 627 ltaec
1196 562 1413 639 consequenda

219 708 249 767 se
269 704 427 777 extendat,
448 713 478 760 et
499 696 572 774 quid
592 693 697 771 pouit,
716 691 748 755 in
769 686 904 765 sequenti
923 686 1009 747 Parte
1028 680 1241 747 demonstrabo.

634 866 663 924 A
683 863 706 922 P
726 861 749 920 P
768 858 795 921 Ε
816 858 846 918 Ν
866 857 894 917 D
916 855 930 915 l
950 852 987 915 X.

264 986 332 1062 Quae
357 988 393 1043 in
417 980 473 1042 lae
491 980 585 1040 Parte
611 978 646 1037 de
671 974 751 1034 ceila
771 969 892 1031 vivendi
912 969 1024 1031 ratione
1045 962 1175 1035 tradidi,
1195 977 1250 1017 non
1264 958 1352 1034 sunt
1374 958 1417 1011 ita

221 1097 374 1178 disposita,
393 1108 428 1154 ut
446 1111 502 1153 uno
521 1088 637 1170 aspeiiu
656 1086 755 1147 videri
771 1082 887 1163 pofflnt,
902 1080 960 1157 sed
977 1076 1106 1155 disperse
1119 1091 1139 1133 a
1153 1090 1195 1132 me
1214 1067 1418 1147 dentonstrata

216 1197 304 1287 suet,
321 1219 411 1288 prout
431 1206 545 1282 scilicet
569 1218 656 1263 unum
681 1216 718 1259 ex
737 1196 795 1255 alio
808 1192 933 1271 facilius
954 1190 1088 1251 deducere
1103 1186 1256 1264 potuerim.
1302 1178 1419 1241 Eadem
1444 1214 1445 1273 φ

220 1325 319 1397 igiter
337 1316 386 1380 ieie
405 1316 569 1391 recolligere
588 1325 617 1373 et
637 1311 680 1372 ad
691 1310 807 1386 summa
828 1307 927 1383 capita
947 1301 1078 1375 redigere
1092 1296 1241 1378 preposui.
1444 1276 1445 1293 ¹

694 1464 874 1527 CAPUT
915 1461 938 1521 1.

264 1588 373 1646 Omnes
406 1581 495 1645 nostri
530 1595 675 1654 conatus,
710 1576 762 1638 seu
799 1572 1005 1650 Cupiditates,
1037 1586 1074 1628 ex
1107 1565 1272 1626 necesitate
1306 1558 1417 1621 nostra
1444 1584 1445 1653 3

225 1714 334 1761 nature
363 1696 404 1756 ita
431 1694 608 1770 sequuntur,
636 1704 670 1751 ut
698 1688 747 1751 vel
768 1704 819 1763 pet
839 1682 928 1760 ipsam
949 1681 1055 1755 soum,
1075 1694 1212 1753 tanquam
1234 1692 1288 1749 pet
1309 1669 1418 1747 proni·

225 1828 298 1875 mam
320 1808 398 1868 suam
419 1804 546 1880 causam,
568 1802 673 1879 posfint
690 1796 830 1875 intelligi,
847 1796 895 1857 vel
912 1808 1058 1872 quatenus
1074 1790 1195 1850 Natura
1211 1786 1313 1847 sumus
1332 1799 1417 1860 pata,
1444 1778 1445 1837 l

226 1940 291 1998 φτ
314 1919 413 1995 perse
434 1915 543 1993 absque
563 1913 627 1975 aliis
648 1909 809 1973 individuis
829 1925 889 1968 non
912 1904 1009 1982 poteli
1029 1904 1181 1978 adequate
1199 1896 1333 1973 concipi.
1444 1974 1445 1991 ἦ

693 2057 874 2120 CAPUT
915 2058 951 2117 11.

268 2178 472 2255 Cupiditates,
499 2193 565 2252 φιτ
592 2192 630 2234 ex
657 2171 754 2233 nostra
781 2185 883 2231 natura
912 2168 953 2229 ita
982 2166 1160 2243 sequuntur,
1189 2178 1221 2224 ut
1251 2158 1416 2238 peripsam
1444 2174 1445 2217 t

228 2292 317 2353 solam
339 2290 442 2365 poffint
463 2285 605 2365 intelligi,
625 2284 692 2345 sunt
713 2282 786 2357 itte,
808 2299 873 2356 φιτ
895 2282 932 2340 ad
953 2279 1084 2339 Mentem
1106 2276 1289 2347 referuntur,
1310 2288 1417 2349 quate-

229 2423 284 2466 nus
305 2402 367 2463 haec
388 2399 462 2463 ideis
483 2397 644 2476 adaquatis
665 2394 797 2458 constare
818 2390 1003 2469 concipitur3
1024 2388 1142 2467 reliqua
1164 2404 1235 2452 vero
1256 2384 1415 2462 Cupidita-

233 2533 278 2577 tes
297 2519 333 2576 ad
351 2516 483 2575 Mentem
501 2530 562 2573 non
580 2511 760 2584 reseruntur,
778 2506 829 2568 nist
848 2521 993 2582 quatenus
1011 2521 1056 2564 res
1072 2503 1255 2576 inadequate
1267 2495 1418 2572 concipit,

230 2641 260 2686 et
281 2641 402 2700 quarum
431 2620 477 2683 vis
505 2637 535 2681 et
563 2619 772 2680 incrementum
801 2633 860 2676 non
882 2615 1022 2688 humani,
1043 2611 1092 2672 sed
1113 2629 1223 2685 tetum,
1243 2626 1310 2686 φιτ
1335 2621 1415 2668 extra
1444 2597 1445 2602 ’

230 2754 286 2797 noa
312 2733 398 2809 sunt,
426 2731 562 2809 potentia
589 2729 702 2791 deliniti
730 2730 835 2804 debet;
865 2742 895 2786 ct
924 2725 991 2786 idco
1021 2723 1075 2783 illae
1103 2724 1178 2783 relic
1201 2719 1352 2793 aelionea,
1373 2717 1416 2775 hac
1444 2717 1445 2720 ’

231 2862 329 2907 autem
360 2845 501 2920 passiones
532 2857 694 2917 vocantur;
726 2841 781 2900 illae
813 2856 938 2915 namque
966 2835 1089 2898 nostram
1118 2833 1284 2912 potentiam
1306 2832 1417 2906 semper
1444 2827 1445 2830 ’

232 2958 379 3033 indicant,
398 2972 427 3017 et
444 2956 489 3016 lte
508 2970 610 3015 contra
628 2953 753 3014 nostram
771 2949 974 3028 impotentiam
986 2965 1015 3010 et
1028 2947 1187 3010 mutilatam
1205 2945 1415 3024 cognitionem.

688 3110 869 3172 CAPUT
909 3110 962 3170 Ill.

274 3226 388 3287 Nostrae
420 3223 566 3299 astiones,
594 3223 652 3284 hoc
680 3223 722 3286 est
748 3221 936 3298 Cupiditates
956 3220 1028 3294 ille,
1048 3237 1113 3296 φιτ
1135 3215 1261 3278 hominis
1282 3212 1417 3292 potentii

235 3339 285 3400 seu
306 3338 435 3404 Ratione
457 3337 648 3410 definiuntur,
669 3335 779 3410 semper
800 3337 886 3396 bouae
904 3331 987 3410 sunt,
1005 3331 1121 3408 reliquae
1140 3346 1236 3392 autem
1255 3345 1316 3389 tam
1333 3332 1417 3390 bone

236 3472 322 3532 quam
343 3453 423 3514 malae
445 3447 561 3528 possunt
582 3447 647 3510 else.

691 3601 872 3664 CAPUT
912 3601 965 3661 lv.

276 3715 310 3776 ln
331 3714 394 3776 vita
414 3713 515 3790 itaque
535 3713 664 3790 apprime
686 3713 759 3775 utile
780 3713 847 3790 cll,
859 3712 1037 3774 intelleiium
1058 3711 1110 3772 seu
1129 3708 1306 3785 Rationem,
1327 3727 1416 3785 quan-

237 3841 300 3885 tum
321 3823 485 3900 possumus,
507 3825 661 3901 perficere,
681 3839 712 3888 et
733 3824 764 3885 in
785 3825 843 3886 hoc
865 3841 926 3886 uao
949 3823 1054 3884 summa
1075 3821 1202 3883 hominis
1222 3820 1350 3881 felicitas
1372 3821 1416 3882 scu

237 3935 392 3997 beatitudo
413 3934 554 4012 consistit3
575 3936 685 4013 quippe
706 3933 863 3998 beatitudo
885 3934 957 3995 nihil
979 3935 1058 3996 aliud
1076 3933 1133 4010 est,
1151 3951 1236 4010 quam
1255 3931 1316 4007 ipsa
1334 3931 1416 3993 animi

239 4046 468 4124 acquiescentia,
488 4066 554 4123 φιτ
576 4067 614 4109 ex
635 4048 691 4110 Dei
713 4048 852 4112 intuitiva
874 4047 1045 4126 cognitione
1067 4047 1173 4108 oritur:
1195 4063 1224 4106 at
1241 4045 1416 4108 intelleltum

239 4160 375 4236 perficere
406 4159 477 4220 nihil
507 4160 595 4222 etiam
626 4161 705 4223 aliud
738 4162 796 4238 esi,
827 4179 914 4238 quam
946 4163 1058 4236 Deum,
1089 4160 1205 4236 Deique
1227 4159 1368 4220 attributa
1390 4175 1415 4221 et

240 4271 387 4344 actiones,
414 4289 479 4346 φιτ
508 4291 545 4330 ex
566 4271 654 4346 ipsus
675 4288 786 4334 nattttae
808 4273 971 4334 necesitate
993 4271 1212 4348 consequuntur
1218 4316 1229 4348 ,
1250 4270 1417 4350 intelligere.
