2934 4900
382 333 439 397 De
480 332 709 397 Libertate
751 329 943 397 Humana.
1195 351 1251 413 271

488 528 849 576 conornnnrum.

113 619 161 679 Ex
181 620 271 681 tertio
289 620 470 700 cognitionis
486 639 591 701 genere
609 623 703 685 oritur
719 621 874 683 neceliario
891 624 985 685 Amor
1000 621 1058 685 Dei
1074 622 1254 686 intelledua·

75 730 117 791 lis.
142 734 219 793 Nam
237 752 274 793 ert
293 734 352 795 hoc
373 734 552 814 cognitionis
572 753 677 815 genere
699 736 793 797 oritur
814 735 885 815 (per
904 736 993 816 Prop.
1009 736 1114 814 pree.)
1135 736 1254 797 Laetitia

76 845 293 907 concomitante
314 846 379 907 idea
399 846 456 907 Dei
477 863 615 924 tanquam
635 846 735 924 causa,
754 846 813 907 hoc
835 846 875 907 est
897 846 968 927 (per
981 851 1010 908 6.
1025 844 1127 925 Affett.
1145 847 1255 927 Defin.)

77 956 167 1017 Amor
185 958 259 1033 Dei,
280 975 341 1019 nou
362 974 508 1035 quatenus
528 956 620 1036 ipsum
642 974 675 1023 ut
696 958 865 1035 praesentem
888 957 1256 1038 ImagInamurQerProp.

77 1084 123 1143 29.
144 1066 261 1149 hujus),
290 1070 338 1131 sed
365 1086 511 1149 quatenus
539 1074 634 1135 Deum
663 1087 802 1133 aeternum
831 1070 887 1131 elie
915 1071 1118 1151 intelligimus;
1146 1087 1176 1131 et
1197 1072 1256 1132 lroc

77 1180 130 1256 est,
152 1186 233 1259 quod
255 1184 392 1245 Amorem
413 1186 470 1247 Dei
491 1186 714 1247 intellectualem
736 1202 828 1248 voco.

417 1362 745 1424 PROPOSITIO
784 1362 920 1423 XXXIII.

114 1486 205 1547 Amor
225 1490 283 1549 Dei
301 1490 514 1567 intelledinoiis,
542 1494 594 1569 qui
612 1510 649 1551 ex
669 1495 756 1551 tertio
776 1495 946 1566 cognitionis
963 1509 1067 1565 genere
1086 1494 1199 1565 oritur,
1220 1491 1258 1568 esi

79 1614 207 1661 dierum.

472 1702 866 1748 DEMONSTRATIQ

113 1792 247 1854 Tertium
276 1796 352 1857 enIm
380 1796 560 1875 cognitionis
581 1816 673 1877 genus
695 1798 768 1877 (per
789 1800 877 1879 Prop.
899 1814 948 1874 3¹·
970 1795 1073 1872 enjus,
1094 1809 1122 1855 et
1142 1793 1259 1854 Axion.

78 1920 103 1979 3.
127 1919 159 1983 p.
184 1907 224 1986 1.)
245 1906 286 1967 est
307 1923 463 1985 aeternum
486 1913 620 1988 adeoque
642 1911 715 1989 (per
735 1913 809 1971 idem
829 1911 944 1971 Aniorn.
961 1923 994 1988 p.
1019 1909 1058 1987 r.)
1079 1908 1188 1984 Amor,
1208 1907 1260 1983 qui

78 2034 111 2073 ex
133 2020 236 2079 eodem
259 2019 367 2096 oritur,
389 2020 430 2081 est
451 2022 537 2083 etiarn
559 2021 714 2083 necessario
737 2037 873 2082 aeternus.
916 2021 949 2097 Q.
973 2022 1011 2081 E.
1031 2021 1071 2081 D.

540 2184 794 2227 scuonrun.

114 2274 255 2351 Quamvis
276 2276 324 2337 hic
345 2296 411 2356 erga
433 2279 527 2339 Deum
544 2280 637 2339 Amor
654 2279 829 2356 principium
848 2297 907 2339 non
924 2276 1060 2339 habuerit
1079 2275 1151 2355 (per
1170 2277 1257 2354 Prop.

75 2388 190 2464 proed,
210 2388 299 2447 habet
319 2403 416 2450 tamen
438 2408 539 2451 ornnes
560 2391 677 2452 Amoris
698 2389 913 2468 perfectiones,
933 2390 1054 2467 perinde
1076 2408 1109 2449 ac
1131 2388 1150 2449 st
1172 2404 1256 2450 ortus

77 2495 185 2572 suilIet,
206 2498 279 2560 ficut
300 2500 329 2561 in
351 2501 461 2563 Coroll.
483 2501 570 2580 Prop.
592 2523 678 2580 praec.
699 2503 846 2565 finximus.
876 2505 941 2563 Nec
963 2503 1021 2564 ulla
1041 2501 1089 2561 hic
1111 2501 1152 2560 est
1170 2500 1254 2560 diffe-

77 2609 181 2686 tentia,
211 2609 264 2672 nili
295 2616 377 2689 quod
407 2615 495 2676 Mens
526 2615 638 2677 easdem
668 2617 720 2678 has
749 2615 962 2692 perfectiones,
992 2633 1065 2691 quas
1087 2612 1179 2676 eidem
1198 2612 1257 2689 jam

76 2725 208 2783 accedere
239 2725 392 2802 finximus,
423 2743 545 2788 aeternas
575 2727 727 2803 habuerit,
759 2725 848 2804 idque
876 2727 1095 2788 concomitante
1118 2727 1182 2787 idea
1202 2725 1258 2784 Dei

77 2847 209 2909 tanquam
240 2835 325 2898 causa
356 2853 473 2898 aeterna.
514 2841 604 2921 Quod
635 2838 796 2900 liLaetitia
818 2839 847 2899 in
869 2837 1041 2900 traniitione
1062 2841 1099 2900 ad
1120 2837 1257 2914 majorem

77 2947 279 3018 perfetiionem
311 2950 456 3027 confistit,
486 2951 644 3013 Beatitudo
676 2951 795 3012 sanein
816 2969 853 3011 eo
875 2949 1026 3010 confistere
1048 2951 1155 3024 debet,
1175 2951 1257 3025 quod

78 3057 159 3118 llens
179 3059 240 3136 ipsa
262 3061 442 3160 perfectione
464 3062 499 3123 stt
520 3063 651 3139 predita.

415 3238 747 3298 PROPOSITIO
778 3238 916 3298 XXXIV.

114 3347 197 3407 Mens
207 3347 327 3426 nonniss
340 3351 464 3410 durante
486 3351 611 3430 Corpore
631 3351 754 3410 obnoxio
771 3350 809 3426 esi
825 3349 994 3430 offediibns,
1012 3351 1063 3424 qni
1077 3347 1259 3428 adpnfflones

78 3456 253 3532 reseruntur.

467 3524 865 3604 nemonernarro.

113 3652 285 3732 Imaginatio
306 3653 348 3714 est
368 3653 449 3731 idea,
470 3673 528 3732 qua
549 3654 636 3717 Mens
657 3673 715 3716 rem
737 3655 863 3730 aliquam
883 3667 918 3714 ut
938 3651 1107 3728 praesentem
1126 3667 1258 3714 contem·

80 3763 167 3834 piatur
188 3765 270 3844 (vide
289 3767 349 3843 asiis
370 3767 452 3846 defin.
473 3771 505 3826 in
525 3767 615 3829 Schol.
636 3771 724 3847 Prop.
751 3783 795 3844 17.
813 3779 846 3845 p.
866 3767 931 3845 2.);
952 3783 1018 3842 quae
1044 3781 1140 3826 tamen
1167 3763 1258 3843 tnagis

80 3873 214 3952 Corporis
232 3878 350 3940 humani
367 3879 537 3955 presentem
558 3881 817 3956 constitutionem,
836 3897 922 3955 quam
939 3878 980 3939 rei
990 3894 1117 3939 externae
1128 3892 1258 3938 naturam

79 3985 181 4051 indicat
203 3990 275 4069 (per
295 4009 324 4052 2.
347 3991 451 4052 Coroil.
471 3994 560 4072 Prop.
586 3995 630 4054 16.
648 4007 679 4072 p.
701 3993 755 4072 n).
786 3992 841 4053 Est
861 3989 951 4070 igitur
968 3991 1090 4052 affetius
1108 3990 1258 4068 (pergen.

80 4099 173 4176 ΑΜ.
191 4103 302 4184 Defin.)
319 4103 503 4183 Imaginatio,
531 4077 676 4180 quatenus
686 4103 828 4181 Corporis
838 4103 1007 4179 presentem
1020 4101 1259 4163 constitutionem

81 4206 199 4290 indicat;
231 4227 320 4291 atque
353 4217 427 4276 adeo
459 4215 532 4294 (per
563 4217 653 4294 Prop.
680 4233 728 4276 21.
750 4214 850 4293 hujus)
873 4214 960 4274 Mens
981 4230 1042 4274 non
1063 4211 1116 4272 nili
1135 4213 1258 4272 durante

80 4319 206 4400 Corpore
228 4327 359 4387 obnoxIa
382 4327 422 4387 est
442 4321 685 4404 affectibus,qui
706 4331 742 4390 ad
764 4327 906 4403 paffiones
926 4327 1101 4386 reseruntur.
1124 4325 1157 4400 Q.
1169 4323 1206 4384 E.
1216 4323 1257 4383 D.
