2934 4900
200 299 263 362 610
481 295 624 360 Tract.
653 293 908 358 Theoi-Pol.
938 293 1098 374 Capxii

202 491 439 554 unumquemque
469 473 577 536 habere
605 469 703 550 posse,
733 471 848 536 servata
878 471 1062 550 Reipublicae
1089 491 1177 550 pace,
1198 489 1230 535 et
1251 475 1332 536 nulla
1353 494 1391 535 er

203 591 305 651 eadem
325 588 509 650 incommoda
530 585 692 664 oriri,quae
714 584 800 646 facile
821 586 950 647 coerceri
970 601 1031 646 non
1051 585 1167 662 possint.
1187 586 1242 646 lv.
1257 586 1389 647 Eandem

202 700 280 765 salva
309 699 398 762 etiam
427 699 539 775 pietate
569 713 807 776 unumquemque
831 697 938 760 habere
959 694 1048 773 posse.
1069 698 1108 756 V.
1129 697 1241 777 Leges,
1264 715 1332 773 quae
1353 699 1390 757 de

201 814 288 876 rebua
318 809 507 888 speculativis
536 811 722 887 conduntur,
760 808 880 871 inutiles
919 807 1040 869 omnino
1072 805 1136 868 esse.
1175 809 1229 868 VL
1250 808 1389 884 Denique

202 923 397 1001 ostendimur,
423 922 500 984 hanc
526 921 692 982 libertatern
719 938 781 981 non
802 934 933 995 rantum,
954 918 1068 982 servata
1090 917 1276 996 Reipublicae
1296 937 1390 997 pace,

202 1035 332 1115 pietate,
359 1049 390 1096 et
417 1033 588 1096 summarum
616 1031 795 1109 potestatum
819 1030 904 1108 jure,
930 1029 1027 1108 posse,
1056 1031 1121 1110 sed,
1149 1033 1186 1094 ad
1205 1031 1270 1092 haec
1291 1033 1390 1093 omnia
1460 1044 1465 1058 ·

202 1147 451 1222 conservandum,
478 1144 566 1206 etiam
594 1145 700 1205 debere
729 1144 863 1205 concedi.
891 1146 967 1205 Nam
994 1145 1046 1207 ubi
1067 1163 1105 1205 ex
1124 1144 1245 1208 adverso
1267 1147 1390 1208 eandem

202 1260 371 1323 hominibus
391 1258 516 1320 adimere
537 1258 704 1332 laboratur,
724 1272 756 1318 et
778 1256 1003 1332 discrepantium
1023 1257 1198 1333 opiniones,
1218 1274 1390 1319 nonautem

202 1371 306 1448 animi,
327 1370 379 1447 qui
398 1369 453 1430 soli
479 1386 600 1444 peccare
621 1365 739 1444 posunt
746 1413 757 1445 ,
778 1369 808 1429 in
825 1367 971 1445 judicium
992 1384 1155 1445 vocantur,
1173 1369 1216 1429 ibi
1242 1370 1274 1430 in
1294 1370 1389 1432 hone-

202 1485 263 1546 stos
289 1483 422 1558 exempla
449 1483 593 1558 eduntur,
621 1499 687 1557 quae
714 1479 818 1557 potius
839 1480 976 1560 martyria
997 1482 1152 1557 videntur,
1174 1499 1301 1559 quaeque
1323 1483 1389 1543 reli-

203 1615 280 1676 quos
300 1594 392 1676 magia
410 1593 542 1670 irritant,
562 1609 594 1654 et
615 1595 652 1656 ad
681 1593 921 1670 misericordiam,
941 1594 961 1656 fi
984 1611 1045 1656 non
1067 1597 1104 1658 ad
1125 1594 1302 1672 vindictam,
1324 1597 1390 1672 plur

202 1723 343 1783 movent,
372 1724 460 1783 quarn
490 1720 617 1783 terrent3
648 1706 736 1767 bonae
768 1705 874 1767 deinde
902 1720 980 1766 artes
1001 1721 1032 1766 et
1051 1707 1125 1768 sides
1146 1722 1390 1783 corrumpuntur,

202 1821 371 1883 adulatores
390 1832 422 1880 et
441 1816 544 1896 perfidi
564 1819 723 1893 foventur,
746 1832 776 1879 et
798 1817 954 1882 adversarii
975 1815 1173 1895 triumphant,
1194 1819 1277 1896 quod
1287 1837 1391 1880 eorum

203 1932 253 1995 irae
280 1928 445 1994 concessum
472 1927 525 2006 fit,
552 1930 694 2006 quodque
715 1927 867 2004 imperium
889 1943 1026 1990 tenentes
1046 1928 1105 1990 suae
1127 1930 1284 2007 dounnae,
1303 1930 1391 2008 cujus

203 2043 379 2120 interpretes
404 2041 566 2117 habentur,
594 2038 752 2102 sectatores
779 2039 919 2117 fecerint;
948 2059 986 2102 ex
1006 2057 1067 2118 quo
1088 2041 1139 2116 fit,
1160 2055 1195 2102 ut
1215 2059 1316 2103 eorum
1338 2060 1390 2102 au·

202 2155 375 2218 thoritatem
396 2168 427 2214 et
443 2151 495 2230 jue
515 2152 652 2228 usurpare
673 2155 819 2231 audeant,
839 2171 894 2214 nec
911 2152 1020 2228 jastare
1040 2152 1228 2230 erubescant,
1248 2153 1278 2215 se
1297 2155 1391 2216 aDeo

202 2267 370 2330 immediate
397 2267 524 2344 eledioa,
545 2279 575 2326 et
594 2265 645 2326 sua
674 2267 792 2327 decreta
813 2265 930 2341 divina,
950 2262 1121 2326 summantm
1142 2280 1239 2326 autem
1260 2265 1391 2342 potesta·

201 2397 266 2444 tum
287 2381 391 2442 contri
409 2381 536 2440 humana
557 2376 629 2456 esse,
650 2396 715 2457 quae
738 2392 893 2457 propterea
914 2377 1041 2457 divinis,
1062 2377 1121 2440 hoc
1133 2377 1242 2440 esisuis
1254 2379 1392 2455 decretis,

201 2508 237 2556 ut
267 2494 373 2555 cedant
403 2492 528 2567 volunt3
566 2508 633 2568 quae
665 2490 763 2551 omnia
794 2508 880 2552 nemo
912 2490 1044 2571 ignorare
1076 2491 1174 2567 potest
1204 2490 1392 2568 Reipublicae

202 2604 290 2668 saluti
317 2602 439 2667 omnino
468 2620 639 2682 repugnare.
679 2603 871 2685 Quapropter
889 2602 955 2681 hic,
975 2618 1008 2665 ut
1029 2603 1114 2679 supra
1135 2602 1209 2679 Cap.
1232 2603 1280 2665 18.
1287 2648 1297 2680 ,
1318 2622 1392 2665 con-

202 2718 363 2795 cludimur,
384 2714 456 2779 nihil
477 2714 662 2791 Reipublicae
683 2713 797 2792 tutius,
818 2732 904 2791 quam
926 2729 960 2777 ut
977 2714 1075 2777 Pietas
1096 2729 1126 2776 et
1148 2714 1266 2794 Religio
1285 2715 1315 2777 in
1327 2715 1392 2777 solo

202 2828 363 2892 charitatis
389 2842 421 2889 et
447 2825 614 2905 AEquitatia
634 2825 779 2888 exercitio
800 2826 1080 2903 comprehendatur,
1100 2840 1132 2889 et
1146 2825 1197 2903 jur
1218 2825 1394 2889 summarum

203 2939 398 3018 potestatum,
435 2953 494 3000 tam
531 2937 608 3001 circa
647 2937 726 2999 sacra
756 2956 843 3016 quam
874 2939 1014 3015 profana,
1043 2940 1080 3001 ad
1113 2938 1244 3001 astionee
1275 2954 1393 3003 rantum

201 3054 360 3131 reseratur,
386 3065 524 3115 ceterum
552 3050 712 3128 unicuique
741 3064 773 3113 et
803 3048 909 3112 sentire
938 3068 1003 3129 quae
1031 3050 1123 3119 velit.
1143 3065 1175 3113 et
1195 3069 1262 3131 que
1283 3052 1393 3115 sentiat
1457 3029 1463 3124 Ι

202 3164 317 3243 dicere,
336 3164 526 3226 concedatur.

242 3277 316 3355 Hir,
343 3294 409 3355 quae
436 3275 467 3337 in
493 3274 554 3336 hoc
581 3276 708 3337 tractatu
736 3292 820 3355 agere
849 3274 1073 3353 constitueram,
1102 3276 1224 3341 absolvi.
1254 3277 1393 3354 Superest

202 3403 336 3465 tantum,
355 3387 484 3464 exprese
506 3403 647 3463 monere,
667 3404 712 3447 me
733 3384 806 3448 nihil
827 3386 857 3448 in
878 3404 915 3449 eo
936 3385 1090 3464 scripsisse,
1111 3388 1193 3465 quod
1214 3406 1274 3449 non
1294 3388 1391 3449 liben-

202 3500 303 3563 tissime
323 3498 451 3561 examini
470 3513 501 3561 et
518 3497 635 3576 judicio
656 3498 826 3561 summarum
844 3498 1024 3562 Potestatum
1035 3500 1137 3563 Patria
1147 3518 1219 3563 meae
1229 3498 1390 3577 subjiciam

201 3614 279 3675 Nam
298 3611 320 3673 ii
340 3610 413 3689 quid
432 3612 556 3687 horum,
576 3628 642 3688 quae
663 3610 744 3687 dixi,
772 3610 874 3687 patriis
901 3612 1016 3693 legibus
1038 3631 1218 3693 repugnare,
1237 3615 1287 3676 vei
1307 3632 1390 3676 com·

202 3726 284 3789 muni
303 3724 390 3787 saluti
410 3722 509 3786 obesse
525 3722 721 3801 judicabunt,
743 3722 774 3785 id
795 3741 851 3804 ego
873 3723 1012 3790 indicium
1035 3727 1126 3790 volo:
1144 3725 1206 3787 scio
1227 3744 1273 3787 me
1293 3726 1390 3789 homi·
1457 3742 1464 3792 ι

202 3856 268 3900 nem
300 3833 374 3914 esse,
404 3848 435 3896 et
465 3852 559 3897 enare
589 3833 735 3913 potuisse3
766 3852 803 3896 ne
835 3852 933 3899 autem
954 3854 1075 3899 errarem
1097 3837 1199 3899 sedulo
1219 3839 1340 3915 curavi,
1361 3854 1392 3900 et
1455 3817 1460 3874 Ι

203 3947 353 4026 apprime,
380 3961 414 4010 ut
444 3946 587 4025 quicquid
614 3946 784 4025 scriberem,
811 3948 927 4029 legibus
955 3948 1075 4027 patriae,
1102 3948 1225 4026 pietati,
1244 3949 1392 4029 bonisque
1454 3941 1460 4026 s

203 4058 333 4121 moribus
353 4058 475 4122 omnino
495 4059 695 4135 responderet.

678 4280 913 4352 FINIS.

1447 4184 1457 4382 F
