2934 4900
394 320 531 396 Caput
561 321 612 381 XI.
653 322 699 382 De
723 321 919 383 Democratia.
1190 325 1248 398 365

101 497 128 577 §.
152 498 193 557 II.
232 498 262 559 Si
282 498 372 577 igitur
388 496 454 575 jure
476 498 639 561 institutum
663 498 715 574 stt,
736 515 770 559 ut
790 498 926 559 seniores
954 500 1176 573 tantummodo,
1198 496 1249 573 qui

60 612 97 669 ad
119 624 234 670 certum
255 610 351 671 aetatis
370 629 477 671 anntrm
495 626 707 687 pervenerunt,
730 612 778 675 vel
799 626 831 671 ut
853 610 905 670 soli
929 609 1132 689 primogeniti,
1153 607 1248 669 stmul-

61 737 154 796 atque
177 739 228 797 per
248 737 363 783 aetatem
383 722 467 798 licet,
492 724 540 785 vel
561 722 612 799 qui
629 739 735 783 certam
754 723 887 799 pecuniae
907 721 1041 783 summam
1063 720 1247 796 Reipublicae

62 833 278 910 contribuunt,
302 834 351 910 jus
380 834 505 913 suffragii
531 836 561 895 in
590 835 724 911 supremo
755 834 892 896 Concilio
900 880 909 910 ,
939 850 968 895 et
997 833 1108 910 imperii
1130 832 1249 912 negotia

63 947 224 1022 traelnndi,
254 946 399 1022 habeant,
430 948 563 1025 quamvis
593 949 646 1008 hac
679 947 793 1008 ratione
815 947 875 1007 fieri
898 944 1010 1023 posset,
1032 962 1065 1007 ut
1086 945 1249 1023 supremum

63 1058 234 1119 Concilium
255 1077 292 1119 ex
314 1058 504 1134 paucioribus
531 1058 649 1121 civibus
669 1076 913 1135 componeretur,
935 1078 1021 1135 quam
1044 1058 1115 1121 illud
1137 1058 1248 1134 imperii

61 1170 283 1246 Aristocratici,
314 1174 350 1231 de
382 1190 443 1248 quo
474 1171 558 1249 supra
590 1171 717 1250 egimus3
747 1187 832 1233 erunt
864 1171 1053 1233 nihilominus
1083 1171 1249 1249 hujusmodi

62 1284 187 1360 imperia
215 1284 418 1345 Democratica
448 1286 636 1360 appellanda,
664 1283 802 1360 quoniam
832 1302 930 1345 eorum
957 1284 1053 1359 cives,
1076 1285 1126 1361 qui
1148 1287 1184 1346 ad
1205 1304 1249 1346 re-

61 1400 191 1473 gendam
218 1396 438 1473 Rempublicam
467 1396 661 1471 destinantur,
689 1414 748 1456 non
770 1416 785 1457 a
808 1396 940 1472 supremo
962 1396 1117 1474 Concilio,
1139 1412 1172 1459 ut
1195 1416 1249 1473 op-

62 1508 150 1583 timi,
172 1507 335 1586 eliguntur,
356 1508 405 1569 sed
424 1510 489 1586 lege
510 1510 547 1568 ad
568 1508 597 1569 id
620 1508 807 1569 destinantur.
828 1508 885 1583 Et,
906 1508 1038 1585 quamvis
1058 1508 1112 1569 hac
1135 1510 1248 1571 ratione

61 1618 235 1695 hujusmodi
255 1619 388 1695 imperia,
409 1618 460 1679 ubi
481 1619 590 1679 scilicet
613 1637 673 1679 non
692 1619 742 1695 qui
761 1619 880 1695 optimi,
898 1619 947 1681 sed
965 1621 1016 1697 qui
1034 1622 1111 1681 forte
1131 1621 1249 1682 fortuna

63 1731 195 1804 divites,
222 1734 270 1793 vel
296 1731 347 1807 qui
375 1731 457 1807 primi
486 1731 546 1792 nati
575 1730 659 1807 sunt,
686 1733 722 1793 ad
750 1731 876 1810 regimen
907 1732 1100 1809 destinantur,
1128 1734 1249 1811 imperio

63 1843 279 1905 Aristocratico
301 1846 403 1905 cedere
426 1844 600 1916 videantur,
621 1859 734 1917 tamen,
756 1842 776 1902 st
797 1843 900 1919 praxin
921 1842 972 1903 seu
992 1862 1173 1906 communem
1194 1846 1249 1906 ho·

64 1958 176 2017 minum
205 1956 406 2017 conditionem
434 1956 610 2031 spectemus,
632 1974 676 2016 res
698 1958 801 2017 eodem
824 1956 938 2017 redibit.
980 1958 1055 2017 Nam
1076 1957 1209 2018 Patriciis
1230 1959 1251 2019 ii

65 2070 180 2146 semper
208 2069 313 2145 optimi
340 2070 537 2142 videbuntur,
565 2069 616 2145 qui
644 2069 770 2144 divites,
791 2070 838 2131 vel
860 2068 927 2145 ipsrs
948 2068 1085 2147 satrrguine
1108 2069 1251 2146 proximi,

67 2182 115 2239 vel
136 2178 265 2239 amicitia
294 2177 443 2254 conjuncli
471 2177 547 2238 sunt.
589 2178 628 2238 Et
651 2177 778 2253 sane,s1
801 2198 865 2239 tum
886 2178 1018 2239 Patriciis
1041 2179 1080 2240 ita
1102 2197 1251 2255 compara-

67 2308 129 2351 tum
162 2290 249 2366 esset,
277 2306 311 2353 ut
338 2292 421 2351 liberi
442 2291 477 2351 ab
500 2291 578 2351 omni
607 2291 730 2366 affeetu,
756 2308 785 2352 et
805 2291 869 2351 solo
890 2291 985 2353 studio
1006 2292 1131 2367 publicae
1152 2291 1264 2354 salutis*

66 2403 164 2477 ducti,
185 2404 312 2482 collegas
332 2401 474 2464 Patricius
496 2402 650 2481 eligerent,
671 2404 781 2464 nullum
804 2402 872 2464 esset
893 2402 1043 2480 imperium
1064 2423 1129 2465 curn
1141 2404 1252 2465 Aristo-

67 2517 181 2578 cratico
212 2519 447 2593 comparandum.
488 2517 546 2576 Sed
577 2535 635 2578 rem
667 2532 770 2577 contra
803 2516 923 2577 omnino
952 2516 1010 2578 sese
1039 2517 1162 2592 habere,
1183 2516 1252 2580 satis

68 2629 214 2706 superque
236 2629 297 2704 ipsa
318 2629 498 2705 experientia
521 2629 640 2704 docuit,
661 2629 816 2704 praesertim
838 2629 867 2689 in
890 2629 1070 2708 oligarchiis,
1089 2629 1139 2690 ubi
1160 2631 1252 2691 Patri-

68 2743 182 2805 ciorum
213 2742 352 2805 voluntas
384 2745 423 2803 ob
454 2745 598 2805 deseslum
631 2741 825 2803 emulantium
844 2727 980 2803 'maxime
1002 2743 1065 2821 lege
1086 2741 1181 2804 soluta
1203 2743 1252 2804 est.

70 2857 112 2915 lbi
138 2856 214 2916 eninr
236 2855 331 2916 studio
354 2855 511 2932 optimosa
524 2855 661 2917 Concilio
683 2871 781 2921 arcent
804 2855 935 2930 Patricii,
957 2871 987 2916 et
1009 2874 1061 2916 eos
1083 2855 1134 2916 srbi
1156 2855 1252 2917 socios

71 2965 99 3026 in
131 2967 268 3029 Concilio
297 2985 448 3044 quaerunt,
477 2967 527 3044 qui
557 2969 593 3028 ab
621 2984 721 3027 eorum
750 2984 800 3026 ore
829 2968 975 3042 pendent;
1004 2966 1044 3028 ita
1067 2981 1099 3027 ut
1121 2967 1150 3026 in
1172 2965 1253 3027 srmili

72 3077 194 3155 irnperio
223 3080 315 3140 multo
344 3079 490 3140 infelicius
519 3098 563 3140 res
592 3078 655 3155 ejus
676 3079 735 3139 sese
756 3078 899 3153 habeant,
920 3093 1075 3154 propterea
1098 3081 1178 3155 quod
1199 3081 1252 3140 Pa·

71 3190 222 3252 tticiorum
253 3191 366 3254 Eledllo
398 3193 434 3250 ab
466 3192 599 3252 absoluta
628 3193 811 3268 quorundam
840 3189 950 3264 libera,
989 3189 1047 3250 srve
1080 3191 1159 3252 omni
1190 3193 1253 3270 lege

73 3301 185 3376 soluta,
205 3304 360 3364 voluntate
382 3305 518 3378 pendeat.
560 3305 617 3365 Sed
639 3306 675 3365 ad
696 3303 845 3379 inceptum
867 3305 967 3364 redeo.

113 3415 140 3494 §.
161 3415 213 3475 ΙΙΙ.
254 3415 301 3476 Ex
321 3414 407 3476 dietis
426 3415 456 3476 in
477 3419 600 3493 praeced.
621 3417 687 3477 Art.
709 3429 811 3492 patet,
833 3433 888 3476 nos
909 3414 988 3491 posse
1009 3415 1121 3492 imperii
1142 3417 1251 3478 Demo·

74 3527 174 3588 crarici
206 3527 317 3590 diversa
348 3546 452 3606 genera
483 3529 654 3606 concipere;
686 3529 736 3589 sed
768 3546 862 3588 meum
890 3527 1052 3590 institutum
1074 3547 1134 3589 non
1156 3529 1197 3590 est
1218 3533 1254 3590 de

76 3657 272 3716 unoquoque,
303 3638 353 3700 sed
385 3642 420 3701 de
453 3657 490 3701 eo
523 3639 705 3702 solummodo
727 3659 828 3718 agere,
850 3638 879 3700 in
901 3658 961 3717 quo
984 3658 1085 3701 omnes
1105 3640 1256 3717 absolute,

74 3753 122 3826 qui
145 3750 214 3811 solis
234 3751 348 3829 legibus
369 3750 471 3826 patriis
494 3767 645 3827 tenentur,
663 3767 693 3812 et
711 3768 850 3828 praeterea
871 3752 914 3812 sui
932 3751 1007 3828 juris
1025 3751 1105 3827 sunt,
1121 3752 1255 3814 honeste·

75 3881 129 3937 que
162 3860 286 3937 vivunt,
313 3861 365 3939 jos
397 3862 523 3941 suffragii
554 3863 583 3923 in
618 3863 751 3939 supremo
772 3862 909 3924 Concilio
930 3864 1056 3939 habent,
1078 3882 1254 3941 muneraque

75 3972 183 4050 imperii
212 3973 363 4036 subeundi.
404 3974 482 4035 Dico
512 3972 657 4050 expresse,
686 3975 737 4051 qui
760 3976 833 4051 solis
854 3975 964 4050 legibus
980 3979 1093 4054 patriis
1113 3989 1255 4053 tenentur,

76 4100 106 4143 ut
137 4083 306 4162 peregrinos
338 4086 500 4160 secludam,
538 4086 590 4162 qui
619 4085 671 4147 sub
703 4085 822 4147 alterius
853 4085 975 4162 imperio
1006 4084 1062 4146 esse
1093 4087 1254 4149 censentur.

76 4196 184 4257 Addidi
212 4213 368 4272 praeterea,
397 4198 486 4274 quod,
509 4210 708 4277 praeterquam
729 4199 804 4275 quod
821 4199 931 4274 legibus
950 4202 1067 4277 imperis
1087 4213 1255 4278 teneantur,

76 4307 106 4363 in
131 4309 253 4383 reliquis
274 4308 327 4385 sui
347 4306 430 4383 juris
452 4307 527 4384 fiat,
556 4323 589 4368 ut
615 4306 748 4368 mulieres
770 4323 799 4368 et
821 4307 920 4370 servos
942 4306 1131 4384 secludetem,
1153 4309 1203 4385 qui
1224 4308 1253 4369 in
