2934 4900
367 297 867 378 theologico-Potitios
893 297 967 376 Cap.
992 301 1057 362 XX.
1243 303 1302 380 603

116 492 268 553 nunquam
290 490 388 536 tamen
409 493 446 536 eo
473 490 650 551 perventum
670 476 728 553 est,
750 491 784 538 ut
803 475 937 538 homines
958 495 1086 554 unquam
1107 496 1168 539 non
1189 479 1304 555 experi-

116 603 236 666 rentur,
266 606 503 666 unumquemque
535 587 589 649 suo
620 587 704 649 sensu
736 591 899 665 abundare,
930 604 1037 666 totque
1068 590 1197 667 capitum
1217 609 1304 667 quam

115 702 284 778 palatorum
313 700 368 762 esse
394 699 567 762 discrimina.
597 699 716 776 Moses,
738 700 789 778 qui
811 719 871 762 non
893 703 982 778 dolo,
1002 701 1052 764 sed
1072 702 1173 766 divina
1192 701 1304 766 virtute

112 815 260 893 J'udicium
292 814 337 876 sui
366 815 472 892 populi
503 815 626 876 maxime
658 832 936 893 praeoccupaverat,
965 832 1074 893 utpote
1104 817 1155 894 qui
1187 816 1307 882 divinus

117 930 311 1003 credebatur,
341 943 372 988 et
402 927 506 991 divino
538 927 639 989 afflatu
670 927 767 989 dicere
800 943 830 989 et
862 929 956 990 facere
990 929 1104 1006 omnia,
1125 928 1188 1007 ejus
1210 945 1306 990 tamen

115 1058 250 1103 rumores
280 1055 311 1100 et
340 1039 462 1100 sinistras
492 1039 754 1116 interpretationes
784 1042 885 1120 fugere
916 1060 977 1103 non
1008 1041 1128 1118 potuit;
1161 1058 1190 1103 et
1211 1043 1305 1104 multo

116 1152 217 1214 minus
245 1150 350 1229 reliqui
380 1152 566 1230 Monarchae3
598 1168 630 1213 et
660 1152 681 1213 st
711 1152 770 1214 hoc
801 1153 898 1230 aliqua
919 1153 1034 1215 ratione
1055 1152 1149 1230 posset
1170 1153 1307 1230 concipi,
1393 1137 1408 1156 “

117 1263 326 1342 conciperetur
353 1263 453 1325 saltem
481 1264 511 1324 in
540 1264 729 1326 monarchico
757 1265 896 1342 imperio,
918 1281 948 1327 at
969 1265 1084 1326 minime
1105 1265 1135 1325 in
1157 1267 1305 1326 democra-

116 1379 183 1439 rico
190 1423 200 1455 ,
221 1380 302 1454 quod
324 1395 443 1452 omnes,
464 1378 513 1439 vel
532 1395 634 1455 magna
655 1376 761 1454 populi
783 1395 866 1456 pars,
887 1377 1077 1456 collegialiter
1097 1391 1200 1453 tenet;
1221 1377 1306 1454 cuius

117 1490 162 1552 rei
183 1488 296 1551 causam
318 1488 455 1550 omnibus
476 1503 577 1564 patere
598 1488 741 1550 existimo.
1068 1553 1073 1558 ,

161 1599 360 1681 Quantumvis
381 1599 471 1678 igitur
491 1598 607 1661 summae
629 1601 791 1676 potestates
807 1601 858 1677 jus
879 1604 916 1663 ad
937 1601 1035 1663 omnia
1053 1601 1177 1678 habere,
1195 1619 1224 1662 et
1233 1601 1307 1679 juris

119 1730 152 1776 et
173 1712 293 1790 pietatis
320 1712 495 1790 interpretes
524 1714 694 1790 credantur,
721 1733 871 1792 nunquam
900 1730 996 1776 tamen
1025 1715 1120 1776 facere
1149 1731 1308 1792 poterunt,

121 1847 158 1888 ne
179 1827 313 1889 homines
331 1826 474 1904 judicium
495 1829 532 1887 de
554 1828 641 1887 rebus
662 1827 888 1904 quibuscunque
913 1845 949 1887 ex
971 1826 1091 1903 proprio
1113 1826 1165 1888 suo
1187 1827 1306 1906 ingenio

120 1943 233 2016 ferant,
254 1954 285 2000 et
306 1957 343 2000 ne
364 1954 486 2000 eatenus
505 1939 564 2000 hoc
585 1955 637 1999 aut
657 1938 710 1999 illo
730 1939 838 2000 affestu
857 1937 1029 2000 afficiantur.
1056 1938 1166 1999 Verum
1188 1938 1306 2016 quidem

121 2053 179 2129 est,
200 2071 250 2113 eas
266 2051 332 2130 jure
353 2050 434 2128 pose
457 2070 576 2129 omnes,
597 2051 649 2128 qui
670 2071 736 2113 cum
765 2051 865 2113 iisdem
887 2050 917 2112 in
939 2050 1075 2112 omnibus
1093 2049 1224 2112 absolute
1245 2070 1307 2113 non

119 2163 268 2242 sentiunt,
298 2183 353 2241 pro
383 2164 517 2226 hostibus
546 2165 670 2241 habere;
700 2165 750 2226 sed
771 2183 836 2237 ⁸nos
868 2167 903 2226 de
934 2163 1058 2240 ipsarum
1081 2162 1148 2239 J'ure
1164 2163 1225 2239 jam
1246 2182 1308 2225 non

120 2277 321 2355 disputamus,
348 2277 397 2338 sed
423 2279 459 2338 de
481 2295 535 2353 eo,
557 2279 638 2354 quod
660 2276 732 2338 utile
753 2277 804 2337 est.
832 2277 974 2338 Concedo
997 2276 1090 2354 enim,
1111 2274 1224 2338 easdem
1241 2276 1307 2354 jure

119 2387 201 2467 posse
231 2389 433 2454 violentissime
464 2408 598 2471 regnare,
630 2407 660 2451 et
691 2390 773 2453 cives
804 2388 947 2453 leviffimis
977 2391 1014 2451 de
1035 2387 1127 2451 causis
1148 2391 1185 2451 ad
1205 2407 1306 2452 necem

119 2503 245 2576 ducere;
276 2514 307 2560 at
337 2518 439 2560 omnes
467 2502 633 2580 negabunt,
659 2501 722 2562 hcc
751 2500 831 2562 salvo
854 2500 928 2561 sanae
951 2499 1091 2562 Rationis
1109 2499 1225 2577 judicio
1246 2501 1307 2561 fieri

120 2611 212 2689 posse.
240 2615 322 2689 ltn0,
349 2613 419 2690 quia
438 2613 500 2673 haec
522 2631 582 2673 non
604 2612 662 2673 stne
683 2631 789 2693 magno
812 2614 908 2675 totius
927 2612 1039 2689 imperii
1061 2612 1191 2689 periculo
1213 2614 1307 2673 facere

120 2739 253 2803 queunt,
284 2743 388 2805 negare
420 2724 507 2786 etiam
538 2724 702 2802 possumus,
733 2724 845 2787 easdem
878 2725 1039 2786 absolutam
1074 2723 1238 2799 potentiam
1270 2726 1307 2785 ad

119 2838 185 2898 haec
203 2853 233 2898 et
250 2836 351 2897 srmilia
368 2837 533 2913 habere,et
544 2836 758 2914 consequenter
776 2854 871 2913 neque
891 2836 979 2896 etiam
998 2834 1162 2896 absolutum
1176 2835 1242 2912 jus;
1257 2833 1307 2911 jus

121 2949 200 3011 enim
217 2934 387 3011 summarum
404 2950 582 3026 potestatum
600 2951 636 3011 ab
655 2968 752 3011 earum
771 2948 907 3024 potentia
919 2948 1102 3009 determinati
1121 2948 1307 3010 ostendimus.

163 3062 194 3124 Si
224 3062 324 3140 itaque
356 3081 442 3123 nemo
473 3062 608 3123 libertate
638 3061 689 3123 sua
716 3060 888 3139 judicandi,
920 3075 951 3121 et
972 3060 1116 3123 sentiendi
1138 3079 1202 3137 quae
1226 3061 1306 3140 vult,

122 3178 227 3237 cedere
258 3175 371 3252 potest,
401 3176 451 3237 sed
482 3175 683 3252 unusquisque
714 3174 841 3235 maximo
861 3175 983 3235 Naturae
1000 3172 1066 3250 J'ure
1086 3172 1222 3235 dominus
1243 3173 1308 3234 sua-

121 3306 186 3349 rum
207 3287 422 3367 cogitationum
450 3287 508 3362 est,
536 3286 685 3363 sequitur,
711 3286 742 3346 in
764 3284 929 3361 Republica
950 3303 1115 3361 nunquam,
1134 3284 1186 3345 nist
1208 3287 1309 3346 admo-

123 3403 193 3462 dum
213 3399 324 3462 infelici
346 3398 473 3461 successu
480 3445 490 3476 ,
511 3398 618 3460 tentari
646 3396 747 3474 posse,
767 3413 802 3460 ut
821 3396 972 3473 homines,
993 3397 1126 3474 quamvis
1146 3396 1259 3461 diversa
1280 3414 1310 3459 et

123 3512 270 3575 contraria
291 3512 467 3587 sentientes,
486 3510 559 3573 nihil
579 3527 676 3572 tamen
697 3508 749 3571 nist
772 3529 809 3571 ex
819 3510 988 3587 prescripto
1000 3510 1168 3572 summarum
1180 3509 1308 3586 potesla-

124 3639 186 3685 tum
206 3625 386 3701 loquantur3
407 3642 473 3683 nam
494 3642 548 3684 nec
570 3622 744 3699 peritissimi,
765 3641 803 3683 ne
824 3622 917 3682 dicant
938 3623 1069 3699 plebem,
1089 3638 1185 3682 tacere
1203 3621 1308 3683 sciunt.

123 3738 193 3798 Hoc
222 3734 373 3797 hominurn
405 3753 558 3795 commune
590 3732 695 3796 vitium
728 3734 785 3809 est,
818 3732 935 3794 consilia
957 3732 1023 3809 sua,
1044 3732 1095 3793 etsr
1117 3732 1209 3793 tacito
1232 3750 1309 3809 opus

124 3848 183 3924 est,
213 3848 276 3908 aliis
307 3849 443 3907 credere:
474 3846 547 3907 illud
586 3864 656 3925 ergo
696 3846 847 3921 imperium
888 3844 1120 3907 violentissnuum
1152 3843 1226 3919 erit,
1258 3844 1310 3905 ubi

125 3961 283 4038 unicuique
304 3961 424 4022 libertas
444 3958 561 4021 dicendi
581 3975 612 4020 et
641 3958 769 4021 docendi
799 3976 864 4036 quac
886 3958 975 4020 sentit
997 3976 1135 4039 negatur,
1157 3974 1187 4019 et
1208 3974 1310 4019 contra

125 4074 156 4134 id
177 4075 375 4148 moderatum,
396 4071 447 4133 ubi
464 4072 527 4132 haec
550 4074 650 4133 eadem
671 4071 792 4133 libertas
815 4071 974 4148 unicuique
996 4070 1178 4132 conceditur.
1198 4070 1309 4131 Verum

125 4186 201 4247 enim
233 4204 304 4249 vero
336 4202 521 4262 nequaquam
554 4186 641 4246 etiam
672 4203 776 4265 negate
808 4183 976 4261 possumus,
1006 4182 1077 4261 quin
1098 4182 1228 4260 majestas
1250 4201 1308 4243 tam

128 4296 226 4360 verbis
258 4314 344 4374 quam
374 4313 404 4357 re
436 4294 502 4357 laedi
532 4294 645 4373 potcst;
677 4310 766 4373 atque
797 4296 890 4369 adeo,
921 4292 940 4353 st
969 4292 1136 4371 imposibile
1159 4292 1214 4369 cst,
1235 4291 1309 4356 hanc
