2934 4900
204 334 264 412 476
682 335 925 396 Tractatuc

207 521 310 598 qino
339 520 431 579 nnn
460 521 604 601 npnnn
625 510 642 546 *
662 523 818 601 η’ρῑοῡη
848 522 998 583 iconem
1035 524 1095 582 nn
1134 499 1244 588 unm
1280 525 1396 600 nnop

207 637 250 696 tn
282 639 352 697 nm
393 623 468 684 Scito
496 626 573 701 quod
597 645 652 684 non
665 623 800 701 fugimus
826 625 937 700 dicere,
958 627 1091 685 mandam
1103 626 1194 704 faiffe
1212 626 1252 684 ab
1272 641 1399 697 aterno,

201 751 323 818 propter
343 753 456 815 textas,
477 743 529 816 qai
547 743 581 798 in
601 739 759 818 Scriptura
779 753 934 800 occurrant
954 742 989 800 ae
1008 745 1152 800 creatione
1172 742 1280 800 mandi.
1315 742 1400 800 Nam

207 864 319 926 textas,
351 855 402 928 qai
430 853 527 912 docent
557 853 689 912 mandam
719 852 771 931 effe
801 855 946 928 creata'm,
971 873 1025 911 non
1048 854 1150 931 plures
1170 855 1245 931 sant
1264 856 1327 926 iis,
1347 857 1401 928 qai

206 962 303 1020 docent
328 961 422 1022 Deam
447 963 499 1041 effe
525 975 708 1042 corpoream,·
735 985 785 1024 nec
810 966 910 1024 aditus
935 966 1269 1044 adcosexplicamlam,
1292 967 1400 1041 quiin

208 1069 263 1130 lsac
279 1077 404 1134 materia
424 1075 459 1133 de
479 1076 577 1134 mandi
597 1080 740 1136 creatione
760 1081 957 1156 reperiantur,
976 1077 1057 1136 nobis
1076 1076 1222 1153 interclufi
1232 1079 1327 1153 sant,
1348 1095 1400 1134 nee

206 1187 293 1242 etiam
312 1185 456 1264 impediti,
470 1188 529 1264 sed
546 1189 624 1267 ipsos
644 1191 791 1268 explicare
806 1189 1003 1269 potaiffemas,
1019 1188 1093 1266 ficut
1105 1189 1228 1266 fecimus
1248 1206 1313 1246 cam
1333 1207 1399 1246 cor·

202 1300 375 1376 parcitatem
394 1317 414 1356 a
434 1299 494 1358 Deo
522 1303 711 1374 removimas;
739 1314 768 1360 et
787 1301 871 1378 forte
898 1299 950 1361 hoc
968 1303 1055 1360 multo
1073 1300 1194 1375 facilius
1207 1301 1297 1377 sada
1317 1300 1399 1378 effer,

207 1421 235 1468 et
254 1414 348 1485 magis
368 1413 502 1470 commode
525 1412 707 1492 potuiffemas
728 1433 773 1471 eos
793 1415 940 1492 explicare
960 1427 988 1473 et
1007 1414 1106 1473 mandi
1126 1416 1318 1473 eternitatem
1333 1413 1399 1490 sta·

207 1524 367 1596 taminare,
395 1541 481 1598 qaam
500 1541 561 1582 cam
581 1525 768 1602 explicuimus
794 1526 985 1604 Scripturas,
1004 1538 1039 1586 ut
1060 1543 1282 1598 removeremus,
1302 1525 1400 1585 Dwnt

207 1633 378 1693 benediliam
398 1633 449 1712 effe
468 1648 640 1714 corpoream.
681 1635 725 1696 As
745 1635 850 1696 utitor
869 1657 924 1696 non
938 1635 1085 1712 facerem,
1106 1651 1135 1696 et
1154 1657 1189 1695 ne
1209 1635 1261 1695 looc
1279 1637 1400 1694 credam

210 1745 363 1823 (mundum
382 1747 490 1808 scilicet
513 1747 567 1809 esse
590 1750 759 1828 aetesnurn),
778 1750 841 1810 dae
861 1751 954 1826 caasa
974 1767 1016 1808 me
1036 1762 1156 1808 mouent.
1177 1749 1204 1808 I.
1221 1751 1293 1825 quia
1313 1749 1401 1806 clarc

208 1859 440 1936 demonstratione
458 1860 580 1938 constat,
599 1862 692 1921 Deam
711 1881 767 1920 non
786 1861 839 1940 effe
857 1875 1037 1941 corporeum,
1059 1875 1088 1921 et
1107 1861 1208 1938 neceffe
1227 1861 1280 1938 est,
1301 1865 1400 1918 omnia

208 1972 261 2029 illa
287 1973 348 2030 loca
374 1973 536 2051 explicare,
564 1991 683 2049 qaorum
710 1975 838 2032 literalis
852 1975 958 2051 sensas
978 1974 1210 2051 demonstrationi
1229 1985 1398 2051 repugnat‚·

209 2101 275 2142 nam
295 2097 402 2143 certam
421 2086 475 2163 esi,
500 2105 535 2144 ea
560 2087 711 2165 neoeffario
732 2099 792 2145 tam
813 2089 1029 2166 explicationem
1050 2086 1148 2164 (aliam
1170 2100 1275 2160 praetes
1295 2083 1398 2144 litera-

208 2199 277 2276 lem)
309 2195 424 2258 habere.
464 2198 508 2259 As
537 2201 635 2260 mandi
666 2203 815 2260 eternitas
844 2201 925 2260 nalla
956 2200 1189 2277 demonstratione
1215 2199 1398 2276 ostenduam·

207 2311 330 2387 adeoque
349 2329 403 2368 non
423 2311 461 2388 est
480 2311 581 2390 neceffe
601 2313 765 2390 Scriptaris
784 2315 845 2371 uim
858 2311 962 2388 facere
982 2312 1087 2389 easque
1106 2312 1252 2389 explicare
1268 2321 1398 2389 propter

208 2431 394 2499 apparentem
413 2424 582 2500 opinionem,
602 2422 645 2481 ad
662 2421 742 2497 cajus
763 2425 942 2483 contrariam
961 2423 1117 2497 inclinare,
1137 2423 1239 2499 aliqua
1251 2421 1398 2498 suadente

210 2534 340 2606 ratione,
362 2533 507 2611 paffemas.
548 2534 676 2593 Secunda
700 2535 807 2611 caasa,
835 2538 905 2610 qaia
932 2535 1063 2608 credere,
1083 2534 1177 2594 Deam
1196 2532 1248 2611 effe
1265 2536 1397 2609 incorpo

210 2661 304 2719 ream,
318 2644 588 2721 fundamentalibus
599 2647 686 2721 Legis
706 2666 761 2705 non
782 2660 935 2725 repugnat,
953 2661 1019 2721 etc,
1031 2648 1090 2722 feel
1097 2647 1196 2706 mandi
1205 2645 1398 2705 eternitatem

210 2757 337 2831 credere,
361 2775 390 2815 eo
416 2759 493 2818 modo
521 2777 574 2835 qao
596 2758 746 2836 Aristoteli
765 2760 862 2836 uisam
874 2757 956 2834 fuit,
977 2760 1082 2834 Legem
1101 2778 1121 2818 a
1135 2760 1191 2836 sao
1205 2757 1396 2834 fundamento

210 2867 350 2944 destruit,
371 2881 422 2928 etc.
465 2870 537 2930 Haec
560 2870 626 2931 sunt
648 2872 738 2933 verba
759 2869 967 2945 Maimonidae;
988 2888 1025 2930 ex
1047 2870 1156 2945 quibus
1177 2868 1330 2932 evidenter
1349 2868 1393 2927 se-

210 2977 311 3054 quitur
337 2979 384 3055 id,
410 2984 493 3056 quod
520 2984 609 3041 ruodo
638 2980 783 3055 diximus;
804 2980 824 3041 ss
846 2980 923 3042 enim
943 2980 995 3057 ipss
1016 2982 1161 3043 constaret
1183 2998 1221 3040 ex
1242 2978 1391 3054 Ratione,

210 3092 348 3151 mundum
370 3090 425 3151 etse
447 3108 603 3167 eternum,
631 3108 692 3153 non
721 3091 870 3153 dubitaret
890 3090 1068 3167 Scripturam
1088 3108 1227 3168 torquere
1248 3106 1279 3152 et
1300 3092 1393 3166 expli-

209 3219 291 3277 care,
313 3218 346 3262 ut
367 3204 484 3263 tandem
504 3203 562 3263 hoc
583 3203 660 3263 idem
681 3202 775 3279 ipsum
796 3206 902 3265 docere
932 3204 1091 3265 videretur.
1132 3204 1196 3263 Iino
1216 3201 1311 3263 statim
1332 3221 1392 3263 cer·

210 3328 259 3374 tus
287 3312 373 3389 effet,
401 3313 594 3391 Scripturam,
623 3333 798 3392 quamquam
826 3315 937 3392 ubique
959 3331 1058 3391 aperte
1079 3316 1299 3389 reclamantem,
1320 3314 1393 3373 hanc

209 3442 306 3487 tamen
338 3426 437 3487 nundi
469 3426 660 3487 eternitatem
694 3428 801 3488 docere
833 3425 972 3502 voluiffe3
1004 3430 1137 3503 adeoque
1159 3428 1195 3487 de
1217 3443 1289 3487 vero
1311 3425 1391 3485 sensu

210 3540 382 3615 Scripturae,
409 3539 598 3615 quantumvis
627 3542 722 3614 clarc,
751 3559 811 3602 non
841 3539 952 3616 poterit
982 3539 1038 3600 etse
1063 3554 1177 3613 certus,
1199 3538 1337 3614 quamdiu
1357 3542 1391 3598 de

210 3650 251 3712 rei
272 3650 397 3713 veritate
419 3651 552 3713 dubitate
574 3652 701 3728 poterit,
722 3668 773 3714 aut
795 3652 935 3730 quamdiu
945 3655 981 3713 de
993 3654 1092 3713 eaden
1114 3650 1166 3727 ipsi
1184 3668 1244 3710 non
1272 3650 1391 3711 constet.

211 3764 287 3823 Nam
309 3760 448 3838 quamdiu
469 3764 505 3823 de
526 3761 567 3823 rei
589 3762 713 3826 veritate
743 3782 803 3824 non
831 3763 962 3838 constat,
983 3762 1094 3823 tamdiu
1115 3760 1272 3835 nescimus,
1294 3778 1329 3819 an
1349 3778 1391 3819 res

213 3892 279 3933 cum
306 3871 437 3934 Ratione
466 3874 641 3949 conveniat,
670 3893 706 3935 an
735 3892 808 3937 vero
838 3874 931 3936 eidem
952 3888 1111 3953 repugnet3
1133 3888 1164 3933 et
1184 3869 1393 3947 consequenter

213 3986 300 4047 etiam
321 3986 432 4048 tamdiu
453 3986 612 4062 nescimus,
644 4006 680 4047 an
702 3988 821 4049 literalis
841 3987 940 4049 sensus
962 4006 1049 4049 venis
1069 3985 1104 4047 stt
1125 4004 1162 4046 an
1183 3984 1281 4045 falsae.
1320 3986 1391 4066 Quae

213 4098 330 4178 quidem
352 4096 496 4159 sententia
514 4097 535 4159 fi
552 4118 620 4162 vera
642 4098 728 4175 esset,
750 4100 883 4164 absolute
905 4102 1114 4173 concederem,
1135 4116 1191 4160 nos
1212 4096 1272 4160 alio
1292 4114 1392 4174 preter

217 4248 492 4265 -u

247 4338 260 4377 t
293 4334 380 4392 Alius
407 4332 564 4392 Ε’ἎῚΠΞΠ·
