2934 4900
396 340 535 417 Caput
565 338 616 404 IX.
656 343 702 403 De
723 343 921 407 Aristocratia.
1196 357 1253 424 365

56 515 228 592 mittendis,
249 531 282 578 ut
303 517 377 577 circa
399 520 514 578 decreta
532 520 568 579 de
586 519 663 579 bello
685 518 853 599 inferendo,
875 536 905 581 et
927 521 1008 598 pacis
1030 522 1254 585 conditionibus

56 629 267 705 acceptandis,
288 630 381 691 teneri
402 629 507 707 potest.
529 630 586 692 Sed
609 630 639 691 in
660 631 781 709 reliquis
803 633 915 709 imperii
936 633 1069 695 ministris
1091 634 1255 713 eligendis,

57 742 129 818 qnia
152 742 200 821 (ut
220 742 249 802 in
270 744 335 804 Art.
356 763 385 822 4
406 741 494 819 hujus
517 743 589 820 Cap.
613 744 805 825 ostendimus)
837 765 1021 823 unaquaeque
1052 749 1138 823 urbs,
1160 766 1252 823 quan-

56 870 121 913 tum
149 854 211 913 lieri
239 853 351 931 potest,
380 853 422 915 sui
448 853 522 931 juris
552 873 666 916 manere
695 857 808 935 debet,
827 874 860 919 et
880 858 910 920 in
933 859 1056 936 imperio
1079 874 1165 921 tanto
1188 862 1255 935 plus

54 965 133 1041 juris
165 965 316 1041 obtinere,
346 981 459 1043 quanto
491 966 610 1043 reliquis
641 968 682 1029 est
715 970 887 1047 potentior,
915 971 964 1032 hic
992 974 1067 1033 ordo
1096 970 1253 1033 necessario

57 1078 221 1140 servandus
256 1078 306 1139 est.
346 1080 460 1154 Nempe
497 1080 654 1141 Senatores
691 1100 707 1140 a
739 1081 873 1143 Patriciis
909 1082 1138 1159 uniuscujusque
1173 1084 1254 1145 urbis

57 1192 187 1271 eligendi
216 1192 299 1267 sunt;
328 1190 465 1256 videlicet
494 1192 581 1253 unius
610 1193 691 1255 urbis
715 1194 833 1256 Patricii
854 1195 885 1256 in
906 1195 959 1257 suo
981 1194 1119 1257 Concilio
1142 1212 1253 1258 certum

56 1304 234 1364 Senatorum
266 1322 415 1365 numerum
436 1322 474 1365 ex
495 1304 552 1365 suis
574 1304 700 1368 Civibus
722 1306 843 1385 collegis
864 1306 991 1387 eligent,
1021 1308 1073 1385 qui
1094 1311 1131 1370 ad
1152 1327 1253 1370 nume·

54 1435 121 1478 rum
142 1415 333 1478 Patriciorunr
355 1416 482 1493 ejusdem
504 1417 584 1479 urbis
605 1417 634 1478 se
655 1419 764 1479 habeat
785 1420 866 1497 (vide
882 1420 953 1481 Art.
965 1438 1013 1497 30.
1021 1423 1145 1500 praeced.
1165 1422 1252 1501 Cap.)

55 1546 89 1589 ut
116 1531 191 1589 r.ad
206 1545 250 1589 12.
272 1528 311 1589 Et
333 1548 409 1607 quos
430 1529 530 1607 primi,
551 1530 686 1607 secundi,
707 1532 803 1609 tertii,
825 1548 898 1609 etc„
921 1532 1032 1594 ordinis
1054 1532 1111 1594 elle
1129 1534 1252 1610 volunt,

54 1642 267 1721 defignabunt3
296 1660 326 1705 et
354 1644 391 1703 sac
419 1644 592 1719 reliquarum
623 1645 738 1706 urbium
766 1645 882 1706 Patricii
909 1664 964 1722 pro
986 1645 1186 1724 magnitudine
1208 1646 1252 1708 sui

55 1756 170 1818 numeri
186 1758 284 1832 plures
301 1756 491 1833 paucioresve
510 1758 667 1818 Senatores
683 1756 810 1835 eligent,
829 1774 859 1818 et
876 1757 906 1818 in
925 1772 974 1819 tot
985 1760 1001 1793 *
1019 1757 1137 1820 ordines
1157 1758 1251 1819 distri·

55 1875 170 1945 buent,
200 1870 229 1931 in
262 1886 337 1947 quot
369 1872 507 1931 Senatum
541 1868 732 1933 dividendum
764 1868 819 1931 else
852 1870 980 1932 diximus
1012 1870 1087 1949 (vid.
1109 1871 1180 1933 Art.
1202 1889 1250 1951 34.

52 1985 181 2065 praeced.
215 1982 317 2063 Cap.):
347 2002 407 2061 quo
436 1984 503 2058 sret,
531 1998 565 2044 ut
587 1982 617 2043 in
639 2000 823 2060 unoquoque
854 1984 1027 2044 Senatorum
1060 1983 1163 2045 ordine
1196 2002 1249 2060 pro

57 2094 261 2174 magnitudine
294 2095 493 2172 cujuscunque
514 2095 594 2155 urbis
615 2097 712 2171 plures
734 2094 924 2171 paucioresve
945 2094 1073 2172 ejusdem
1094 2097 1251 2157 Senatores

56 2206 250 2284 reperiantur.
285 2209 326 2268 At
349 2207 482 2269 ordinum
514 2205 651 2268 Praesrdes
671 2225 832 2284 eorumque
853 2206 982 2283 Vicarii,
1002 2224 1127 2285 quorum
1149 2226 1250 2269 nume·

55 2340 108 2382 rus
138 2320 232 2380 minor
259 2319 299 2379 eli
327 2319 441 2381 urbium
462 2337 599 2395 numero,
622 2338 637 2379 a
657 2321 767 2380 Senatu
790 2318 1027 2381 exconsulibus
1048 2318 1148 2383 elesiis
1169 2318 1247 2380 sorte

57 2428 187 2508 eligendi
209 2428 285 2491 sunt.
325 2430 358 2490 In
379 2427 534 2510 Judicibus
556 2444 695 2505 praeterea
716 2428 857 2505 supremis
877 2429 990 2506 imperii
1011 2429 1153 2509 eligendis
1171 2429 1248 2491 idem

58 2545 136 2603 ordo
165 2542 335 2603 retinendus
362 2542 418 2617 est,
447 2541 557 2602 scilicet
586 2557 618 2602 ut
644 2540 872 2619 uniuscujusque
893 2543 973 2603 urbis
994 2542 1111 2604 Patricii
1132 2561 1170 2602 ex
1191 2541 1249 2604 suis

57 2654 182 2733 collegis
212 2672 265 2730 pro
293 2653 494 2733 magnitudine
523 2653 566 2715 sui
594 2654 704 2716 numeri
733 2656 830 2729 plures
861 2670 912 2716 aut
943 2655 1098 2730 pauciores
1128 2655 1249 2736 Judices

57 2767 178 2845 eligant.
219 2767 320 2843 Atque
349 2768 423 2828 adeo
452 2767 520 2840 liet,
549 2782 582 2826 ut
604 2785 788 2843 unaquaeque
809 2768 878 2828 urbs
900 2765 930 2826 in
953 2765 1095 2844 eligendis
1115 2766 1249 2827 ministris

58 2876 211 2956 suijuris,
243 2895 384 2955 quantum
404 2878 465 2939 lieri
487 2877 602 2954 potest,
627 2877 678 2954 srt,
701 2893 731 2938 et
753 2893 788 2940 ut
809 2896 993 2955 unaquaeque
1014 2897 1075 2955 quo
1096 2877 1250 2954 potentior

57 2991 117 3066 est,
137 3008 174 3050 eo
196 2989 283 3051 etiam
303 2993 368 3068 plus
387 2989 461 3068 juris
482 3006 542 3050 tarn
564 2989 593 3049 in
615 2991 726 3051 Senatu
749 3008 833 3067 quarn
850 2988 880 3050 in
898 2990 964 3050 soro
987 2989 1137 3065 obtineat;
1150 2989 1247 3064 posrto

58 3101 186 3177 scilicet,
208 3105 289 3179 quod
310 3103 435 3164 Senattis
458 3117 488 3162 et
509 3103 576 3163 Fori
599 3103 673 3163 ordo
696 3101 725 3162 in
748 3100 938 3162 decernendis
960 3099 1072 3176 imperii
1093 3103 1196 3176 rebus,
1218 3115 1249 3160 et

58 3213 269 3292 questionibus
297 3212 483 3287 dirimendis,
510 3212 576 3273 talis
606 3211 726 3273 omnino
754 3210 805 3288 srt,
835 3212 948 3288 qualern
976 3213 1042 3272 Art.
1071 3228 1119 3288 33.
1148 3227 1178 3272 et
1200 3228 1247 3290 34.

59 3343 146 3402 praec.
167 3324 240 3400 Cap.
263 3321 471 3399 descripsrmus.

100 3435 127 3516 §-
148 3436 216 3497 Vll.
257 3434 433 3496 Cohortium
461 3433 565 3495 deinde
593 3435 693 3495 Duces
722 3449 752 3494 et
780 3433 890 3495 militiae
918 3433 1046 3495 Tribuni
1074 3453 1090 3494 e
1114 3433 1248 3496 Patriciis

59 3548 147 3608 etiarn
168 3545 293 3625 eligendi
314 3545 390 3607 sunt.
431 3547 506 3606 Nam
529 3545 598 3620 quia
621 3564 736 3622 aequum
757 3545 818 3621 est,
840 3561 873 3608 ut
896 3565 1080 3623 unaqueque
1102 3548 1171 3607 urbs
1192 3565 1247 3622 pro

59 3659 173 3721 ratione
203 3658 259 3720 suae
288 3657 495 3736 magnitudinis
524 3672 635 3718 certum
665 3656 788 3718 militurn
817 3677 967 3720 numerum
1000 3662 1036 3721 ad
1065 3676 1246 3720 communem

61 3773 154 3834 totius
175 3771 286 3848 imperii
315 3770 499 3833 securitatem
529 3771 693 3830 conducere
716 3785 852 3832 teneatur
858 3817 869 3848 ,
890 3789 1005 3853 aequum
1027 3771 1113 3832 etiam
1135 3770 1191 3848 est,
1212 3787 1246 3833 ut

61 3885 228 3947 ePatriciis
261 3883 486 3961 uuiuscujusque
518 3883 598 3944 urbis
630 3901 684 3959 pro
717 3901 837 3944 numero
869 3883 1035 3962 legionum,
1067 3903 1140 3960 quas
1170 3884 1246 3944 alere

62 4016 212 4077 tenentur,
233 4013 281 4061 tot
302 3998 455 4075 tribunos,
475 4000 583 4074 duces,
612 3996 764 4076 signiferos
784 4012 842 4058 etc.
864 3997 969 4077 eligere
989 3997 1092 4073 liceat,
1113 4013 1189 4074 quot
1209 4000 1246 4059 ad

63 4113 134 4174 illam
146 4112 256 4173 militiae
268 4127 491 4189 partem,quam
503 4111 624 4187 imperio
636 4109 837 4186 suppeditant,
848 4110 1039 4172 ordinandam
1049 4110 1246 4186 requiruntur.

67 4275 339 4290 h*-

93 4361 104 4390 ·
140 4355 257 4409 Omill‘um
275 4354 311 4408 est
329 4365 367 4406 tot
385 4355 409 4407 irr
428 4355 474 4408 Ed.
492 4359 532 4408 Pr.
