2934 4900
185 326 246 389 214
604 305 786 367 Ethices
813 307 881 367 Pars
901 308 954 367 lV.

186 487 326 549 Rationis
357 485 471 549 vivant.
510 486 554 546 At
584 488 713 560 bonum,
747 488 828 562 quod
860 484 1078 563 unusquisque,
1107 485 1158 562 qui
1179 502 1216 545 er
1238 484 1393 547 Rationis
1453 496 1454 565 ᾗ

187 598 340 660 11ίᾶ11111110
360 596 452 672 vivit,
472 597 530 657 lroc
552 597 593 657 est
614 596 686 675 (per
707 598 797 676 Prop.
818 614 866 676 24.
884 596 985 677 liujus)
1008 598 1059 675 qui
1082 597 1220 659 virtutem
1241 598 1391 671 sedatur,

187 710 239 771 stbi
259 710 390 787 appetit,
411 710 451 769 est
471 709 633 788 intelligere
654 709 728 788 (per
750 711 838 789 Prop.
852 713 900 771 26.
916 709 1036 790 liujus);
1057 727 1126 789 ergo
1147 712 1273 783 bonum,
1292 712 1390 785 quod

187 822 401 899 unusquisque,
429 822 481 899 qui
509 821 649 885 virtutem
677 821 892 898 secratur,s1bi
914 822 1048 899 appetit,
1070 821 1189 899 reliquis
1209 820 1390 883 hominibus

187 934 274 995 etiam
302 934 412 1011 cupiet.
453 934 568 995 Deinde
597 933 771 1010 Cupiditas,
799 950 945 1011 quatenus
967 938 1003 995 ad
1024 936 1156 996 Mentem
1178 936 1316 1008 refertur,
1340 934 1389 994 esi

187 1045 248 1121 ipsa
268 1046 381 1108 Mentis
401 1045 519 1107 ellentia
540 1047 613 1125 (per
634 1064 658 1105 1.
680 1044 785 1122 Affeii.
805 1047 932 1125 Defin.);
954 1047 1067 1109 Mentis
1088 1062 1185 1109 autem
1208 1045 1327 1107 essentia
1352 1046 1386 1105 in

187 1158 359 1237 cognitione
380 1155 509 1218 consistit
529 1158 602 1237 (per
622 1159 711 1237 Prop.
737 1174 782 1219 11.
799 1174 831 1238 p.
854 1160 917 1239 2.),
944 1178 1010 1237 quae
1031 1159 1089 1221 Dei
1110 1158 1312 1238 cognitionem
1335 1159 1387 1219 in·
1453 1152 1454 1157 ’

188 1270 285 1333 volvit
311 1270 383 1349 (per
402 1272 492 1348 Prop.
512 1286 561 1349 47.
581 1284 610 1349 p.
631 1271 692 1348 2.),
718 1286 749 1332 et
775 1271 833 1331 stne
855 1291 912 1347 qna
935 1276 1007 1350 (per
1028 1272 1117 1349 Prop.
1143 1282 1187 1345 15.
1206 1282 1236 1349 p.
1261 1272 1301 1347 1.)
1324 1288 1387 1330 nec

188 1382 244 1443 elle
275 1402 329 1443 nec
360 1382 478 1459 concipi
508 1382 620 1458 potest;
650 1385 785 1459 adeoque
807 1402 867 1461 quo
889 1383 1003 1445 Mentis
1024 1382 1143 1444 edentia
1163 1382 1300 1459 majorem
1321 1382 1385 1443 Dei
1453 1454 1454 1457 Ἴ

187 1494 388 1575 cognitionem
414 1495 559 1569 involvit,
583 1514 621 1555 eo
647 1494 821 1572 Cupiditas,
847 1515 904 1572 qna
930 1495 971 1571 is,
999 1494 1050 1572 qui
1078 1494 1219 1557 virtutem
1239 1492 1387 1567 senatur,
1453 1482 1454 1551 ζ

187 1611 319 1682 bonum,
339 1610 421 1683 quod
442 1607 494 1667 sibi
515 1606 647 1683 appetit,
668 1607 750 1667 alteri
773 1607 873 1683 eupit,
894 1608 981 1668 etiam
1003 1606 1095 1683 major
1116 1607 1180 1667 erit.
1225 1608 1257 1682 Q.
1279 1608 1317 1667 E.
1340 1607 1384 1667 D.
1453 1616 1454 1671 f

711 1751 868 1812 Aliter.

229 1864 361 1937 Bonum,
392 1865 472 1939 qnod
498 1864 593 1923 bomo
624 1862 676 1923 libi
708 1862 824 1939 appetit
845 1878 875 1922 et
896 1876 990 1936 amat,
1012 1861 1194 1923 constantius
1214 1860 1385 1935 amabit‚sr
1453 1932 1454 1939 ἵ

189 1975 314 2050 viderit,
345 1976 418 2035 alios
449 1976 525 2035 idem
557 1992 650 2034 amate
682 1974 754 2053 (per
775 1974 864 2052 Prop.
887 1990 936 2049 31.
954 1986 984 2052 p.
1008 1974 1068 2051 3.);
1100 1988 1189 2049 atque
1211 1974 1286 2033 adeo
1308 1972 1385 2051 (per

193 2087 296 2147 Coroii
314 2087 436 2165 ejusdem
457 2088 561 2165 Prop.)
583 2084 749 2160 conabitur,
769 2100 802 2145 ut
824 2084 927 2162 reliqui
948 2084 1025 2146 idem
1046 2100 1157 2159 ament;
1179 2098 1210 2143 et
1231 2082 1382 2160 quiahoc

191 2202 302 2260 bonurn
325 2200 397 2277 (per
417 2200 506 2277 Prop.
523 2199 628 2277 praec.)
651 2198 789 2258 omnibus
810 2215 962 2258 commune
984 2196 1042 2272 est,
1068 2214 1164 2272 eoque
1186 2212 1287 2257 omnes
1309 2214 1383 2273 gau-

191 2314 259 2372 dere
280 2309 412 2387 possunt,
433 2310 589 2370 conabitur
610 2328 680 2387 ergo
702 2310 897 2388 (pereundum
910 2311 1077 2387 rationem),
1098 2322 1131 2369 ut
1154 2326 1255 2369 onmes
1276 2308 1382 2368 eodem

190 2425 353 2503 gaudeant,
380 2437 410 2483 et
437 2422 509 2502 (per
529 2424 618 2502 Prop.
641 2438 688 2499 37.
705 2436 738 2501 p.
761 2422 802 2500 3.)
831 2440 868 2482 eo
896 2421 1004 2501 magis,
1025 2438 1086 2499 quo
1107 2420 1164 2481 hoc
1186 2423 1268 2481 bono
1290 2419 1383 2499 magis

191 2537 312 2596 fruetur.
356 2537 389 2611 Q.
412 2537 448 2596 E.
470 2536 509 2594 D.

639 2647 884 2690 senorrun
918 2630 940 2688 L

230 2741 290 2822 Qui
315 2759 352 2801 ex
378 2741 442 2802 solo
468 2740 573 2802 affeslu
600 2756 741 2816 conatur,
767 2755 801 2800 ut
826 2739 931 2814 reliqui
959 2753 1074 2814 ament,
1104 2741 1186 2814 quod
1207 2738 1384 2815 ipsemet,

190 2869 221 2912 et
252 2867 285 2912 ut
317 2853 421 2929 reliqui
452 2871 489 2912 ex
521 2850 610 2926 ipsius
642 2850 762 2929 ingenio
793 2849 914 2926 vivant,
943 2850 1006 2910 solo
1028 2849 1149 2926 impetu
1163 2852 1239 2929 agit,
1260 2867 1290 2910 et
1311 2851 1382 2912 ideo

190 2962 312 3024 odiosus
343 2961 400 3038 est,
432 2962 579 3039 praecipue
611 2962 664 3039 iis,
696 2962 805 3039 quibus
835 2961 892 3022 alia
921 2963 1056 3039 place'nt,
1086 2963 1198 3040 quique
1225 2981 1383 3042 propterea

191 3074 279 3135 etiam
301 3073 433 3148 student,
455 3089 486 3134 et
507 3076 611 3135 eodem
632 3073 745 3150 impetn
766 3089 921 3149 conantur,
944 3089 976 3134 ut
998 3073 1103 3151 reliqui
1124 3089 1227 3136 contra
1247 3093 1285 3135 ex
1302 3075 1384 3150 ipso-

191 3203 254 3248 tum
285 3185 404 3264 ingenio
433 3185 547 3248 vivant.
588 3185 704 3246 Deinde
733 3185 872 3262 quoniam
903 3187 1060 3262 summum,
1088 3189 1170 3262 quod
1190 3187 1324 3248 homines
1347 3206 1385 3248 ex

190 3296 297 3358 affedlu
327 3312 488 3373 appetunt,
516 3298 626 3358 bonum
655 3298 731 3372 saepe
760 3299 819 3358 tale
848 3297 905 3374 est,
926 3313 961 3358 ut
981 3317 1058 3359 unus
1079 3313 1192 3360 tantum
1213 3299 1277 3374 ejus
1297 3301 1384 3376 polin

191 3408 247 3468 elle
275 3427 415 3483 compos,
443 3409 512 3468 hinc
540 3409 591 3482 fit,
619 3424 652 3470 ut
681 3409 733 3484 qni
761 3424 874 3483 amant,
902 3425 999 3469 mente
1021 3409 1073 3470 nbi
1095 3429 1155 3471 non
1176 3409 1330 3486 constent,
1352 3429 1383 3472 et

191 3522 260 3580 dum
287 3521 388 3580 laudes
416 3520 473 3594 rei,
502 3539 587 3597 quam
616 3536 729 3595 amant,
759 3539 870 3582 narrare
898 3523 1044 3601 gaudent,
1066 3521 1188 3582 timeant
1209 3524 1298 3583 credi.
1340 3525 1382 3584 At

192 3631 243 3707 qui
271 3632 401 3708 reliquos
422 3647 547 3692 conatur
567 3631 697 3694 Ratione
718 3635 842 3708 ducere,
863 3652 922 3694 non
944 3632 1076 3710 impetu,
1098 3633 1146 3694 sed
1167 3634 1331 3696 humaniter
1353 3651 1382 3696 et

191 3742 318 3820 benigne
346 3743 422 3821 agit,
451 3759 482 3803 et
510 3743 561 3804 srbi
592 3761 689 3804 mente
710 3745 834 3806 manime
855 3745 978 3806 constat.
1020 3746 1113 3807 Porro
1135 3745 1275 3823 quicquid
1298 3749 1382 3824 cupi—

192 3871 255 3913 mus
277 3870 307 3913 et
328 3854 457 3931 agimus,
479 3854 563 3932 cnjus
585 3856 670 3916 causa
690 3857 705 3890 *
726 3856 841 3934 sumus,
863 3871 1009 3934 quatenus
1029 3856 1087 3917 Dei
1107 3856 1248 3919 habentus
1270 3854 1409 3935 ideam,'

191 3964 251 4026 sive
273 3979 420 4040 quatenus
440 3967 536 4027 Deum
558 3967 778 4045 cognoscimus,
799 3971 836 4029 ad
856 3970 1032 4044 Religionem
1053 3970 1158 4030 refero.
1180 3970 1382 4046 Cupiditatem

192 4090 289 4137 autem
310 4078 385 4136 bene
407 4077 550 4153 faciendi,
568 4097 633 4154 quae
655 4098 692 4139 ex
714 4097 751 4140 eo
773 4079 975 4160 ingeneratur,
988 4083 1069 4158 qnod
1081 4099 1118 4142 ex
1130 4082 1271 4143 Rationis
1293 4086 1383 4146 duilu

225 4301 238 4329 ⁸
273 4299 320 4349 Ed.
337 4301 394 4350 Pnt
411 4300 482 4366 cujus
499 4300 588 4364 causi.
