2934 4900
205 340 262 411 302
561 323 802 391 Tractatus
841 320 1029 389 Politici

204 526 277 571 turae
298 508 369 585 sint,
391 522 424 568 ut
445 505 549 569 violari
571 520 735 583 nequeant,
757 504 808 566 nist
829 503 911 564 simul
931 501 1073 565 Civitatis
1094 504 1186 562 robur
1202 500 1401 573 debilitetur,

204 620 262 679 hoc
293 618 333 679 est
368 617 419 679 nist
439 616 519 678 final
547 618 752 693 plerorumque
773 615 882 679 civium
903 612 1066 675 communis
1087 629 1183 673 metus
1204 611 1235 672 in
1256 610 1401 689 indigna-

204 730 314 791 tionem
346 746 491 805 vertatur‚
522 747 559 789 eo
591 728 655 805 ipso
686 728 802 791 Civitas
830 726 1012 802 dissolvitur,
1040 741 1069 785 et
1096 725 1263 787 contradus
1286 721 1399 796 eesiat3

204 841 255 918 qui
275 856 431 918 propterea
451 860 511 903 non
531 843 601 922 Jure
623 839 717 917 civili,
740 841 789 901 sed
810 842 879 920 Jure
900 838 969 900 belli
991 837 1168 902 vindicatur.
1190 837 1293 911 Atque
1314 836 1399 895 adeo

205 953 247 1028 is,
274 953 325 1029 qui
353 953 503 1029 imperium
532 969 631 1028 tenet,
659 955 736 1014 nulla
764 952 851 1013 etiam
872 952 927 1013 alia
948 954 984 1012 de
1006 950 1092 1013 causa
1111 949 1201 1026 hujus
1222 950 1399 1010 contradus

205 1065 392 1127 conditiones
423 1066 534 1129 servare
566 1081 701 1142 tenetur,
732 1085 819 1142 quam
849 1065 940 1125 homo
962 1063 992 1124 in
1014 1064 1090 1125 statu
1116 1061 1258 1135 naturali,
1279 1080 1317 1123 ne
1339 1060 1398 1121 fibi

204 1178 294 1239 hostis
315 1178 365 1255 fit,
386 1193 505 1240 tenetur
524 1196 645 1255 cavere,
666 1196 701 1239 ne
722 1179 752 1238 se
773 1176 867 1254 ipsum
888 1176 1059 1252 interficiat,
1081 1192 1115 1237 ut
1139 1176 1168 1235 in
1187 1177 1312 1250 praeced.
1323 1176 1399 1235 Art.

204 1291 339 1353 diximus.

667 1468 847 1530 CAPUT
888 1469 927 1529 V.

246 1628 274 1709 §.
294 1630 317 1689 l.
358 1629 391 1689 ln
412 1630 477 1690 Art.
502 1646 547 1689 11.
567 1628 641 1705 Cap.
663 1647 691 1689 2.
713 1629 908 1703 ostendimus,
935 1626 1083 1689 hominem
1111 1642 1175 1689 tum
1202 1625 1327 1686 maxime
1351 1626 1398 1687 sui

203 1740 277 1817 juris
304 1740 377 1817 else,
405 1744 524 1817 quando
553 1740 675 1801 maxime
704 1740 836 1801 Ratione
864 1740 997 1815 ducitur,
1024 1755 1055 1799 et
1076 1739 1293 1815 consequenter
1314 1738 1398 1815 (vid.

206 1854 277 1914 Art.
299 1868 327 1928 7.
350 1854 421 1931 Cap.
444 1854 486 1929 3.)
515 1851 675 1915 Civitatem
704 1852 780 1912 illam
808 1851 931 1911 maxime
952 1866 1123 1928 potentem,
1143 1850 1327 1926 maximeque
1350 1849 1397 1911 sui

203 1965 277 2041 juris
305 1964 375 2041 elle,
404 1984 469 2041 quae
497 1965 627 2026 Ratione
656 1966 796 2026 fundatur
823 1980 853 2025 et
876 1963 1019 2043 dirigitur.
1060 1964 1135 2025 Cum
1159 1979 1255 2024 autem
1277 1960 1397 2037 optima

206 2077 328 2139 vivendi
354 2077 430 2137 ratio
459 2080 495 2137 ad
523 2077 597 2151 sese,
625 2092 768 2153 quantum
795 2076 858 2137 fieti
886 2077 999 2153 potest,
1027 2076 1258 2138 conservandum
1284 2094 1318 2137 ea
1340 2075 1397 2152 stt,

207 2208 273 2265 quae
294 2207 331 2250 ex
352 2188 520 2264 praescripto
548 2186 688 2249 Rationis
716 2188 893 2264 instituitur,
916 2188 1062 2265 sequitur,
1083 2207 1153 2267 ergo
1175 2189 1205 2249 id
1227 2206 1314 2249 omne
1337 2207 1397 2264 op-

207 2302 308 2363 timum
329 2294 408 2377 elle,
423 2304 504 2378 quod
524 2302 614 2361 homo
636 2303 684 2363 vel
705 2300 821 2363 Civitas
843 2300 921 2379 agit,
942 2318 1089 2377 quatenus
1110 2300 1233 2362 maxime
1255 2298 1398 2375 suijuris

208 2414 257 2476 eli.
297 2415 372 2476 Nam
400 2432 460 2476 non
483 2412 512 2475 id
534 2430 639 2489 omne,
668 2415 750 2490 quod
767 2412 833 2489 jure
854 2411 916 2474 fieri
938 2413 1078 2488 dicimus,
1099 2412 1211 2490 optime
1232 2412 1295 2474 fieti
1315 2413 1397 2474 affir-

206 2545 331 2588 mamus:
364 2525 441 2587 aliud
473 2543 597 2602 namque
630 2524 670 2585 est
701 2544 799 2604 agrum
827 2524 893 2602 jure
925 2527 1038 2601 colere,
1059 2525 1138 2587 aliud
1158 2542 1258 2604 agrum
1278 2525 1396 2600 optime

207 2639 320 2715 colere3
347 2637 443 2712 aliud,
463 2637 597 2714 inquam,
617 2636 659 2696 est
680 2636 740 2698 sese
757 2636 826 2714 jure
844 2639 1018 2714 defendere,
1039 2637 1228 2714 conservare,
1245 2635 1395 2713 iudicium

206 2751 297 2826 serre,
318 2767 391 2827 ete,
412 2751 490 2812 aliud
512 2750 569 2812 sese
592 2750 704 2826 optime
726 2752 901 2826 defendere,
923 2751 1111 2826 conservare,
1132 2767 1223 2828 atque
1244 2749 1395 2826 optimum

202 2861 345 2938 judicium
373 2865 462 2940 fetre;
492 2881 521 2924 et
550 2864 765 2942 consequenter
792 2863 871 2926 aliud
899 2864 941 2924 est
958 2863 1023 2941 jure
1045 2865 1202 2940 imperare,
1223 2877 1254 2922 et
1276 2863 1395 2938 Reipu-

206 2974 289 3034 blicae
311 2994 406 3036 curam
427 2976 549 3050 habere,
570 2973 648 3036 aliud
671 2976 782 3051 optime
803 2975 960 3052 imperare,
981 2990 1010 3035 et
1032 2976 1256 3051 Rempublicam
1278 2973 1395 3050 optimc

206 3088 376 3164 gubernare.
416 3086 569 3164 Postquam
591 3087 691 3163 itaque
712 3086 833 3163 dejure
855 3087 1054 3165 cuiuscunque
1077 3087 1218 3150 Civitatis
1236 3088 1268 3148 in
1286 3105 1395 3165 genere

207 3199 332 3276 egimus,
352 3214 468 3275 tempus
490 3199 544 3274 est,
565 3214 598 3260 ut
621 3202 656 3261 de
679 3199 794 3276 optimo
817 3199 1017 3277 cujuscunque
1039 3200 1151 3276 imperii
1169 3199 1246 3261 statu
1264 3217 1395 3278 agamus.

246 3311 273 3391 §.
294 3312 331 3372 ll.
372 3313 474 3394 Qualis
503 3327 598 3372 autern
621 3311 822 3389 cujuscunque
843 3313 960 3390 imperii
981 3313 1015 3373 stt
1037 3313 1145 3390 status,
1166 3312 1253 3374 facile
1274 3330 1311 3371 ex
1333 3312 1394 3371 stne

203 3425 304 3487 Status
325 3425 429 3487 Civilis
450 3426 653 3504 cognoscitur:
686 3426 738 3503 qui
769 3426 879 3487 scilicet
910 3426 1008 3487 nullus
1039 3427 1113 3489 alius
1145 3426 1204 3501 est,
1224 3443 1310 3502 quarn
1333 3444 1395 3499 pax

204 3538 334 3615 vitaeque
366 3537 513 3600 securitas.
554 3541 600 3599 Ac
631 3539 755 3614 proinde
787 3538 858 3599 illud
889 3539 1041 3615 imperium
1073 3537 1217 3614 optimum
1247 3537 1308 3608 est,
1341 3537 1394 3596 ubi

206 3647 339 3708 homines
360 3649 546 3710 concorditer
568 3649 658 3712 vitam
679 3649 857 3728 tranfigunt,
876 3664 907 3709 et
924 3648 1009 3725 cujus
1024 3647 1090 3725 jura
1112 3648 1255 3711 inviolata
1274 3646 1394 3708 servan-

206 3776 263 3820 tur.
303 3761 378 3820 Nam
400 3776 510 3821 certum
533 3761 588 3836 est,
610 3764 691 3836 quod
714 3761 896 3836 seditiones,
916 3763 1008 3837 bella,
1029 3763 1184 3840 legumque
1205 3761 1393 3834 contemptio

205 3870 264 3933 save
297 3871 439 3948 violatio,
471 3891 530 3933 non
564 3890 620 3932 tam
652 3872 836 3935 subditorum
868 3873 1004 3948 malitiae,
1035 3893 1121 3950 quam
1152 3891 1247 3947 prttvo
1277 3871 1394 3946 imperii

205 3984 292 4044 statui
325 3985 493 4060 imputanda
525 3984 601 4047 solat.
642 3985 785 4046 Homines
817 3986 892 4046 cnim
924 3985 1026 4048 civiles
1057 4005 1118 4046 non
1146 3986 1314 4060 nascuntur,
1341 3983 1393 4044 sed

206 4096 290 4154 stunt.
332 4097 490 4157 Hominum
520 4111 656 4172 praterea
684 4098 833 4158 naturales
861 4097 983 4159 affeetu
1010 4097 1120 4174 ubique
1148 4097 1237 4158 iidem
1265 4093 1393 4172 sunt3fi

206 4207 306 4282 itaque
328 4209 357 4268 in
379 4228 436 4269 una
458 4209 588 4271 Ciuitate
617 4209 726 4269 malitia
754 4209 845 4287 magis
867 4225 985 4288 regnat,
1005 4211 1146 4285 pluraque
1166 4225 1289 4285 peecata
1310 4227 1392 4268 com-

206 4317 379 4393 mittuntur,
411 4339 496 4394 quam
529 4320 558 4380 in
591 4320 663 4394 alia,
694 4335 805 4380 eertum
833 4321 890 4396 est,
918 4319 947 4381 id
974 4339 1012 4380 ex
1040 4339 1077 4380 eo
1107 4319 1192 4398 oriri,
1220 4323 1303 4396 quod
1324 4321 1393 4382 talis
1443 4404 1444 4415 ἵ
