2934 4900
248 346 312 409 290.
608 328 847 395 Tractatus
887 325 1074 393 Politicr

251 526 289 567 ex
309 508 455 569 communi
476 507 619 569 consensu
638 508 744 583 habet,
764 526 868 585 nempe
886 508 951 585 jura
972 509 1134 583 statuendi,
1154 508 1385 584 interpretandi,
1403 524 1429 565 et

251 618 402 696 abolendi,
433 622 518 681 urbes
540 619 708 696 muniendi,
730 621 866 680 debello
896 636 926 680 et
948 638 1020 695 pace
1041 620 1232 697 decernendi,
1253 636 1313 681 etc.
1346 620 1430 701 Quod

249 730 269 789 sr
291 730 353 791 haec
381 750 449 792 cura
477 734 514 794 ad
541 731 707 793 Concilium
728 732 892 808 pertineat,
912 735 994 809 quod
1015 750 1052 793 er
1074 734 1222 794 communi
1247 730 1430 793 multitudine

250 844 452 921 componitur,
480 860 541 907 tum
570 846 724 921 Imperium
745 846 932 907 Democratia
953 845 1171 922 appellatur3sr
1194 860 1291 907 autem
1310 862 1352 905 ex
1372 844 1430 920 qui·

248 955 367 1016 busdam
388 972 502 1019 tantum
523 956 651 1031 feteam,
670 956 879 1033 Aristocratia‚
901 974 931 1019 et
952 957 973 1017 sr
995 958 1122 1034 denique
1143 956 1330 1034 Reipublicae
1353 974 1431 1027 cura,

249 1082 279 1127 ct
291 1068 503 1145 consequenter
519 1069 687 1145 Imperium,
705 1089 796 1146 penes
815 1089 903 1131 unum
921 1070 973 1144 sit,
989 1086 1051 1132 tum
1071 1070 1244 1132 Monarchia
1262 1071 1431 1145 appellatur.

289 1178 316 1260 §.
336 1180 445 1241 XVIII.
487 1181 533 1241 Ex
561 1181 622 1257 his,
649 1200 715 1258 quae
744 1180 774 1242 in
801 1182 859 1243 hoc
888 1182 996 1257 Capite
1024 1182 1219 1257 ostendimus,
1250 1180 1430 1257 perspicuum

247 1294 333 1355 nobis
361 1295 410 1369 fit,
438 1294 467 1355 in
496 1295 572 1356 statu
592 1295 716 1356 naturali
737 1313 798 1357 non
820 1294 881 1357 dari
902 1309 1075 1371 peccatum
1096 1297 1163 1370 vel,
1181 1294 1203 1355 st
1224 1293 1292 1370 quis
1311 1310 1431 1371 peccat,

248 1405 273 1465 is
300 1405 368 1482 fibi,
395 1424 454 1467 non
483 1406 565 1467 alteri
593 1422 713 1483 peccat:
736 1406 975 1484 quandoquidem
996 1426 1082 1469 nemo
1103 1408 1173 1487 Jure
1193 1408 1315 1469 Naturae
1337 1406 1430 1478 alteri,

247 1518 298 1579 nist
330 1518 417 1595 velit,
449 1537 556 1581 morem
587 1538 684 1599 gerere
716 1536 851 1595 tenetur,
882 1538 937 1581 nec
969 1519 1081 1596 aliquid
1111 1522 1223 1580 bonum
1249 1534 1302 1580 aut
1331 1520 1429 1579 malum

246 1628 368 1703 habere,
390 1628 440 1689 nisi
462 1631 543 1705 quod
565 1628 625 1705 ipse
649 1648 685 1689 ex
706 1629 759 1690 sno
780 1629 899 1708 ingenio
927 1632 1038 1691 bonum
1060 1644 1111 1689 aut
1132 1629 1237 1689 malum
1258 1626 1316 1688 esse
1338 1631 1429 1689 decer-

247 1740 305 1815 nit;
327 1757 357 1801 et
377 1740 448 1801 nihil
470 1742 601 1804 absolute
622 1744 744 1803 Naturae
765 1743 834 1822 Jure
856 1740 1044 1818 prohibetur,
1062 1740 1113 1801 nifi
1131 1743 1214 1817 quod
1232 1758 1320 1801 nemo
1339 1739 1430 1816 potest

247 1852 322 1929 (vid.
344 1853 414 1913 Art.
436 1864 464 1928 5.
485 1867 513 1915 er
534 1854 561 1913 8.
582 1853 668 1930 liujus
697 1853 795 1933 Cap).
836 1854 880 1913 At
909 1868 1063 1929 peccatum
1092 1850 1169 1913 astio
1197 1851 1255 1925 est,
1283 1870 1352 1928 quae
1370 1851 1428 1927 jure

245 1963 307 2023 sieri
327 1963 440 2039 nequit.
461 1963 728 2045 Quodsrhomines
749 1983 787 2025 ex
807 1966 929 2025 Naturae
952 1961 1087 2025 instituto
1109 1979 1282 2023 tenerentur
1302 1962 1427 2023 Ratione

246 2074 330 2151 duci,
351 2090 412 2136 tum
434 2094 535 2137 omnes
556 2075 712 2137 necessario
734 2076 866 2137 Ratione
890 2079 1075 2138 ducerentur.
1115 2078 1192 2137 Nam
1212 2077 1337 2137 Naturae
1356 2073 1427 2135 insti-

246 2202 310 2249 tuta
337 2186 394 2249 Dei
420 2186 554 2249 instituta
581 2187 648 2250 sunt
678 2189 749 2268 (per
770 2188 841 2249 Art.
863 2206 892 2249 a.
913 2202 942 2248 er
964 2204 991 2265 3.
1013 2186 1101 2263 hujus
1124 2188 1227 2267 Cap),
1257 2205 1323 2264 qnae
1352 2189 1427 2247 Deus

247 2302 361 2376 eadem,
381 2319 438 2377 qua
458 2300 571 2375 existit,
590 2300 725 2362 libertate
747 2299 888 2377 instituit,
906 2318 1031 2377 quaeque
1049 2302 1123 2361 adeo
1141 2318 1179 2360 ex
1197 2315 1307 2361 reatinae
1325 2298 1426 2361 divine

246 2414 410 2475 necessitate
439 2412 659 2491 consequuntur
688 2414 770 2492 (vide
790 2413 861 2475 Art.
883 2428 912 2489 7.
932 2411 1021 2489 liujus
1042 2413 1148 2492 Cap),
1167 2428 1198 2474 et
1219 2412 1427 2489 consequenter

247 2543 353 2587 aeterna
384 2527 468 2602 sunt,
499 2545 552 2588 aec
585 2525 689 2588 violari
721 2524 850 2602 possunt.
891 2527 949 2586 Sed
979 2524 1113 2585 homines
1142 2523 1265 2584 maxime
1285 2522 1425 2600 Appetitu

246 2637 304 2698 stne
325 2637 455 2698 Ratione
484 2639 650 2712 ducuntur,
677 2655 731 2697 nec
759 2653 857 2698 tamen
877 2639 999 2698 Naturae
1021 2636 1152 2697 ordinem
1173 2637 1363 2712 perturbant,
1382 2634 1425 2692 sed

246 2746 402 2809 necessario
434 2749 611 2825 sequuntur;
641 2767 674 2810 ac
706 2748 831 2825 proinde
862 2748 979 2827 ignarus
1011 2765 1041 2809 et
1072 2746 1170 2809 animo
1201 2747 1351 2823 impotens
1370 2763 1424 2805 non

247 2859 336 2938 magis
354 2877 391 2918 ex
411 2861 533 2921 Naturae
553 2859 623 2941 Jure
645 2875 763 2922 tenetur
783 2862 875 2923 vitam
896 2860 1042 2937 sapienter
1062 2859 1229 2936 instituere,
1249 2877 1337 2936 quam
1357 2875 1425 2936 ager

246 2986 364 3032 tenetur
384 2970 453 3032 sano
474 2970 608 3048 Corpore
630 2971 694 3032 esse.

288 3081 315 3162 §.
335 3083 414 3144 XIX.
455 3083 611 3144 Peccatum
632 3083 732 3160 itaque
754 3101 815 3144 non
836 3081 888 3144 nist
909 3083 939 3143 in
962 3083 1086 3160 Imperio
1107 3082 1227 3158 concipi
1247 3082 1362 3158 potest,
1381 3077 1427 3140 ubi

248 3193 373 3271 scilieet,
401 3194 473 3271 quid
503 3197 612 3256 bonum
634 3211 664 3256 et
686 3195 759 3272 quid
780 3197 884 3256 malum
906 3194 957 3273 fit,
978 3214 1017 3256 ex
1037 3195 1185 3256 communi
1205 3193 1303 3256 totius
1323 3191 1427 3269 imperii

243 3306 309 3383 jure
330 3307 509 3383 decernitur,
531 3323 561 3368 et
582 3307 632 3367 ubi
656 3325 742 3368 nemo
764 3307 836 3388 (per
848 3308 918 3368 Art.
933 3311 979 3369 16.
990 3307 1077 3384 drts'us
1088 3309 1175 3388 Cap.)
1193 3306 1260 3384 jure
1278 3308 1426 3384 quicquam

248 3417 326 3497 agit,
346 3417 397 3480 nist
419 3421 500 3496 quod
522 3436 558 3478 ex
580 3418 727 3478 communi
749 3421 868 3479 decreto
890 3421 939 3481 vel
960 3419 1104 3480 consensu
1124 3418 1194 3497 agit.
1234 3421 1271 3480 ld
1290 3419 1367 3479 mum
1387 3417 1426 3493 (ut

247 3535 279 3590 t‘n
302 3545 392 3610 prae.
419 3531 490 3592 Art.
518 3533 659 3610 diximus)
687 3547 840 3608 peccatum
869 3531 926 3607 est,
954 3535 1036 3609 quod
1059 3532 1126 3609 jure
1152 3531 1214 3592 sieri
1235 3531 1357 3608 aequit,
1374 3529 1426 3589 five

248 3645 329 3718 quod
353 3642 419 3719 jure
447 3641 636 3719 prohibetur;
664 3642 838 3720 obsequium
867 3659 965 3705 autem
997 3643 1038 3705 est
1068 3643 1204 3704 constans
1236 3644 1376 3704 voluntas
1400 3641 1426 3697 id

249 3755 428 3831 exequendi,
450 3757 531 3831 quod
548 3754 614 3832 jure
636 3757 747 3816 bonum
768 3755 823 3831 est,
843 3771 873 3816 et
894 3775 932 3816 ex
953 3756 1101 3817 communi
1122 3759 1242 3817 decreto
1263 3755 1426 3816 fieridebet.

289 3864 315 3945 §.
336 3865 400 3926 XX.
441 3866 574 3926 Solemus
595 3881 691 3927 tamen
712 3866 744 3926 id
765 3866 853 3927 etiam
875 3882 1027 3943 peccatum
1049 3867 1208 3943 appelare,
1229 3869 1310 3942 quod
1334 3879 1426 3925 eontra

250 3977 324 4038 sanae
355 3975 493 4038 Rationis
524 3977 665 4039 distamen
694 3979 744 4053 fit,
773 3988 805 4040 et
832 3979 1005 4055 obsequium
1037 3979 1218 4040 constantem
1250 3979 1425 4041 voluntatem

251 4089 418 4150 moderandi
439 4089 591 4165 appetitus
609 4109 646 4150 cx
665 4090 804 4152 Rationis
822 4091 1008 4169 prascript03
1026 4062 1109 4170 quod
1125 4091 1248 4152 omnino
1266 4094 1427 4167 probarem,

251 4201 270 4260 sr
292 4202 415 4261 hurnana
442 4200 560 4262 libertas
581 4203 610 4262 ia
632 4203 783 4280 appetitus
810 4203 946 4282 licentia,
972 4221 1003 4265 et
1023 4204 1148 4267 servitus
1169 4205 1199 4264 in
1222 4203 1362 4266 Rationis
1381 4203 1425 4260 int·

252 4311 335 4387 perio
357 4307 532 4370 consisteret.
562 4313 618 4372 Sed
640 4313 709 4389 quia
730 4314 854 4375 humana
875 4315 994 4376 libertas
1014 4335 1051 4376 eo
1072 4314 1165 4390 major
1185 4313 1244 4390 est,
1263 4332 1326 4390 quo
1347 4315 1425 4374 nomo
