2934 4900
228 342 284 417 318
583 338 820 402 Tractatus
862 339 1051 400 Politici

226 514 374 591 piscendi:
406 534 471 577 narn
492 516 582 595 gloria
604 517 727 578 maxime
749 518 884 579 ducimur
905 536 1023 594 omnes,
1044 532 1079 577 ιιι
1100 517 1130 578 in
1152 516 1246 578 nostra
1266 518 1387 579 Ethica
1408 520 1422 551 ⁸

227 626 288 687 fuse
311 628 498 691 ostendimus.

267 739 293 820 §.
314 742 380 802 Vis.
406 740 485 822 Quin
507 740 609 817 majori
629 740 718 817 htrjus
740 740 867 801 Concilii
889 740 965 818 parri
985 759 1134 818 nunquam
1155 741 1267 803 animus
1289 740 1421 819 gerendi

225 854 330 915 bellurn
368 853 418 915 sed
452 872 585 933 magnum
620 854 702 931 pacis
734 854 858 914 studium
891 869 920 915 et
953 872 1033 914 arnor
1062 854 1172 931 semper
1206 856 1327 916 futurus
1368 853 1421 925 su,

226 966 352 1027 dubitari
382 984 441 1026 non
472 967 578 1044 potest.
619 969 712 1043 Nam,
743 982 936 1043 praeterquam
968 969 1050 1043 quod
1070 985 1108 1027 ex
1130 968 1208 1027 bello
1231 966 1300 1043 iphs
1320 966 1421 1026 timot

226 1078 336 1154 semper
366 1078 419 1139 erit
450 1080 527 1139 bona
560 1079 608 1140 sua
641 1097 706 1139 cunr
738 1079 874 1140 libertate
905 1078 1076 1155 amittendi,
1107 1080 1237 1155 accedit,
1266 1082 1356 1156 quod
1382 1081 1418 1137 ad

226 1192 331 1251 bellum
352 1190 424 1252 novi
445 1190 576 1266 sumptus
597 1191 798 1267 requirantur,
819 1208 895 1267 quos
916 1190 1102 1267 suppeditare
1122 1192 1246 1265 debent,
1264 1208 1298 1249 ac
1319 1188 1418 1249 etiam

225 1306 306 1379 quod
332 1301 460 1378 ipsorum
485 1302 568 1362 liberi
596 1318 625 1363 et
654 1302 772 1379 affines,
793 1304 871 1363 curis
892 1302 1057 1364 domesticis
1078 1302 1202 1377 intenti,
1223 1302 1353 1363 studium
1378 1303 1418 1360 ad

225 1434 299 1475 arma
320 1415 349 1475 in
370 1416 447 1477 bello
469 1415 613 1491 applicare
635 1430 665 1475 et
687 1415 842 1476 militatum
864 1416 905 1477 ire
925 1431 1084 1495 cogentur;
1103 1418 1181 1476 unde
1202 1418 1313 1476 donum
1335 1414 1416 1474 nihii

224 1538 328 1605 pr'aeter
357 1527 498 1607 gratuitas
526 1527 676 1589 cicatrices
707 1529 813 1588 referre
845 1544 994 1604 poterunt.
1035 1530 1126 1602 Nam,
1148 1527 1193 1588 uti
1213 1528 1279 1587 Art.
1304 1543 1354 1603 31.
1381 1528 1414 1559 **

224 1643 347 1716 praeced.
368 1640 441 1717 Cap.
462 1639 605 1715 diximus,
626 1639 736 1701 miliriae
758 1640 899 1716 stipendia
922 1642 1000 1700 nulla
1021 1639 1159 1703 solvenda
1171 1685 1181 1715 ,
1202 1656 1250 1716 et,
1270 1642 1337 1700 Art.
1367 1656 1415 1697 rr.

224 1750 350 1827 ejusdem
373 1750 462 1827 Cap,
483 1751 543 1827 ipsa
565 1750 691 1811 exsulis
713 1752 848 1828 civibus,
868 1768 899 1812 et
920 1771 957 1812 ex
979 1752 1065 1814 nullis
1086 1752 1150 1812 aliis
1171 1753 1331 1812 formanda.

264 1864 291 1944 §.
311 1865 393 1923 Vlll.
433 1865 482 1924 Ad
512 1881 613 1940 pacem
645 1880 675 1925 ct
707 1864 895 1925 concordiam
927 1864 1005 1925 aliud
1037 1878 1193 1939 praeterea,
1214 1864 1413 1939 quodetiam

225 1976 319 2054 magni
350 1974 390 2035 est
420 1974 577 2051 momenti,
609 1976 738 2051 accedit;
770 1994 874 2052 nempe
906 1978 988 2053 quod
1018 1978 1116 2037 nullus
1147 1975 1221 2039 civis
1248 1977 1327 2035 bona
1350 1977 1412 2036 fixa

223 2090 329 2149 habeat
358 2088 432 2165 (vid.
454 2087 523 2147 Art.
549 2104 594 2147 12.
611 2090 733 2166 praeeat
763 2090 860 2167 Cap).
902 2090 992 2149 Unde
1020 2088 1156 2149 omnibus
1183 2106 1220 2147 cx
1249 2087 1328 2147 beilo
1357 2104 1413 2162 par

224 2200 436 2276 propemodum
458 2200 617 2276 periculum
635 2200 689 2260 est:
708 2219 773 2261 narn
794 2218 896 2261 omnes
916 2200 989 2261 lucri
1009 2200 1093 2261 causa
1114 2214 1303 2259 mercaturam
1324 2215 1410 2257 exer·

224 2331 305 2386 cete,
327 2313 374 2374 vel
396 2326 545 2389 argentum
575 2311 654 2373 suum
677 2312 802 2375 invicem
824 2316 956 2389 credere,
977 2311 1015 2386 sr,
1035 2327 1069 2372 ut
1091 2310 1160 2371 oiim
1181 2313 1218 2371 ab
1240 2309 1411 2369 Athenien·

224 2423 314 2501 sibus,
334 2424 382 2485 lex
402 2425 460 2485 lata
481 2424 530 2501 stt,
552 2442 609 2502 qua
630 2424 823 2502 prohibeatur
840 2424 999 2502 unicuique
1020 2440 1170 2504 argentum
1192 2423 1274 2485 suurn
1296 2424 1408 2483 soenerc

223 2537 286 2600 aliis
307 2555 392 2614 quam
421 2537 525 2598 incolis
553 2540 636 2612 dare;
658 2552 747 2614 atque
769 2539 843 2598 adeo
865 2537 985 2616 negotia
1006 2539 1126 2598 tradate
1147 2537 1317 2609 debebunt,
1339 2551 1407 2609 quae

223 2653 270 2714 vei
290 2650 414 2712 invicem
436 2649 571 2711 intricata
592 2649 745 2726 sunt,ch
766 2669 832 2726 quae
854 2653 953 2710 eadem
975 2649 1083 2725 media,
1104 2663 1138 2708 ut
1158 2662 1407 2723 promoveantur,

221 2763 388 2839 requirunr;
417 2777 505 2840 atque
534 2765 607 2823 adeo
636 2761 724 2838 hujus
753 2760 879 2822 Concilii
907 2761 1039 2821 maximae
1061 2759 1137 2836 parti
1158 2759 1233 2819 circa
1254 2777 1301 2819 res
1323 2777 1405 2818 com·

222 2893 323 2936 munes
350 2891 379 2936 ct
407 2877 487 2952 pacis
515 2891 591 2936 artes
620 2893 675 2934 urta
698 2876 868 2950 plerumque
890 2877 1050 2950 eademque
1070 2871 1126 2932 etit
1146 2889 1226 2932 mens
1233 2890 1242 2947 ;
1264 2889 1349 2947 nam,
1371 2887 1404 2931 tu

221 2989 287 3048 Art,
308 3007 336 3066 4.
361 2985 450 3063 hujus
477 2986 550 3062 Cap.
579 2986 726 3063 diximus,
758 2985 956 3063 unusquisque
986 2983 1106 3045 alterius
1136 2982 1249 3044 causam
1281 2998 1406 3043 eatenus

221 3098 369 3174 defendit,
390 3113 535 3176 quatenus
556 3117 592 3158 eo
615 3098 678 3174 ipso
700 3116 760 3159 rem
781 3097 859 3159 suam
881 3095 1005 3158 stabilire
1027 3095 1130 3158 credit.

261 3208 287 3289 §.
308 3210 359 3270 IX.
399 3211 489 3291 Quod
517 3227 603 3270 nemo
633 3228 759 3285 unquam
787 3210 817 3269 in
845 3209 970 3270 animum
999 3209 1136 3284 inducet,
1155 3205 1215 3266 hoc
1235 3205 1404 3267 Concilium

218 3323 385 3383 muneribus
405 3339 604 3398 corrumpere,
626 3322 754 3383 dubitari
777 3341 837 3383 non
859 3323 965 3399 potest.
1006 3322 1037 3382 Si
1059 3321 1134 3382 eninr
1156 3319 1263 3395 aliquis
1284 3337 1323 3378 ex
1344 3333 1403 3378 tarn

217 3453 321 3512 magno
343 3433 492 3495 hominum
521 3451 642 3494 numero
673 3452 762 3494 unum
785 3450 837 3496 aut
858 3436 979 3495 aiterum
1001 3433 1087 3493 adse
1108 3431 1221 3505 trahat,
1241 3429 1309 3490 sane
1331 3431 1402 3489 nihil

218 3545 421 3620 promovebit:
451 3563 532 3621 nam,
561 3545 605 3606 uti
632 3543 775 3625 diximus,
797 3545 957 3622 sententia,
979 3563 1044 3623 quae
1066 3547 1103 3605 ad
1124 3544 1262 3605 summum
1284 3559 1401 3602 centum

217 3659 253 3717 ad
274 3657 421 3717 minimum
442 3656 576 3735 suffragia
598 3673 658 3718 non
679 3657 832 3733 habuerit,
853 3657 932 3718 irrita
953 3656 1003 3718 esi.

257 3769 283 3850 §.
304 3769 340 3830 X.
380 3771 471 3851 Quod
503 3785 640 3844 praeterea
671 3768 760 3846 hujus
792 3768 919 3829 Concilii
951 3768 1037 3828 semei
1068 3766 1187 3828 stabiliti
1217 3767 1343 3826 membra
1365 3768 1401 3825 ad

217 3881 355 3942 minorem
377 3900 525 3944 numerum
546 3881 637 3961 redigi
659 3901 719 3942 ιιοιι
743 3896 903 3958 poterunt,
923 3881 1008 3942 facile
1030 3877 1400 3955 videbimus,srhominum

217 4012 385 4056 communes
406 3993 525 4056 affestus
547 3994 770 4056 consideremus.
801 3995 911 4054 Omnes
932 3993 1007 4053 enirn
1029 3993 1121 4071 gloria
1142 3991 1266 4052 maxime
1287 3993 1400 4052 ducun-

216 4119 278 4180 tur,
303 4121 332 4166 et
355 4107 451 4167 nullus
472 4106 527 4182 est,
549 4105 600 4183 qui
621 4104 691 4167 sano
713 4122 837 4182 corpote
859 4105 951 4183 vivit,
972 4105 1024 4182 qui
1045 4123 1106 4165 non
1128 4104 1223 4179 speret
1240 4101 1270 4163 in
1286 4105 1399 4181 longam

249 4275 262 4304 ⁸
296 4273 354 4324 Eth.
371 4274 418 4322 lli.
436 4287 486 4341 29,
503 4289 544 4336 30.
565 4275 614 4325 IV·
630 4275 671 4338 58.

248 4355 275 4388 ⁸⁸
310 4355 357 4405 Ed.
374 4357 431 4406 Pa:
449 4369 490 4416 so.
