2934 4900
553 326 768 385 Praefati0.
1196 340 1251 401 373

56 502 237 561 intelleiium
268 513 405 577 tanquam
437 513 546 558 nutura
577 512 742 578 corruptum
775 500 909 575 rejiciunt
940 515 967 560 et
997 503 1185 577 os’er'santur,
1205 502 1253 579 isli

54 613 212 692 profedo,
245 613 320 689 quod
347 612 545 691 iniquifflmum
575 610 612 688 est
623 657 633 686 ,
671 613 801 671 diuinum
832 614 922 671 lumen
952 612 1058 673 liabere
1087 615 1252 675 creduntur.

58 728 141 786 Sane
157 724 185 803 s
199 706 253 784 ¹uel
268 725 383 784 luminis
400 726 497 784 diuini
507 726 668 801 scintillam
686 738 798 784 tantum
815 722 967 800 leuberent,
985 744 1037 783 non
1056 738 1115 785 tam
1126 725 1252 804 superbe

57 841 248 916 insanirent,
273 838 332 914 sed
356 837 528 916 prudentius
559 836 651 896 Deum
681 838 768 894 colere
799 837 956 913 discerent,
988 850 1014 895 et
1042 851 1075 896 ut
1088 838 1153 912 jum
1174 838 1251 913 odio,

59 970 164 1011 amore
183 962 284 1009 contra
302 953 381 1008 inter
401 949 524 1025 reliquos
545 949 731 1019 excellerent,·
753 967 802 1007 nec
823 962 883 1007 tam
903 946 997 1024 hostili
1016 952 1109 1007 animo
1130 952 1253 1025 eos,qui

60 1082 126 1121 cum
146 1062 215 1141 ipfis
235 1080 290 1119 non
304 1059 452 1135 sentiunt,
469 1060 722 1139 persequerentur,
738 1060 796 1136 sed
813 1060 960 1118 eorundem
977 1064 1074 1139 potius
1096 1058 1251 1137 (squidem

63 1174 323 1253 ipsorum'suluti,
344 1186 372 1231 et
390 1191 445 1230 nou
459 1173 524 1247 sue
537 1170 668 1246 fortuna
690 1172 803 1249 timent)
824 1173 1038 1249 misererentur.
1080 1173 1250 1247 Praetereu,

57 1286 85 1363 fi
113 1288 207 1344 lumen
233 1285 353 1361 aliquod
376 1284 517 1343 Divinum
538 1281 694 1357 haberent,
714 1284 750 1343 id
760 1285 867 1360 saltem
887 1301 923 1341 est
943 1284 1073 1342 doiirina
1093 1284 1250 1362 constaret,-

55 1398 172 1474 fateor,
203 1416 246 1454 eos
277 1380 421 1471 nunquam
444 1396 526 1471 satis
557 1398 666 1454 mirari
691 1396 811 1474 potuisse
846 1394 1006 1474 Scriptura
1033 1395 1250 1475 profundifflmu

62 1512 215 1589 mysteria,
243 1523 386 1583 attamen,
408 1520 521 1586 preter
549 1507 793 1584 Aristotelicorum
820 1508 869 1565 uel
891 1508 1103 1566 Platonicorum
1116 1506 1248 1587 specula·

61 1628 173 1698 tiones,
192 1620 270 1681 uiti
288 1621 405 1698 docuiffe
424 1622 526 1691 uideo,·
546 1630 634 1696 atque
655 1617 719 1692 tus,
740 1638 774 1678 ne
795 1618 921 1680 Gentiles
936 1619 1049 1695 seriari
1069 1619 1249 1691 uiderentur,

62 1739 250 1814 Scripturam
269 1733 557 1793 accommodaverunt.
599 1733 667 1790 Non
682 1732 762 1807 sutis
783 1729 829 1789 lris
844 1728 925 1805 ficit,
954 1748 1013 1788 cum
1037 1730 1148 1789 Grecis
1168 1730 1248 1805 insu·

63 1852 146 1923 nire,
160 1847 220 1924 sed
236 1843 399 1923 Prophetas
419 1861 481 1903 cum
499 1845 600 1920 iisdem
620 1842 785 1920 delirauiffe
805 1844 973 1901 uoluerunt:
994 1843 1069 1919 quod
1080 1843 1155 1919 sane
1172 1842 1250 1901 clare

63 1958 200 2037 ostendit,
227 1977 271 2015 eos
297 1955 457 2035 Scriptura
485 1956 669 2014 diuinitatem
696 1974 746 2013 nec
768 1968 824 2033 per
844 1957 985 2030 somnium
1009 1954 1126 2025 uidere‚·
1148 1966 1249 2041 etqua

64 2068 214 2149 impensus
241 2066 301 2127 ltec
328 2068 459 2144 mysteria
482 2068 678 2141 admirantur,
700 2088 728 2126 eo
749 2070 842 2141 magis
862 2067 1017 2144 ostendunt,
1033 2069 1069 2143 se
1089 2066 1249 2145 Scriptura

65 2201 121 2240 non
141 2194 201 2240 tam
222 2181 336 2240 credere
357 2198 441 2256 quum
461 2180 617 2258 asentori,·
638 2181 714 2257 quod
731 2179 798 2239 hinc
818 2183 905 2259 etiam
920 2180 1103 2257 putet,quod
1115 2180 1249 2257 plerique

66 2309 212 2369 tamquam
232 2291 452 2367 fundamentum
472 2290 638 2371 supponunt
666 2292 723 2370 (ad
747 2294 861 2352 eandem
882 2292 995 2367 scilicet
1020 2291 1249 2366 intelligendum,

65 2408 181 2483 ejusque
207 2423 308 2464 uerum
328 2404 445 2483 sensum
472 2406 655 2485 eruendum),
682 2407 777 2485 ipsam
797 2405 901 2482 ubique
920 2420 1050 2464 veracem
1071 2414 1098 2461 et
1118 2402 1248 2462 diuinam

65 2520 135 2597 esse,·
155 2521 190 2578 id
206 2529 302 2597 nempe
320 2519 434 2597 ipsum,
459 2519 535 2594 quod
553 2538 589 2578 ex
609 2517 731 2593 ejusdem
750 2519 934 2578 intelleiiione
954 2531 981 2576 et
995 2518 1100 2593 seuero
1120 2519 1248 2574 examine

65 2633 172 2691 demum
192 2631 306 2690 deberet
325 2629 467 2707 constare:
495 2645 522 2690 et
543 2631 619 2707 quod
636 2649 672 2688 ex
691 2631 775 2709 ipsu,
796 2648 858 2706 qua
879 2627 1011 2688 leumanis
1028 2625 1174 2706 figmentis
1195 2631 1247 2686 mi-

64 2745 138 2801 nime
165 2742 294 2817 indiget,
324 2743 404 2815 longe
434 2741 532 2798 melius
562 2741 748 2815 edoceremur,
778 2743 809 2798 in
836 2743 931 2819 primo
958 2741 1054 2798 limine
1070 2751 1125 2817 pro
1147 2737 1247 2813 regula

65 2853 153 2932 ipsus
170 2856 421 2931 interpretationis
436 2850 578 2929 statuunt.

108 2965 177 3024 Cum
207 2964 267 3025 lter
296 2983 364 3038 ergo
395 2968 489 3024 animo
516 2966 741 3043 perpenderem,
765 2961 878 3038 scilicet
899 2965 1005 3023 Lumen
1025 2962 1174 3022 Naturale
1193 2981 1247 3020 non

69 3091 178 3136 tantum
208 3079 361 3151 contemni,
385 3078 443 3152 sed
459 3096 479 3135 u
499 3078 596 3136 nueltis
628 3090 765 3154 tanquam
785 3078 943 3154 impietatis
957 3075 1068 3150 sontem
1089 3075 1246 3146 damnari,-

68 3188 191 3248 ltamana
211 3189 311 3248 deinde
331 3201 482 3247 commenta
498 3201 555 3267 pro
575 3187 685 3246 diuinis
706 3188 875 3246 documentis
896 3184 1000 3245 haberi
1009 3209 1021 3256 ‚·
1051 3185 1247 3245 credulitatem

65 3301 146 3379 fidem
177 3299 334 3378 estimari5
365 3314 393 3359 et
423 3299 629 3376 controversas
657 3297 889 3378 philosophorum
924 3301 956 3355 in
992 3294 1115 3374 Ecclesu
1151 3307 1180 3354 et
1215 3299 1247 3355 in

71 3411 160 3469 Curia
173 3408 295 3485 summis
315 3412 474 3469 animorum
494 3409 614 3469 motibus
633 3413 762 3484 agitari,
783 3428 817 3468 uc
836 3409 901 3468 inde
914 3406 1069 3489 saeuifflmu
1085 3408 1247 3484 odiaatque

68 3521 188 3601 dissidia,
210 3520 311 3597 quibus
332 3519 454 3581 homines
468 3521 561 3598 sacile
580 3525 612 3580 in
626 3523 782 3598 seditiones
802 3520 1246 3598 vertuntur‚·plurimaqueulia,

70 3651 129 3711 que
158 3631 205 3692 hic
234 3651 366 3693 narrare
395 3637 480 3692 nimis
510 3635 623 3708 longum
636 3634 736 3709 soret,
755 3635 833 3691 oriri
852 3633 1128 3691 animate-ortensis:
1148 3632 1246 3690 Sedulo

3 3770 5 3779 <
64 3747 168 3824 statui,
188 3745 373 3824 Scripturam
394 3747 427 3805 de
446 3764 517 3805 nouo
536 3749 649 3820 integro
670 3759 697 3804 et
717 3745 806 3804 libero
827 3747 919 3804 animo
939 3747 1119 3819 examinare,
1134 3755 1162 3802 et
1171 3741 1250 3802 nilsil

69 3859 101 3915 de
118 3857 210 3915 eudem
229 3857 395 3932 affirmare,
417 3855 546 3934 niltilque
567 3870 704 3934 tanquam
726 3856 786 3931 ejus
807 3855 964 3914 dodrinam
984 3856 1152 3928 admittere,
1173 3855 1250 3931 quod

70 3971 216 4029 abeodem
235 3971 384 4049 clarifflme
403 3989 457 4029 non
477 3971 614 4030 edocerer.
636 3971 702 4029 Hac
721 3971 817 4044 igitur
838 3971 964 4026 cautione
976 3964 1143 4026 Methodum
1154 3967 1245 4026 Sacra

69 4084 207 4141 voleminu
224 4083 439 4160 interpretandi
455 4085 635 4158 concinnavi,
652 4095 680 4140 et
697 4080 752 4140 leae
768 4081 921 4160 instruitur
938 4083 1246 4158 quarereanteomnin

69 4197 171 4272 incepi,
198 4194 271 4270 quid
294 4193 358 4271 effet
378 4191 564 4272 Propltetiu?
584 4207 611 4252 et
632 4213 690 4271 qua
711 4197 823 4253 ratione
841 4195 921 4253 Deus
935 4195 1001 4270 sese
1022 4191 1176 4273 Prophetis
1198 4211 1242 4252 re·

3 4362 7 4380 ,
71 4306 230 4364 velaverit?
249 4317 277 4364 et
297 4323 349 4364 cur
370 4303 403 4364 tu·
421 4305 481 4366 Deo
500 4307 610 4384 accepti
622 4304 763 4381 suerint?
783 4323 848 4365 num
862 4305 975 4382 scilicet
992 4305 1248 4386 propterea,quod
