2934 4900
194 319 232 381 88
617 313 798 375 Euthicea
829 313 897 375 Paro
917 314 955 374 11.

193 513 252 572 pra
283 493 347 556 aliia
377 491 553 572 cognoscere
586 489 752 567 poffumua:
784 487 888 552 deinde
920 488 1034 551 causam
1064 489 1152 550 etiam
1182 489 1301 567 videre,
1328 507 1386 552 cur

194 605 282 668 nostri
303 603 445 682 Corporis
466 622 526 666 non
548 601 600 664 nist
621 603 779 664 admodum
806 600 957 664 confusam
985 601 1142 663 habeamur
1161 601 1386 682 cognitionem,

194 734 225 779 er
253 717 308 779 alia
336 717 437 794 plura,
462 733 529 793 que
556 713 587 776 in
616 711 808 790 sequentibus
833 731 870 774 ex
890 711 937 773 iria
957 714 1108 775 deducam.
1147 713 1216 796 Qua
1235 716 1273 776 de
1294 714 1385 776 causa

195 847 292 907 opere
309 828 433 906 pretium
451 826 506 889 eiie
523 825 612 902 duxi,
630 825 693 888 haec
712 825 775 902 ipsa
793 823 957 886 accuratius
971 824 1117 902 explicare
1128 839 1159 886 et
1169 825 1385 902 demonstrare,

194 945 230 1005 nd
252 941 334 1019 quod
354 937 463 1002 neceiie
484 938 544 1014 est,
564 954 657 1014 pauca
679 939 715 998 de
737 950 841 998 natura
862 953 1019 1014 corporum
1040 936 1228 1014 praemittere.

622 1097 781 1158 AXIO
802 1097 835 1158 Μ
857 1097 883 1158 A
927 1099 950 1158 Ι.

236 1211 340 1273 Omnia
361 1228 484 1287 corpora
504 1211 552 1273 vel
572 1223 728 1271 moventur
749 1210 797 1271 vel
817 1209 982 1286 quiescunt.

616 1370 645 1430 A
665 1369 693 1429 Χ
714 1370 728 1429 l
749 1371 776 1429 0
798 1370 833 1430 M
853 1369 882 1429 A
922 1369 960 1429 IL

235 1485 479 1562 Unumquodque
501 1499 609 1560 corpur
625 1481 685 1559 jam
707 1479 820 1544 tardius
838 1480 898 1559 jam
918 1479 1042 1542 celerius
1062 1496 1208 1544 movetur.

635 1636 707 1698 LE
729 1638 764 1697 M
785 1636 821 1697 M
841 1637 870 1697 A
910 1637 933 1699 1.

235 1756 365 1834 Corpora
392 1755 506 1813 ratione
532 1763 622 1811 motus
649 1763 677 1810 et
705 1752 828 1827 quietis,
856 1749 1014 1809 celeritatis
1034 1762 1063 1809 et
1084 1750 1256 1826 tarditatis,
1276 1761 1306 1808 et
1327 1769 1385 1808 non

194 1870 307 1927 ratione
321 1865 493 1944 substantia
512 1862 551 1923 ab
571 1865 692 1922 invicem
712 1862 940 1940 distinguuntur.

592 2022 987 2068 uamousrnarro

233 2119 354 2180 Primam
381 2133 492 2196 partem
519 2117 607 2196 hujus
635 2135 686 2195 per
714 2117 744 2178 se
773 2133 874 2180 notam
903 2118 1049 2195 supporto.
1090 2119 1133 2180 At
1157 2121 1241 2196 quod
1266 2120 1384 2182 ratione

196 2230 360 2293 substantie
388 2248 449 2291 non
477 2228 691 2309 distinguantur
719 2247 860 2306 corpora,
888 2245 972 2306 patet
991 2246 1051 2291 tam
1072 2248 1110 2293 ex
1130 2232 1220 2310 Prop.
1241 2242 1270 2306 5.
1293 2251 1382 2308 quam

195 2345 223 2404 8.
240 2358 272 2423 p.
297 2358 322 2404 r.
343 2344 402 2404 Sed
422 2341 526 2404 clarius
545 2361 583 2403 ea
605 2341 658 2414 iia.
680 2361 746 2419 quae
767 2341 798 2402 in
818 2341 1020 2422 tctot.1>r0p.
1044 2353 1089 2418 15.
1107 2356 1140 2423 p.
1154 2358 1180 2403 1.
1200 2341 1278 2406 dieta
1299 2343 1378 2404 sunt.

632 2503 704 2564 LE
725 2503 760 2563 M
780 2502 816 2563 M
836 2503 865 2563 A
906 2503 943 2563 11.

236 2618 340 2676 Omnia
359 2628 480 2695 corpora
500 2620 533 2676 in
553 2615 724 2694 quibusdam
744 2618 923 2676 eonveniunt.

596 2777 992 2823 uemouarnarto

235 2872 268 2931 ln
296 2870 342 2931 his
370 2870 446 2931 enim
474 2870 572 2932 omnia
600 2888 723 2947 corpora
752 2870 953 2948 conveniunt,
982 2872 1064 2948 quod
1085 2870 1172 2932 unius
1193 2870 1381 2948 ejusdemque

195 2982 329 3045 attributi
352 2996 529 3059 conceptum
551 2981 712 3045 inuoluunt
738 2981 811 3063 (per
830 2982 925 3062 Defin.
951 2997 976 3044 r.
997 2980 1105 3064 hujus).
1146 2982 1278 3059 Deinde,
1299 2986 1382 3061 quod

192 3094 251 3171 jana
269 3091 381 3155 tardiua
394 3092 454 3170 jam
473 3092 613 3171 celerius,
632 3107 662 3153 et
680 3092 813 3155 absolute
827 3092 887 3171 jam
905 3092 1017 3155 moveri
1024 3093 1085 3171 jam
1096 3093 1243 3172 quiescere
1253 3093 1383 3171 potsunt.

624 3251 696 3312 LE
717 3253 752 3312 M
774 3254 808 3313 M
829 3253 858 3313 A
899 3254 951 3314 111.

238 3362 348 3442 Corpus
379 3376 481 3423 motum
510 3363 560 3423 vel
588 3361 731 3441 quiescens
763 3364 806 3423 ad
832 3378 934 3424 ntorum
963 3366 1014 3425 vel
1040 3370 1161 3443 quietem
1192 3368 1386 3429 determinari

196 3474 293 3535 debuit
319 3474 357 3535 ab
383 3476 441 3535 alio
464 3489 596 3555 corpore,
618 3474 797 3553 quodetiam
817 3478 859 3537 ad
876 3490 979 3537 motum
1000 3480 1049 3539 vel
1066 3482 1187 3556 quietem
1207 3480 1383 3542 determina-

196 3600 256 3646 tum
269 3584 336 3662 suit
355 3587 393 3646 ab
414 3588 487 3663 alio,
508 3600 537 3646 et
555 3587 632 3647 illud
648 3590 755 3647 iterum
774 3587 813 3648 ab
833 3588 907 3665 alio,
928 3602 956 3648 et
971 3589 1013 3667 fic
1031 3594 1064 3648 in
1084 3590 1238 3671 infinitum.

597 3755 992 3801 unmousraarro

237 3849 369 3926 Corpora
390 3846 464 3929 (per
483 3850 577 3929 Defin.
592 3866 617 3911 1.
628 3848 728 3931 tusus)
748 3868 793 3911 ret
813 3850 969 3929 singulares
992 3849 1075 3928 sunt,
1092 3868 1159 3927 quae
1179 3849 1250 3933 (per
1265 3852 1385 3913 &mmo

200 3959 239 4041 1.)
269 3959 382 4021 ratione
413 3976 512 4022 motus
542 3976 572 4021 et
603 3960 713 4038 quietis
742 3964 779 4022 ab
811 3960 936 4024 inuicem
976 3960 1209 4041 distinguuntur3
1247 3966 1384 4041 adeoque

198 4074 271 4154 (per
291 4076 380 4154 Prop.
399 4076 447 4136 28.
454 4090 486 4155 p.
501 4074 540 4157 1.)
562 4078 795 4154 unumquodque
816 4079 853 4137 ad
873 4090 985 4138 motum
1006 4077 1056 4139 vei
1076 4076 1205 4153 quietem
1226 4076 1384 4139 neceiiario

198 4184 381 4247 determinari
409 4185 512 4248 debuit
540 4189 577 4247 ab
606 4186 660 4249 alia
686 4205 716 4248 re
737 4187 889 4267 iugulari,
908 4206 1010 4264 nempe
1031 4187 1104 4270 (per
1123 4190 1212 4267 Prop.
1230 4191 1261 4249 6.
1282 4187 1385 4272 liujus)

197 4296 234 4356 ab
265 4294 323 4357 aiio
355 4314 498 4374 corpore,
536 4300 618 4374 qood
649 4296 719 4379 (per
749 4298 865 4360 Axiam.
899 4295 941 4375 r.)
969 4298 1057 4361 etiam
1088 4299 1137 4361 vel
1165 4312 1304 4361 movetur
1333 4302 1385 4362 vel
