2934 4900
315 324 804 411 Theologico-Politici
844 325 1049 410 CaplsVlll.
1215 338 1271 412 591

97 529 152 588 pro
172 510 264 574 salute
285 510 386 587 patriae
408 508 480 571 nihil
499 510 578 572 aliud
599 508 714 587 secisse,
735 526 822 587 quem
837 508 889 587 jus
908 509 1031 590 legitimi
1052 510 1144 590 Regis
1155 510 1275 587 violare,

96 622 200 700 resque
226 640 327 686 omnes
354 622 385 683 in
412 620 542 699 pejorem
563 622 668 683 statum
689 637 809 684 murare.
849 622 929 701 Ergo
949 624 1084 701 gradum,
1106 622 1157 684 ubi
1175 622 1278 700 licuit,

96 752 236 799 revocare
267 732 419 810 decrevit,
449 752 502 795 nec
535 732 671 811 quievit,
701 736 797 795 donec
828 733 926 795 omnia
955 733 987 795 in
1016 734 1167 811 pristinum
1195 736 1278 797 suum

97 848 202 909 ilatum
231 847 386 910 restaurata
417 844 503 909 vidit.
543 846 587 905 llt
617 843 715 905 forsan
745 843 851 921 aliquis
870 845 1007 921 exemplo
1026 845 1132 922 populi
1151 846 1280 908 Romani

98 960 237 1037 objiciet,
268 960 410 1037 populum
441 956 526 1020 facile
558 954 637 1033 posse
668 970 824 1035 tyrannum
843 974 860 1017 e
881 956 979 1018 medio
1006 957 1125 1034 tollere;
1152 957 1202 1020 sed
1222 976 1279 1039 ego

98 1074 203 1135 eodem
223 1070 347 1133 nostram
368 1068 539 1132 sententiam
561 1068 682 1131 omnino
703 1067 866 1130 confirmari
886 1067 1031 1130 existimo.
1049 1070 1126 1129 Nam
1146 1070 1281 1148 quamvis

97 1185 228 1262 populus
255 1184 408 1244 Romanus
435 1182 523 1261 longe
550 1180 665 1241 facilius
694 1194 852 1257 tyrannum
872 1197 889 1239 e
910 1179 1007 1242 medio
1028 1181 1147 1258 tollere,
1167 1196 1198 1243 et
1219 1183 1280 1243 sor·

98 1316 172 1359 mam
202 1296 315 1374 imperii
345 1311 456 1358 mutare
488 1293 636 1371 potuerit,
668 1308 825 1373 propterea
856 1295 939 1371 quod
965 1293 1016 1371 jus
1042 1312 1137 1375 regem
1158 1295 1278 1374 ejusque

98 1408 288 1473 successorem
309 1408 435 1488 eligendi
456 1425 547 1483 penes
567 1406 661 1483 ipsum
682 1407 825 1484 populum
847 1422 923 1484 erat,
940 1422 970 1467 et
988 1411 1071 1485 quod
1087 1408 1149 1485 ipse
1159 1409 1281 1487 (utpote

98 1540 137 1583 en
157 1520 302 1583 seditiosis
322 1537 354 1582 et
373 1519 523 1601 flagitiosrs
544 1518 713 1581 hominibus
733 1519 894 1597 conflatus)
921 1522 1051 1581 nondum
1070 1520 1188 1601 regibus
1207 1522 1280 1582 ohe·

99 1635 161 1697 dire
182 1634 390 1710 consueverat;
411 1652 475 1695 nam
497 1652 534 1694 ex
555 1633 619 1709 sex,
641 1650 719 1711 quos
739 1648 825 1694 antea
846 1632 1001 1710 habuerat,
1011 1648 1071 1695 tres
1080 1634 1280 1712 interfecerat3

99 1764 197 1810 tamen
225 1746 297 1807 nihil
323 1746 402 1807 aliud
430 1743 518 1821 fecit,
546 1762 633 1822 quam
661 1746 729 1805 loco
758 1744 845 1805 unius
872 1744 970 1821 plures
996 1759 1139 1824 tyrannos
1159 1747 1282 1827 eligere,

99 1860 153 1937 qui
173 1857 266 1935 ipsum
287 1871 410 1919 entemo
432 1870 463 1916 et
483 1854 600 1918 interno
628 1854 707 1917 bello
732 1854 834 1917 misere
854 1856 1022 1919 confliuum
1040 1857 1152 1934 semper
1170 1858 1281 1921 hebue-

99 1986 186 2049 nrnt,
206 1973 301 2033 donec
330 1970 447 2031 tandem
475 1968 626 2044 imperium
653 1967 759 2031 iterum
779 1967 809 2029 in
830 1968 1031 2046 monarcham,
1058 1985 1173 2031 mutato
1193 1970 1280 2033 etiam

98 2097 232 2158 tentum,
262 2097 296 2142 ut
326 2080 356 2141 in
386 2078 511 2159 Anglia,
541 2078 679 2156 nomine,
710 2081 798 2141 ceffit.
838 2081 929 2163 Quod
959 2096 1057 2142 autem
1088 2084 1125 2143 ad
1156 2082 1281 2145 Ordines

98 2194 265 2255 Hollandiae
286 2190 410 2269 attinet,
430 2190 461 2252 hi
481 2210 647 2268 nunquam,
667 2194 749 2268 quod
771 2191 892 2270 scimus,
911 2193 1010 2271 Reges
1029 2193 1211 2272 habuerunt,
1230 2193 1282 2257 sed

98 2304 250 2381 Comites,
280 2304 310 2365 in
341 2322 419 2381 quos
449 2321 596 2381 nunquam
621 2302 672 2380 jus
699 2304 810 2381 imperii
837 2303 1004 2366 transsatum
1023 2305 1091 2368 sirit.
1130 2307 1227 2384 Nam,
1247 2320 1282 2370 ut

98 2416 153 2494 ipsr
179 2417 382 2494 Praeporentes
410 2415 535 2488 Ordines
563 2415 727 2480 Hollandiae
748 2416 780 2478 in
800 2416 987 2496 indedione,
1011 2434 1143 2497 tempore
1164 2420 1281 2484 comitis

97 2529 272 2609 Leycestriae
303 2530 339 2590 ab
371 2527 438 2606 ipss
468 2528 564 2608 edita,
594 2530 688 2605 palam
719 2527 849 2607 faciunt,
868 2529 921 2590 fibi
941 2529 1150 2594 authoritatem
1170 2532 1281 2610 semper

97 2640 319 2705 reservaverunt
340 2643 378 2702 ad
397 2637 513 2702 eosdem
535 2639 659 2700 comites
680 2639 723 2701 sui
744 2638 835 2702 officii
855 2645 1047 2719 monendum,
1061 2659 1091 2705 et
1105 2645 1280 2721 potestatem

97 2751 153 2813 srbi
173 2751 356 2812 retinuerunt
379 2753 416 2812 ad
435 2750 510 2812 hanc
531 2750 610 2812 suam
631 2750 839 2813 authoritatem
859 2767 890 2814 et
911 2753 1020 2817 civium
1046 2753 1209 2816 libertatem
1229 2758 1281 2818 de·

99 2865 294 2940 sendendum,
321 2862 439 2940 seseque
466 2863 502 2924 de
530 2861 647 2938 iisdem,
674 2860 694 2921 si
723 2862 753 2924 in
779 2877 921 2942 tyrannos
941 2866 1164 2943 degenerarent,
1184 2866 1282 2930 vindi·

98 2976 240 3050 candum,
268 2989 299 3035 et
327 2992 379 3036 eos
406 2973 448 3036 ita
468 2973 668 3051 retinendum,
690 2989 723 3036 ut
744 2973 833 3052 nihil,
854 2974 905 3036 nisi
926 2976 1158 3038 concedentibus
1177 2992 1209 3039 et
1229 2997 1282 3055 ap·

98 3086 293 3163 probantibus
324 3084 500 3163 Ordinibus,
532 3085 645 3148 efficere
676 3084 801 3163 possent.
841 3087 889 3148 Ex
919 3087 1028 3165 quibus
1058 3088 1203 3165 sequitur,
1230 3089 1281 3166 jus

98 3198 238 3276 supreme
259 3197 414 3275 majestatis
434 3197 544 3274 semper
564 3217 656 3276 penes
677 3197 803 3261 Ordines
823 3198 921 3275 fuisse,
942 3203 1024 3278 quod
1035 3201 1152 3278 quidem
1162 3201 1282 3264 ultimus

98 3309 209 3369 Comes
228 3324 354 3371 conatus
375 3309 416 3370 est
437 3308 591 3387 usurpare;
612 3327 701 3388 quare
721 3312 810 3391 longe
831 3311 927 3388 abest,
947 3314 1030 3389 quod
1050 3314 1086 3373 ab
1107 3331 1144 3376 eo
1164 3315 1280 3376 defece·

98 3421 249 3497 rint,cum
270 3419 418 3498 pristinum
438 3421 521 3484 suum
541 3421 692 3499 imperium
713 3441 797 3500 paene
814 3423 875 3502 jam
895 3423 1020 3486 amissum
1040 3425 1281 3490 restauraverunt.

98 3531 156 3592 His
186 3529 276 3611 igitur
305 3531 446 3609 exemplis
477 3531 525 3609 id,
555 3536 638 3610 quod
669 3533 815 3612 diximus,
835 3534 955 3598 omnino
977 3537 1179 3615 confirmatur,
1198 3541 1281 3615 quod

98 3640 211 3703 scilicet
241 3641 468 3720 uniuscujusque
499 3643 613 3719 imperii
644 3647 737 3706 forma
766 3646 924 3709 necessario
954 3647 1105 3710 retinenda
1135 3649 1196 3727 est,
1226 3669 1281 3711 nec

98 3752 208 3832 absque
229 3754 361 3831 periculo
382 3755 484 3817 totalis
504 3755 593 3832 ipfius
613 3757 703 3820 ruinae
724 3759 830 3821 murari
849 3759 961 3836 potest;
981 3775 1011 3821 er
1031 3761 1094 3822 haec
1114 3761 1195 3839 sunt,
1215 3779 1281 3839 qure

96 3863 148 3928 hic
168 3883 266 3942 operae
287 3865 413 3944 pretium
434 3882 536 3929 notare
558 3867 639 3932 duxi.
